2996 4598
180 497 183 504 Ι
228 439 351 516 ⁸crnnr
373 443 422 487 nr.
448 444 490 486 nr
513 437 763 490 rnnrtnlrronn
786 439 833 489 tn
849 437 1117 492 concionlnriurr.
1164 426 1204 490 41

171 554 205 611 et
218 541 368 612 timorem
383 541 514 612 Domini
548 545 709 614 accendit.
727 545 964 633 Quamobrem,
982 544 1097 626 fratres
1117 545 1206 632 mei,

171 649 229 742 qui
254 651 338 718 hanc
362 649 554 741 sapientiam
570 649 680 742 diligit
699 663 732 720 et
751 649 921 740 diligenter
939 651 1048 746 legem
1076 653 1209 746 implet,
1281 721 1285 728 ,

169 756 329 824 maximus
341 756 514 826 vocabitur
529 755 564 824 in
580 778 681 846 regno
691 756 864 836 coelorum,
876 771 909 826 et
919 759 1139 850 principatum
1149 763 1212 828 Ec·

170 859 276 930 clesiae
291 861 470 954 possidebit
484 875 516 931 et
531 862 679 954 praemia,
691 863 723 930 et
734 884 872 931 munera
884 864 1013 955 copiosa
1028 863 1161 956 recipiet
1175 866 1211 934 in

170 967 224 1037 die
239 968 416 1040 novissimo
428 973 453 1037 ¹.
470 997 487 1034 n

213 1079 281 1146 Nec
304 1075 455 1144 dissentit
475 1088 606 1144 sanctus
630 1079 773 1144 loannes
796 1077 1069 1166 chrysostomus,
1091 1077 1149 1170 qui
1167 1076 1213 1146 sic

169 1181 324 1251 omnibus
335 1180 507 1266 fidelibus,
520 1183 644 1274 quantd
660 1183 762 1271 magis
781 1195 891 1251 autem
907 1183 1210 1268 concionatoribus,
1281 1179 1284 1184 ’

167 1287 346 1357 lectionem
363 1311 462 1356 sacrae
483 1288 655 1380 Scripturae
674 1288 907 1359 commendat:
926 1319 946 1356 u
969 1293 1028 1358 Est
1043 1287 1212 1382 spirituale
1252 1375 1257 1382 ι

163 1409 323 1487 pratum,
338 1417 375 1463 ac
390 1393 578 1462 deliciarum
588 1381 758 1488 paradisus
773 1419 937 1465 sacrarum
949 1395 1048 1466 lectio
1061 1397 1211 1488 Scriptu·
1279 1411 1282 1416 '

169 1523 295 1586 rarum,
312 1513 344 1568 et
359 1497 524 1591 paradisus
535 1500 728 1571 deliciarum
739 1501 845 1572 multi)
855 1501 913 1572 illo
925 1502 1041 1571 melior
1049 1503 1209 1594 paradiso.

169 1610 270 1676 Hunc
280 1605 466 1698 paradisum
488 1629 556 1676 non
576 1609 612 1676 in
631 1610 734 1695 terri,
752 1609 858 1678 sedin
874 1608 1023 1679 fidelium
1039 1609 1212 1679 animabus

168 1711 331 1803 plantavit
351 1717 437 1793 Deus
457 1740 464 1782 ε
485 1713 576 1783 hunc
598 1713 787 1806 paradisum
802 1738 870 1785 non
888 1715 924 1784 in
942 1715 1058 1803 Eden‚
1081 1739 1144 1787 nee
1169 1716 1213 1786 ad

108 1851 109 1856 ¹
168 1819 338 1888 Orientem
362 1842 431 1888 uno
454 1819 738 1914 circumscriptum
759 1815 833 1890 loco
856 1823 981 1914 posuit,
1006 1823 1064 1893 sed
1086 1823 1212 1916 ubique

168 1931 332 1996 terraru'm
352 1927 524 2019 expandit,
547 1928 636 1998 etin
657 1929 738 1996 fines
759 1928 847 1999 orbis
867 1941 1028 1998 terrarum
1053 1929 1210 2018 extendit.

169 2039 279 2126 Atque
294 2046 334 2102 ut
348 2032 508 2124 intelligas
523 2033 559 2102 in
573 2035 762 2104 universum
779 2023 893 2104 orbem
913 2049 1072 2106 terrarum
1089 2059 1214 2128 expan-
1273 2039 1286 2072 ³

153 2163 218 2209 =sas
235 2163 304 2209 esse
329 2140 528 2231 Scripturas,
546 2139 625 2209 audi
637 2143 835 2234 Prophetam
856 2141 1019 2212 dicentem
1045 2171 1052 2212 ε
1072 2139 1122 2212 In
1137 2165 1214 2212 om-

169 2269 253 2316 nem
281 2259 419 2314 terram
440 2246 550 2335 crivit
576 2255 684 2316 sonus
711 2269 845 2333 eorum,
880 2260 915 2317 et
942 2249 979 2316 r'n
992 2250 1092 2342 fines
1114 2247 1213 2318 orbis

171 2365 276 2424 terroe
292 2349 407 2422 verba
431 2373 555 2422 corum
571 2357 596 2422 ².
622 2354 695 2424 Sive
711 2353 754 2423 ad
773 2357 872 2424 lndos
893 2368 926 2424 te
942 2353 1109 2441 conferas,
1131 2377 1215 2448 quos

169 2460 276 2530 oriens
292 2459 414 2552 primos
435 2459 484 2528 sol
496 2459 647 2552 respicit,
668 2459 734 2530 sive
750 2460 793 2529 ad
808 2452 977 2530 Oceanum
996 2475 1031 2530 te
1045 2459 1212 2550 conferas,

169 2567 236 2637 sive
251 2565 294 2636 ad
307 2565 509 2636 Britannicas
525 2564 596 2635 illas
608 2564 748 2652 insulas,
761 2567 828 2658 sive
844 2567 879 2636 in
889 2567 1055 2639 Euxinum
1068 2573 1220 2646 Pontum,

170 2673 324 2764 naviges3
343 2674 409 2741 sive
428 2671 471 2739 ad
496 2672 662 2742 Australes
688 2686 794 2763 partes
819 2674 933 2760 abeas,
959 2698 1073 2745 omnes
1087 2676 1214 2770 ubique

170 2779 283 2848 audies
305 2778 347 2847 de
363 2777 401 2846 iis
423 2801 499 2870 quac
514 2778 550 2845 in
571 2777 738 2868 Scripturai
752 2775 830 2846 sunt·
844 2779 1128 2870 philosophantes,
1151 2783 1214 2852 alia

170 2885 306 2979 quidem
320 2907 414 2970 voce,
428 2884 485 2953 sed
499 2907 568 2954 non
583 2882 645 2952 aliia
660 2882 746 2972 lide,
760 2907 797 2953 ac
806 2884 920 2976 lingui
929 2885 1064 2978 quidem
1073 2886 1211 2975 diversit,

169 2994 225 3062 sed
243 2991 530 3076 menteconsoni.
548 2993 631 3060 Nam
646 2988 768 3080 linguae
780 2990 920 3084 ,quidem
934 3013 1014 3060 sono
1034 2991 1212 3081 differunt,
1290 3072 1294 3077 ,
1320 3059 1323 3066 ,

148 3097 152 3100 ’
168 3097 336 3190 religionis
352 3111 463 3168 autem
479 3095 580 3167 modo
603 3121 671 3166 non
691 3096 851 3167 differunt
868 3128 876 3169 :
895 3113 928 3167 et
946 3097 1061 3191 lingui
1076 3100 1213 3193 quidem

168 3206 308 3274 barbare
322 3205 524 3299 loquuntur,
541 3203 599 3274 sed
612 3206 712 3274 animi
731 3229 828 3274 sensu
844 3206 1141 3299 philosophantur:
1159 3233 1213 3279 so·
1316 3295 1317 3298 Ἴ

168 3311 332 3384 loeeismos
345 3311 484 3382 *faciunt
517 3335 620 3398 sono,
645 3311 703 3381 sed
733 3313 889 3405 pietatem
912 3315 1059 3384 moribus
1084 3315 1210 3386 colunt.

169 3419 267 3491 Vides
283 3407 698 3512 'amplitudincmparadisi
713 3418 755 3488 ad
771 3420 851 3488 fines
874 3421 962 3490 orbis
978 3434 1139 3490 terrarum
1155 3447 1211 3492 ex-

170 3527 273 3595 tensi?
289 3527 351 3596 llic
372 3549 504 3618 serpens
519 3549 588 3595 non
608 3538 672 3610 cst,
691 3525 784 3624 locus
799 3539 848 3596 est
863 3528 882 3594 ὲ
897 3523 973 3595 seris
987 3527 1159 3615 immunis,
1175 3553 1212 3600 ac

172 3633 308 3724 Spiritris
322 3632 427 3702 sancti
439 3632 542 3724 gratiai
557 3631 718 3700 munitur.
741 3632 850 3701 Habet
865 3646 898 3702 et
916 3630 1042 3703 fontem
1057 3634 1111 3704 hic
1123 3658 1215 3728 para-

169 3737 568 3833 disus,quemadmodi1m
583 3735 651 3830 ille,
669 3735 796 3810 fontem
811 3762 850 3808 ex
863 3735 931 3832 q‘uo
949 3739 1120 3822 innumera
1135 3765 1212 3812 nas·
1266 3777 1270 3786 ·=
1314 3728 1321 3733 ’

203 3892 212 3921 ¹
228 3885 299 3952 Apud
309 3887 333 3936 S.
346 3887 444 3950 tugost.
455 3885 532 3936 Serm.
545 3898 648 3949 xxxviii,
657 3875 688 3934 ad
698 3881 786 3935 fratres
800 3883 824 3936 iu
836 3887 973 3936 brem-²
988 3883 1050 3938 Psal.
1061 3900 1132 3952 xrnr,
1141 3886 1167 3953 5,
1181 3894 1206 3938 et

171 3969 237 4022 bom.
252 3985 278 4036 x,
295 3970 336 4022 ιδ.
