2930 4582
310 385 373 442 att
464 395 643 444 nnnronrcl
667 399 695 446 s,
720 398 1036 472 elraum,rlns11,
1061 407 1145 452 sucu.
1171 411 1194 450 1.

305 500 399 591 cujus
422 519 490 566 non
516 495 591 566 talia
615 499 678 567 sint
697 499 799 568 initia.
827 505 933 570 Pauca
960 526 1001 571 ex
1022 503 1172 596 pluribus
1198 507 1341 600 exempla
1369 577 1374 586 ,

304 623 471 672 recensere
487 602 650 674 sufficiat:
1230 669 1233 674 ,
1249 641 1254 646 ·

349 735 366 774 u
390 707 549 777 Dominus
565 710 676 794 lesus,
693 707 818 801 inquit,
840 707 924 780 sicut
946 711 1129 783 audivimus
1150 715 1227 784 cum
1250 741 1340 788 sanc-

301 827 374 884 tum
398 811 616 903 Evangelium
638 811 814 903 legeretur,
840 812 970 908 aperuit
985 818 1097 889 oculos
1120 817 1262 892 hominis
1287 827 1341 916 qui

300 942 406 990 caecus
431 931 501 987 erat
523 931 631 987 natus.
654 922 800 1006 Fratres,
825 921 852 988 si
877 922 1085 994 attendamus
1105 928 1341 1000 haereditariam

300 1049 435 1120 poenam
466 1038 623 1111 nostram,
651 1039 739 1096 totus
766 1028 912 1099 mundus
939 1055 1043 1100 caecus
1068 1047 1126 1102 est.
1152 1034 1231 1104 ldeb
1253 1038 1340 1107 veuit

203 1163 207 1172 ¹
299 1132 448 1207 Christus
471 1131 692 1220 illuminator,
708 1135 785 1228 quia
798 1133 948 1208 diabolus
963 1139 1071 1208 fuerat
1086 1156 1265 1214 excaecator
1281 1148 1304 1214 ¹.
1322 1173 1336 1210 u

341 1243 386 1309 Et
401 1238 549 1312 iterum:

345 1373 363 1412 u
386 1345 582 1438 Apostolum
597 1343 797 1432 audivimus,
821 1347 897 1417 cum
911 1347 1093 1440 legeretur,
1113 1355 1339 1448 corripientem

237 1495 239 1500 ν
299 1466 333 1524 et
347 1459 551 1524 coercentem
567 1455 728 1524 humanas
743 1453 913 1544 libidines,
931 1473 965 1527 ct
976 1458 1139 1535 dicentem
1154 1494 1164 1558 ἵε
1182 1463 1339 1537 Nescitis

298 1563 387 1654 quia
410 1584 567 1653 corporo
590 1575 713 1630 nestra
736 1561 900 1632 membra
924 1564 1062 1637 Cltrtlstt'
1084 1566 1191 1640 sunt?
1216 1573 1339 1645 tollens

296 1668 382 1764 ergo
404 1663 569 1736 membra
599 1665 756 1752 Clrrr'stt',
773 1668 926 1764 fuctum
946 1673 1110 1744 membru
1130 1683 1334 1752 meretu‘et's.

296 1775 334 1847 A
337 1772 428 1842 bst't2
446 1825 453 1842 .
472 1777 617 1866 Corpora
631 1774 710 1865 ergb
725 1788 837 1844 nostra
852 1777 1001 1850 membra
1012 1782 1133 1852 Christi
1154 1809 1222 1856 esse
1234 1787 1314 1858 dixit
1328 1815 1335 1870 ;

295 1893 389 1951 ete...
408 1883 421 1922 ³
440 1895 468 1946 u
524 1931 526 1936 ·

250 2065 254 2072 ¹
337 1985 437 2070 Quod
452 1985 553 2055 etiam
564 2007 728 2078 usurpans
743 1978 994 2076 Chrysostomus
1010 2022 1017 2062 :

340 2123 358 2160 u
382 2092 546 2182 Audistis,
567 2095 692 2188 inquit,
716 2095 927 2187 apostolicam
943 2123 1076 2188 vocem,
1094 2105 1209 2176 tubam
1224 2109 1335 2180 coeles-

296 2213 381 2290 tem,
403 2197 509 2291 lyram
532 2199 756 2294 spiritualem?
775 2204 906 2272 Etenim
924 2210 1179 2300 tanqubmtuba
1194 2215 1336 2294 terribile

295 2305 416 2397 canens
428 2321 462 2377 et
473 2305 642 2395 bellicum,
660 2308 770 2378 hostes
788 2309 922 2402 quidem
935 2319 1138 2406 consternat,
1156 2321 1263 2415 lapsos
1280 2311 1336 2396 au-

189 2496 194 2500 ,
296 2431 361 2488 tem
377 2433 519 2486 suorum
529 2414 625 2506 erigit
640 2415 786 2501 animos,
800 2431 834 2486 et
849 2417 955 2488 multa
970 2421 1108 2514 implens
1122 2426 1242 2498 fiducia
1254 2495 1256 2499 Α
1266 2455 1334 2520 eos,

297 2523 353 2618 pti
372 2535 519 2591 mentem
541 2521 711 2608 adhibent,
730 2519 863 2599 diabolo
884 2527 1157 2620 inexpugnabiles
1166 2537 1292 2629 reddit,
1307 2555 1336 2610 et

295 2632 454 2723 tanquam
476 2625 547 2716 lyra
563 2625 695 2698 rursum
709 2626 815 2706 multat
838 2653 914 2699 cum
924 2634 1133 2726 jucunditate
1149 2640 1335 2733 delectans,

294 2725 514 2807 absurdarum
529 2733 662 2804 morbos
678 2732 915 2824 cogitationum
931 2741 1027 2833 sopit,
1047 2767 1084 2812 ac
1103 2746 1244 2821 multam
1264 2777 1338 2822 curn

296 2841 464 2935 voluptate
478 2838 573 2910 nobis
588 2839 686 2908 affert
700 2840 877 2910 utilitatem
894 2845 919 2912 ¹¹.
939 2871 956 2908 s
1244 2941 1247 2947 „

340 2955 381 3020 V.
408 2955 517 3018 Pauca
534 2947 632 3017 etiam
652 2947 694 3016 de
716 2969 930 3040 personarum
945 2953 1197 3032 circumstantiis
1214 2963 1339 3037 delibe-

296 3079 382 3128 mus.
411 3055 498 3126 cum
525 3066 635 3124 autem
664 3054 781 3147 triplex
809 3061 974 3130 numerari
1000 3067 1100 3155 possit
1125 3092 1338 3160 personarum

295 3183 418 3255 genus,
434 3155 555 3252 nempe
576 3156 629 3228 vel
648 3157 805 3248 dicentis,
818 3162 872 3233 vel
887 3166 1104 3258 audientium,
1118 3174 1172 3245 vel
1186 3178 1338 3251 adversa-

296 3271 439 3356 riorum,
451 3267 531 3337 hine
546 3265 677 3336 rursum
688 3270 816 3363 exurgit
830 3271 948 3366 triplex
969 3279 1091 3350 exordii
1106 3285 1241 3376 species,
1259 3314 1339 3384 quas

298 3375 389 3472 apud
399 3387 527 3447 sanctos
539 3379 694 3446 Doctores
709 3377 851 3470 reperire
862 3401 931 3454 non
946 3383 1097 3456 arduum.

342 3486 391 3552 1⁰.
418 3487 594 3571 Personam
607 3483 750 3552 Dicentis
764 3483 944 3578 aliquandb
958 3489 1058 3562 fuisse
1067 3501 1223 3587 prooemii
1239 3525 1338 3594 argu·

298 3602 448 3663 mentum
459 3587 662 3658 demonstrat
671 3585 727 3658 illa
737 3591 885 3682 Gregorii
893 3595 1086 3668 Nazianzeni
1099 3606 1215 3691 oratio,
1224 3631 1336 3700 quam,

297 3697 375 3770 clun
391 3696 410 3764 ὲ
426 3693 503 3785 lugd
518 3693 560 3763 ad
576 3691 808 3765 declinandum
828 3699 1051 3794 episcopatum
1066 3714 1216 3804 susceptat
1232 3716 1340 3786 rediis-

334 3853 343 3882 ¹
356 3847 381 3896 S.
393 3847 491 3918 August.
507 3845 583 3893 Setm.
598 3857 687 3905 cxxxv,
701 3861 726 3894 n.
740 3861 762 3896 ι.
779 3871 811 3882 -
825 3856 836 3883 ²
852 3864 861 3898 1
873 3852 931 3900 Cor.
945 3869 980 3914 vr,
999 3853 1071 3907 15.-
1088 3853 1133 3908 ³s.
1147 3863 1247 3927 August.
1259 3868 1336 3916 serm,

296 3945 360 3992 eutr,
374 3943 398 3976 n.
415 3942 438 3976 ι.
453 3949 484 3962 ·-
499 3922 512 3971 4
525 3927 549 3974 S.
567 3922 649 3991 Chrys.
662 3927 751 3977 Homil-
764 3947 783 3993 r,
799 3929 830 3979 ad
842 3933 950 3984 antioch.
963 3952 986 3985 n,
1006 3956 1027 3988 r.
