2982 4584
264 416 366 466 cml!
389 419 436 464 VI·
453 419 496 464 D!
510 417 669 462 ΜΙΤΕΟὩΟ
692 417 728 460 ll(
750 416 958 460 conctonnttts
981 412 1148 462 dnmm-
1176 401 1241 465 489

125 572 130 579 -
197 516 264 591 scd
285 543 382 606 eum,
400 519 461 614 cui
485 519 522 586 in
535 538 695 608 corpora
721 515 937 604 animasque
954 531 1098 586 nostras
1114 518 1239 614 juset

197 628 385 718 imperium
406 638 477 710 est,
489 619 765 722 formidantes¹
785 647 792 688 :
816 619 1013 710 praeclarum
1034 621 1237 714 depositum,

202 730 314 826 Quod
329 725 358 800 d
371 728 539 824 patribus
563 727 695 796 nostris
713 726 936 818 accepemus,
953 724 1246 835 custodientem,

195 838 367 907 adorantes
378 843 564 918 Patrem,et
574 829 748 916 Filium,et
760 831 918 922 Spiritum
928 834 1146 922 sanctum3in
1155 834 1239 904 Filio

196 949 343 1027 Patrem,
365 945 401 1009 in
418 941 541 1032 Spiritu
558 937 679 1024 Filium
698 951 957 1027 cognoscentes,
969 939 1005 1006 in
1021 963 1163 1032 quorum
1179 963 1240 1012 uo-

195 1050 283 1118 mine
306 1035 460 1138 baptismi
478 1045 563 1136 aqud
588 1043 681 1124 tincti
707 1066 836 1128 sumus,
859 1045 895 1112 in
911 1047 1237 1137 quos‘credidimum

194 1156 317 1248 quibus
332 1176 454 1242 nomen
470 1151 640 1235 dedimus,
658 1149 748 1242 prius
764 1149 819 1218 eos
832 1149 1027 1236 dividentes,
1045 1155 1144 1245 quam
1161 1178 1242 1224 cou-

190 1263 416 1361 junxerimus,
431 1259 585 1351 priusque
596 1259 853 1351 conjungentes,
871 1261 970 1353 quam
980 1259 1237 1349 distinxerimus,

195 1393 257 1437 nec
279 1369 339 1436 tria
356 1370 512 1460 tanquam
529 1369 634 1434 unum
659 1365 854 1458 accipientes
868 1397 877 1455 3
891 1370 1019 1460 (neque
1041 1369 1129 1438 enim
1152 1372 1240 1462 ejus-

89 1485 103 1505 '
195 1476 287 1545 modi
302 1489 379 1544 sunt
392 1478 462 1544 haec
480 1477 637 1560 nomina,
655 1489 763 1565 utper
778 1497 891 1544 senon
908 1476 1107 1559 subsistant,
1126 1492 1182 1546 aut
1198 1477 1240 1548 de

152 1595 154 1604 ’
197 1584 263 1651 und
285 1582 414 1651 tantum
434 1583 572 1674 persona
588 1581 828 1673 praedicentur,
849 1583 942 1674 quasi
970 1605 1048 1673 opes
1068 1597 1189 1652 nostrae
1205 1585 1241 1654 in

195 1687 405 1772 nominibus,
422 1701 616 1758 nouantem
632 1687 666 1755 iu
682 1687 781 1779 rebus
801 1687 871 1756 sitae
886 1689 950 1758 sint
962 1741 970 1770 ,
980 1693 994 1778 )
1004 1702 1039 1756 et
1058 1689 1120 1758 tria
1135 1714 1241 1759 unum

196 1816 264 1861 esse
281 1794 462 1862 credentes.
484 1797 593 1863 Unum
610 1793 803 1878 enimsunt,
815 1816 885 1862 non
896 1798 1059 1894 Personae,
1076 1795 1133 1863 sed
1150 1797 1241 1866 Divi-

195 1899 306 1968 nitatis
318 1900 455 1968 ratione.
474 1899 586 1967 Unitas
601 1898 636 1965 in
654 1897 811 1966 Trinitate
826 1897 981 1984 adorata,
997 1914 1031 1968 et
1048 1901 1188 1970 Trinitas
1203 1902 1239 1970 in

195 2004 362 2075 U'nitatem
385 2003 540 2089 collecta,
563 2017 632 2072 tota
648 2002 838 2090 adoranda,
862 2017 932 2073 tota
956 2005 1065 2095 regia,
1092 2008 1239 2099 ejusdem

97 2161 100 2165 -
194 2111 306 2181 throni
322 2125 355 2180 et
377 2110 503 2200 gloriae,
533 2111 660 2179 mundo
684 2109 871 2195 sublimior,
899 2125 1047 2202 tempore
1068 2114 1236 2204 superior,

194 2217 354 2296 increata,
380 2214 570 2298 invisibilis,
591 2217 698 2284 taetris
721 2229 755 2284 ct
774 2217 1074 2306 comprehensionis
1102 2241 1238 2309 expers,

194 2321 378 2391 secundum
394 2324 471 2390 verb
486 2320 655 2406 ordinem,
666 2320 733 2412 qui
748 2319 784 2388 in
798 2343 832 2389 se
852 2335 916 2406 est,
935 2322 997 2389 sibi
1014 2310 1073 2390 soli
1088 2325 1239 2413 cognita,

194 2429 290 2498 nobis
304 2443 414 2496 tamen
431 2450 470 2496 ex
484 2451 581 2520 aequo
598 2425 785 2496 veneranda
801 2440 835 2494 et
850 2426 1039 2513 adoranda,
1057 2427 1126 2498 sola
1141 2431 1239 2499 etiam

149 2569 152 2572 ·
194 2535 229 2604 in
241 2538 358 2604 Sancta
373 2548 561 2603 sanctorum
573 2547 760 2624 penetrans,
775 2555 825 2600 res
837 2545 947 2602 autem
965 2556 1077 2602 omnes
1093 2535 1241 2605 conditas

195 2639 274 2708 foris
290 2638 495 2731 relinquens,
512 2639 589 2706 alias
601 2640 707 2729 primo
721 2637 814 2720 velo,
830 2637 907 2706 alias
923 2641 1069 2710 secundo
1079 2639 1240 2712 interclu-

195 2769 245 2814 sas
266 2759 364 2836 atque
380 2745 557 2836 diremptas
574 2771 582 2813 e
602 2744 710 2835 primo
728 2743 902 2826 nimirum,
920 2745 1067 2814 coelestes
1084 2764 1236 2839 et-ange·

147 2837 149 2840 ⁵
184 2849 304 2935 ,licasa
319 2852 453 2937 Deitate,
465 2849 568 2920 altero
579 2850 670 2933 verb,
682 2863 832 2916 naturam
847 2863 990 2918 nostram
1004 2852 1022 2918 a
1034 2851 1234 2925 coelestibus.
1317 2875 1321 2880 ’

195 2961 296 3041 Haec,
315 2962 466 3043 Fratres,
495 2939 646 3048 agamus,
671 2957 735 3026 hoc
751 2955 861 3026 animo
882 2958 1002 3044 simus,
1020 2981 1160 3051 eosque,
1178 2963 1237 3052 qui

195 3062 288 3132 aliter
303 3064 470 3149 sentiunt,
484 3077 523 3132 ut
534 3055 678 3132 v'eritatis
693 3061 803 3131 labem
819 3075 852 3130 et
868 3062 1109 3154 corruptelam,
1124 3065 1236 3157 quoad

193 3168 329 3262 quidem
359 3168 491 3254 licebit,
519 3191 720 3238 assumamus
746 3183 846 3261 atque
873 3193 1047 3258 curemus,
1063 3171 1236 3242 incurabili

194 3291 303 3345 autem
320 3277 436 3345 morbo
450 3273 637 3344 laborantes
653 3297 840 3344 aversemur
859 3303 865 3343 :
884 3299 927 3342 ne
942 3276 1064 3368 alioqui
1082 3279 1233 3352 morbum

133 3412 138 3416 ·
194 3406 307 3452 eorum
325 3382 401 3452 aute
424 3381 655 3450 contrahamus
679 3381 778 3472 quam
805 3378 869 3446 illis
892 3382 1064 3450 sanitatem
1089 3397 1235 3476 nostram

193 3489 429 3580 impertiamus.
447 3493 513 3572 hc,
531 3484 632 3555 Deus
645 3486 791 3578 pact's3,
813 3484 918 3572 illius,
943 3487 1096 3580 inquam,
1122 3491 1232 3581 pacis,
1289 3553 1292 3556 .

200 3599 293 3694 Quuc
318 3593 536 3666 intellectum
554 3616 697 3664 omnem
714 3595 933 3695 exuperot4,
957 3596 1128 3666 nobiscum
1150 3599 1232 3685 erit,

178 3705 228 3772 in
244 3705 373 3773 Christo
383 3708 460 3772 lesu
476 3703 615 3772 Domino
630 3716 753 3772 nostro.
773 3707 878 3772 Amen
888 3707 913 3770 ⁵.
933 3729 948 3768 »
1209 3703 1214 3706 ’

135 3909 141 3914 ,
231 3856 241 3882 ¹*
253 3845 344 3895 Matth.
355 3863 381 3907 x,
392 3845 433 3894 ab.
448 3871 480 3882 —-
495 3856 505 3880 ²
522 3845 608 3897 a'lim.
623 3861 641 3910 r,
659 3844 699 3908 14.
710 3869 742 3882 -
757 3843 768 3882 ³
783 3849 935 3911 2Gor.xu1,
952 3864 991 3898 ιι.
1003 3871 1035 3884 -
1047 3823 1059 3893 l
1070 3859 1088 3910 2
1098 3847 1183 3914 Philip.
1197 3865 1233 3913 tv,
1287 3891 1289 3898 ,

195 3949 219 3998 7.
233 3955 264 3967 -·
278 3927 290 3965 ⁵
299 3931 323 3980 S.
337 3933 434 3993 Gregor.
451 3929 533 3980 Tlreol.
545 3933 612 3982 Orat.
627 3947 659 3994 m,
673 3946 697 3980 n.
712 3943 754 3996 ar,
767 3943 809 3980 aa.
