2984 4580
204 443 307 492 cisun
328 437 443 516 rupen
464 427 622 487 mursano
637 424 898 480 mcoscroursus
922 425 1088 474 sonions.
1116 409 1175 473 391

139 545 247 620 coelo:
265 563 325 614 nos
340 542 418 615 verb
434 537 568 635 jejuniis
590 532 694 618 aridi,
713 546 746 601 et
770 531 861 600 omni
895 529 1096 598 continentia
1124 549 1181 597 ex-

38 722 44 733 ,
139 653 260 748 pressi,
279 653 321 720 ab
338 648 428 719 omni
453 647 530 717 vitoe
548 640 643 731 tinge
657 635 771 724 dilati,
788 637 825 706 in
841 655 934 706 saeco
949 649 983 705 et
1000 635 1108 705 cinere
1123 653 1182 708 vo·

138 762 293 846 tutantes,
307 753 432 827 invidit
446 749 571 822 ooelunr
581 741 769 832 tundimus,
785 757 818 813 et
832 743 910 814 ebrn
925 740 1181 813 misericordium

139 863 384 948 extorserimus,
402 860 532 951 Jupiter
544 851 795 946 honoratur¹.n
965 917 981 924 ,,

167 973 405 1067 S.Gyprianus,
419 966 455 1034 in
464 965 549 1034 libro
559 962 600 1032 od
611 960 869 1045 Demetrianum,
882 952 1081 1027 diabolicum
1093 956 1181 1026 idem
1279 975 1281 982 ’

138 1073 367 1154 commentum
387 1081 533 1144 evertere
548 1071 675 1158 satagit.
689 1071 733 1137 Et
744 1063 880 1159 quidem
906 1065 983 1134 ante
998 1065 1109 1134 omnia
1125 1064 1184 1134 ad-

137 1189 273 1264 versarii
301 1194 533 1276 argumentum
553 1173 744 1268 simpliciter
766 1183 920 1242 enarrat:
942 1171 1110 1262 «Dixisti,
1130 1175 1184 1245 in-

137 1300 232 1394 quit,
249 1315 309 1388 por
321 1313 381 1362 nos
393 1289 477 1376 fieri,
495 1279 628 1377 etqudd
643 1280 738 1350 nobis
752 1277 894 1348 debeant
908 1279 1182 1373 imputariomnia
1225 1316 1229 1325 ·

137 1405 203 1474 ista
227 1399 349 1493 quibus
374 1417 465 1465 nune
481 1387 626 1460 mundus
640 1385 785 1480 quatitur
802 1397 835 1454 et
851 1395 1005 1474 urgetur,
1031 1383 1123 1480 qudd
1137 1386 1184 1457 dii

137 1509 276 1583 vestiit
291 1503 385 1576 nobis
409 1522 478 1572 non
493 1495 655 1570 colantur.
673 1521 689 1559 u
708 1495 783 1576 Quo
797 1493 963 1584 praemisso
984 1491 1184 1566 adversantis

139 1619 275 1713 placito,
293 1609 469 1707 respondet
484 1612 516 1678 1⁰
531 1604 619 1676 mola
638 1601 696 1671 illa
714 1623 784 1672 esse
798 1599 916 1668 mundi
937 1602 1098 1671 senectuti
1117 1623 1185 1674 non

138 1721 335 1797 Christianis
349 1713 545 1811 imputanda
559 1739 566 1784 ι
582 1739 599 1778 u
610 1707 757 1782 Mundus
770 1707 838 1799 ipse
846 1705 916 1799 jum
925 1705 1073 1801 loquitur
1086 1721 1119 1779 et
1135 1729 1189 1781 oc·

138 1855 254 1902 casum
264 1829 315 1900 sut
323 1822 622 1897 rerumlabentium
630 1815 825 1910 probatione
833 1819 1186 1909 testatur.Nonhyeme

139 1933 329 2008 nutriendis
337 1931 614 2004 seminibustenta
624 1923 1027 2013 imbriumcopiaestmon
1036 1923 1187 2020 frugibus

139 2059 256 2117 aestate
272 2040 435 2113 torrendis
449 2037 524 2107 solis
543 2046 632 2106 tanta
647 2030 817 2121 flagrantia
832 2041 891 2116 est,
901 2051 962 2101 neo
976 2032 1021 2102 sic
1029 2051 1187 2108 vernante

137 2153 303 2246 temperie
325 2163 394 2218 sota
415 2159 504 2232 sunt,
525 2164 586 2212 nec
601 2139 684 2211 adeb
706 2136 850 2208 arboreis
870 2134 1008 2208 soetibus
1026 2155 1186 2216 autumna

135 2245 438 2339 soeoundasunt....
453 2259 610 2322 Putas-no
625 2261 664 2318 tu
674 2243 799 2316 tanum
808 2267 903 2337 posse
915 2246 1132 2320 substantiam
1139 2255 1187 2324 rei
1242 2227 1245 2231 ¹

135 2365 339 2439 senescentis
349 2363 497 2446 existere,
506 2355 670 2452 quantum
678 2353 768 2448 prius
778 2352 888 2444 potuit
896 2352 1027 2423 novelle
1037 2357 1146 2430 adhuc
1155 2377 1188 2432 et
1249 2385 1252 2390 ·

135 2473 399 2568 vegetdjuventa
410 2462 737 2563 polleretMinuetur
746 2481 876 2561 neeesse
888 2473 936 2529 est
949 2461 1113 2558 quidquid
1122 2463 1188 2538 fine

130 2585 205 2680 jem
223 2581 373 2674 proximo
393 2579 429 2646 in
453 2571 592 2647 occidua
606 2583 752 2640 extrema
774 2566 976 2659 devergit...
997 2570 1188 2646 Christianis

134 2675 873 2784 imputasquodminuantursingulamundo
886 2691 1085 2748 senescente.
1103 2683 1189 2764 Quid
1220 2759 1224 2767 ³

135 2799 217 2870 siet
234 2811 327 2862 senes
351 2791 517 2882 imputent
538 2779 730 2855 Christianis
753 2774 845 2872 qood
872 2781 981 2850 mimis
1001 2783 1132 2856 valeant
1154 2789 1188 2860 in
1211 2797 1222 2816 '¹

135 2913 337 2985 senectuto,
353 2893 445 2992 qubd
458 2911 526 2964 non
540 2888 679 2985 perinde
693 2899 732 2957 ut
747 2886 837 2979 prius
852 2887 984 2980 vigeant
1000 2893 1117 2962 auditu
1128 2906 1189 2965 au·-

136 3014 246 3096 rium,
262 3001 514 3098 cursupednm,
528 2997 701 3068 oculorum
714 2993 802 3080 acie,
815 2993 934 3063 virium
947 2996 1078 3084 robore,
1091 3023 1189 3075 succo

132 3122 331 3200 viscerum,
360 3103 705 3180 molemembrorum?
719 3127 736 3168 u
755 3101 864 3172 Prima
889 3099 945 3172 illa
966 3090 1135 3200 responsio
1148 3111 1191 3182 ad

95 3271 112 3296 t
137 3219 330 3299 seeundum
354 3237 454 3310 genus
479 3215 615 3300 attinet,
641 3231 708 3306 quo
730 3207 877 3287 refutans
896 3209 996 3280 debet
1012 3214 1191 3308 aliquandd

138 3331 296 3426 legitime
304 3325 354 3396 uti
368 3321 572 3394 defensione.
588 3317 685 3402 Quod
697 3315 900 3408 sequiturad
911 3315 1109 3410 idemgenus
1120 3345 1193 3416 per.

138 3445 249 3525 tinet,
271 3435 348 3506 cinn
370 3441 490 3502 usserat
505 3432 540 3497 2⁰
554 3423 639 3495 illud
658 3441 726 3493 non
745 3421 846 3491 modb
862 3443 930 3491 non
949 3437 1114 3517 evertere,
1133 3433 1191 3505 sed

140 3547 265 3642 oontrb
282 3527 657 3612 stabilirecbristiauam
678 3529 881 3620 religionem,
903 3532 980 3624 quia
1000 3535 1193 3628 irreligione

138 3638 1198 3738 christiana-sueruntpraedicta.Sicenimpergithnddaotem‘

142 3760 300 3838 crebrius
311 3753 396 3840 bella
408 3744 715 3840 continuant,qudd
723 3739 874 3815 sterilitas
883 3757 916 3815 et
924 3744 1026 3818 fames
1039 3749 1193 3825 sollicitu-

143 3861 454 3944 dinemcumolant,
468 3856 560 3950 quod
573 3852 780 3925 saevientibus
792 3853 914 3922 morbis
929 3839 1086 3928 valetudo
1100 3859 1193 3932 {ian-

186 3993 313 4048 ¹Tertuii.
331 3989 427 4054 apolog:
446 3999 470 4036 u.
485 3985 525 4051 do.
