2982 4584
267 506 330 569 518
422 519 602 568 anrroatct
624 520 651 566 s.
676 517 830 580 errauit,
855 519 931 570 ntra
953 521 1000 583 11,
1025 522 1109 566 secu.
1135 523 1167 564 1.¹
1197 493 1213 587 J

265 638 355 709 tam,
370 647 446 716 quae
459 645 527 692 non
541 623 667 714 ipsum,
678 618 735 689 sed
751 621 820 712 ejus
833 621 1080 707 vestimentum,
1093 620 1160 688 imo
1170 641 1239 688 non
1254 633 1310 690 to-

264 719 350 813 turn,
364 728 420 798 sed
437 727 602 797 fimbriam
615 727 911 818 tetigitlnterroga
925 749 1014 797 mare
1030 726 1120 820 quod
1136 725 1233 796 dorso
1248 752 1310 799 suo

264 840 372 931 ipsum
394 836 554 926 gestavit:
582 825 746 924 interroga
773 847 806 902 ot
825 833 933 925 ipsum
955 831 1144 920 diabolum,
1170 849 1205 903 et
1232 834 1309 908 dic:

265 943 361 1015 Unde
378 944 480 1012 habes
495 943 626 1036 plagam
646 940 737 1010 illam
757 939 996 1010 insanabilem?
1011 940 1101 1032 unde
1122 943 1160 1010 fit
1175 955 1213 1011 ut
1227 943 1312 1014 nihil

262 1054 332 1147 jlm
354 1049 479 1143 possis?
499 1047 666 1119 undenlm
682 1043 807 1140 'captus
829 1051 889 1116 es?
913 1051 942 1117 Α
961 1071 1029 1141 quo
1047 1047 1201 1118 detentus
1219 1047 1312 1120 fuisti

263 1158 346 1228 ditm
361 1156 520 1250 fugeres?
538 1158 583 1224 Et
596 1153 680 1223 nihil
701 1147 793 1224 aliud
820 1147 929 1241 dicet,
945 1156 1046 1248 quim
1070 1179 1188 1248 corpus
1203 1157 1312 1226 oruci-

262 1267 379 1334 fixum.
391 1269 453 1334 Per
465 1264 529 1334 hoc
542 1261 665 1331 stimuli
678 1264 748 1356 ejus
763 1257 925 1332 confracti
940 1277 1030 1351 sunt,
1044 1287 1102 1357 per
1113 1263 1178 1334 hoc
1193 1287 1312 1358 corpus

163 1380 170 1398 ·
195 1403 197 1408 ·
264 1373 334 1465 ejus
345 1371 537 1456 contritum,
548 1369 607 1461 pe'r
620 1369 685 1438 hoc
698 1368 900 1462 principatus
914 1383 948 1439 et
963 1383 1140 1464 potestates
1151 1369 1312 1441 traductae

262 1491 341 1550 suut
357 1507 365 1548 2
380 1475 672 1570 Spoliansenim,
687 1473 809 1568 iuquit,
824 1477 1054 1571 principatus
1070 1489 1313 1568 etpotestates

266 1582 434 1658 tradunt}
459 1580 702 1678 confidenter,
730 1582 959 1676 triumphans
982 1575 1029 1654 de'
1045 1582 1117 1654 illis
1132 1584 1170 1656 in
1185 1581 1313 1661 semet-

268 1695 378 1788 ipso¹.
391 1697 562 1783 Interroga
573 1691 713 1760 mortem
728 1703 762 1759 et
772 1689 826 1759 dic
846 1718 854 1759 ε
876 1687 1071 1770 Undencim
1082 1689 1245 1762 sublatus
1260 1685 1316 1764 ast
1345 1721 1350 1724 *

269 1798 434 1874 stimulus
458 1791 571 1870 tuus?
594 1792 779 1867 undeniim
801 1794 921 1866 soluto
947 1812 1002 1867 est
1029 1812 1094 1869 tua
1110 1794 1314 1871 vr'ctorz'at?

269 1907 438 1980 undenam
454 1905 583 1999 praecisi
598 1918 678 1974 sunt
690 1905 782 1977 nervi
796 1903 865 1990 tui,
883 1905 917 1975 'et
932 1903 1051 1998 puellis
1066 1903 1316 2002 infamibusque

157 2071 159 2080 ,
273 2016 360 2086 lacta
374 2011 581 2098 esridieula,
597 2035 675 2106 quae
689 2012 837 2101 tyrannis
853 2026 886 2081 et
898 2013 993 2106 justis
1009 2015 1161 2084 omnibus
1177 2016 1317 2092 antello

272 2119 490 2194 formidabilis
505 2121 597 2188 aias?
616 2123 660 2188 Et
676 2118 754 2188 huic
765 2119 897 2210 corpori
912 2144 1043 2192 causam
1063 2121 1213 2212 ascribet.
1232 2123 1318 2193 Ginn

273 2229 362 2300 enim
375 2226 639 2318 crucifigebatur,
653 2238 734 2294 tunc
746 2226 869 2296 mortui
884 2230 1144 2316 resurrexerunt,
1157 2243 1238 2299 tunc
1249 2253 1319 2300 car·

274 2361 329 2410 cer
339 2333 397 2405 ille
408 2347 525 2426 ruptus
539 2347 587 2402 est
601 2345 635 2401 et
643 2345 747 2426 pottae
756 2355 849 2428 oetaae
859 2333 1035 2405 confractae
1050 2351 1188 2423 sunt‚·et
1196 2339 1320 2408 mortui

273 2443 535 2526 resurrexirunn
543 2453 577 2508 et
583 2439 740 2532 janitores
749 2437 871 2524 inferni
879 2463 991 2512 omnes
1000 2441 1221 2536 obstupefacti
1228 2455 1316 2513 sunt.

277 2551 382 2643 Atqui
394 2547 543 2618 siluisset
555 2569 643 2614 unus
660 2567 699 2614 ex
711 2545 840 2632 multis,
855 2549 1056 2618 contrarium
1066 2550 1322 2644 accidereopor-

275 2657 540 2743 tebat3mortem
549 2648 966 2742 fuissepotentiorem‚sed
979 2655 1321 2728 nonfuit2nonenim

278 2777 349 2836 arat
363 2783 449 2832 unus
463 2783 503 2828 ox
522 2757 657 2849 multis3
673 2757 749 2828 ideo
769 2757 826 2828 illa
840 2760 946 2830 soluta
962 2759 1038 2832 luit.
1058 2768 1102 2834 Et
1124 2766 1208 2835 sieut
1224 2766 1248 2840 ii
1262 2767 1322 2860 qui

272 2869 474 2942 alimentum
492 2865 675 2958 accipiunt,
697 2865 950 2958 quadratinere
968 2891 1037 2938 non
1056 2862 1200 2964 possint,
1223 2873 1322 2942 etlam

271 2983 355 3074 ,quae
374 2974 463 3068 priris
484 2987 639 3066 percepta
663 2971 797 3046 fuerant
816 2989 952 3068 propter
970 2976 1056 3048 illud
1076 2994 1256 3071 evomunt3
1274 2979 1327 3068 itt

207 3172 212 3184 .
273 3087 378 3156 etiam
396 3079 515 3150 accidit
526 3079 568 3160 ,in
591 3092 708 3148 morte.
730 3083 857 3172 Corpus
869 3077 886 3166 ‚‘
903 3083 995 3176 quod
1015 3085 1085 3178 ipsa
1102 3108 1171 3154 non
1191 3100 1323 3177 poterat

172 3259 174 3266 ,
257 3245 258 3250 1
275 3189 442 3262 ,conficere
453 3237 463 3269 ,
476 3184 655 3278 accipiens,
669 3184 878 3280 illaquoque
895 3192 1028 3284 rejecit,
1041 3215 1117 3286 quae
1136 3191 1227 3266 inuis
1243 3194 1322 3264 reti-

279 3297 401 3369 nebat:
416 3292 493 3364 cirm
506 3290 592 3362 illud
606 3290 699 3362 intirs
708 3293 866 3382 haberat,
885 3299 1090 3388 parturiebat
1100 3313 1133 3369 et
1149 3301 1323 3394 premeba-

264 3421 351 3490 tur,
370 3403 476 3474 donec
496 3402 604 3494 ipsum
619 3401 777 3472 evomuit.
800 3401 879 3476 Ideo
898 3405 944 3474 ait
965 3407 1141 3500 Apostolus
1163 3405 1323 3489 :Solutis

279 3506 463 3586 doloribus
482 3509 608 3578 mortis
619 3509 643 3576 ³.
661 3507 759 3580 Nulla
774 3509 864 3578 onim
882 3511 1001 3582 mulier
1021 3515 1194 3606 praegnans
1209 3528 1322 3607 partu·

276 3621 532 3712 tiensquetanto
545 3614 659 3688 laboro
671 3617 850 3709 premitur,
862 3634 987 3712 quanto
999 3621 1321 3718 illaoorpushabens

272 3726 498 3809 dominicum,
522 3721 773 3792 dilacerabatur.
799 3728 844 3795 Et
860 3728 952 3820 quod
970 3730 1006 3798 in
1028 3729 1229 3820 babylonico
1244 3729 1321 3800 dra-

272 3854 358 3907 cone
374 3833 515 3918 accidit,
530 3829 608 3902 citu
624 3845 759 3924 accepto
774 3833 850 3906 cibo
861 3835 989 3904 medius
1001 3835 1153 3931 diruptus
1167 3851 1237 3924 est,
1255 3838 1320 3907 hoc

151 3959 154 3964 ·
270 3954 305 4012 et
315 3941 368 4010 isti
377 3941 497 4032 evenit.
510 3943 585 4012 Non
595 3939 684 4009 enim
694 3939 842 4014 (lhristus
850 3940 913 4035 per
922 3967 958 4014 os
968 3947 1082 4026 mortis
1095 3967 1240 4038 egressus
1253 3957 1315 4032 est,

309 4079 317 4106 ι
333 4068 422 4120 ntus,
439 4085 467 4134 n,
480 4069 520 4120 ιε.
534 4093 566 4138 -ss
580 4077 590 4106 ι
603 4051 640 4120 iu.
655 4085 696 4134 xv,
712 4069 753 4126 5⁵.
769 4094 800 4108 -
817 4068 897 4123 ates.
911 4089 938 4137 ti,
953 4072 994 4139 sl.
