2930 4582
543 294 560 326 ν
658 275 671 298 a

127 433 130 442 .
202 405 305 454 staur
328 413 374 457 v1.
400 409 441 460 rm
463 410 620 460 uarunuo
643 411 678 455 m
701 410 908 462 concremans
920 405 1087 460 ruamur.
1113 393 1179 456 239

137 510 304 604 perplexas
319 509 436 580 habuit
450 509 486 580 in
505 509 685 602 posteriore
705 521 804 600 atque
820 509 885 578 iml
899 510 1044 606 corporis
1063 523 1177 602 parte,

133 619 202 712 jhm
218 632 389 688 secuerant
404 618 452 704 ei,
474 631 508 686 et
526 617 603 684 artis
619 637 688 685 suae
706 628 823 684 caemra
842 616 1089 688 medicamentis
1103 639 1181 707 age·-

136 723 228 800 bant.
249 729 364 794 Passus
380 737 491 794 autern
506 721 615 790 fuerat
630 721 665 788 in
680 718 824 790 sectione
834 719 892 791 illa
910 735 943 794 et
960 720 1132 793 diuturnos
1147 735 1183 792 et
1218 745 1223 756 ·
1340 745 1342 752 ’

137 831 272 903 acerbos
292 830 434 902 dolores.
462 829 527 912 Sed
551 850 637 896 unus
663 827 748 898 inter
772 825 894 897 multos
917 825 1006 902 sinus
1021 825 1183 899 fefellerat

138 935 294 1023 medicos,
308 951 409 1030 atque
425 935 470 1004 ita
485 933 639 1018 latuerat,
657 945 696 1000 ut
707 954 782 1000 eum
798 954 866 1000 non
883 945 1067 1032 tangerent,
1082 953 1185 1023 quem

136 1041 225 1112 ferro
248 1043 373 1138 aperire
399 1040 601 1110 debuerunt.
622 1037 769 1130 Denique
795 1036 914 1108 sanatis
935 1037 1089 1109 omnibus
1108 1059 1185 1129 quae

138 1150 252 1239 aperte
272 1149 446 1229 curabant,
458 1145 519 1214 iste
534 1157 731 1215 remanserat
744 1142 849 1227 solus,
865 1143 920 1210 cui
936 1143 1039 1212 tustra
1052 1145 1184 1234 tropen,-

137 1251 282 1326 debatur
294 1253 401 1322 labor.
413 1237 616 1334 Quas'moras
630 1248 686 1327 ille
701 1261 866 1340 suspectas
880 1250 1016 1334 habens,
1028 1249 1185 1322 multism-

124 1344 205 1452 ‘que
222 1357 402 1431 formidans
421 1379 463 1426 ne
482 1355 601 1424 iterbm
621 1369 801 1441 secaretur,
826 1354 918 1448 quod
937 1355 967 1424 ei
988 1355 1185 1448 praedixerat

139 1465 226 1534 alius
239 1464 384 1534 medicus
396 1451 590 1532 domesticus
601 1463 670 1554 ejus
676 1515 689 1546 „
707 1482 884 1554 quemnon
896 1463 1099 1536 admiserant
1114 1461 1183 1548 illi,

140 1585 181 1640 ut
201 1569 312 1640 saltem
330 1569 474 1654 videret,
496 1560 730 1660 cbm'primirm
745 1581 853 1638 sectus
868 1582 935 1654 est,
962 1569 1131 1662 quomodd
1150 1567 1187 1640 id

138 1676 299 1760 facerent,
314 1678 482 1768 iratusque
497 1675 592 1744 illum
608 1674 708 1744 domo
720 1676 896 1768 abjecerat,
917 1677 1037 1769 vixque
1052 1701 1186 1770 recepe·

138 1797 211 1868 rat,
236 1785 366 1880 erupit,
393 1799 494 1875 atque
514 1783 561 1852 ait
588 1811 596 1852 ε
630 1782 755 1855 lterbm
785 1806 840 1852 me
863 1785 983 1856 secturi
1009 1786 1107 1856 estis?
1133 1783 1187 1856 td

138 1889 247 1974 illius,
274 1903 376 1982 quem
403 1891 555 1961 noluistis
576 1913 645 1958 esse
668 1905 863 1982 praesentem
877 1893 1008 1974 ,verba
1029 1895 1188 1964 venturus
1291 1946 1292 1950 ,

138 1998 239 2068 sumi
262 1995 404 2066 Inridere
424 1995 473 2064 illi
492 1995 657 2072 medicum
679 1997 889 2088 imperitum,
914 2012 1107 2092 metumque
1125 2001 1189 2068 bo·-
1242 2063 1245 2066 .

139 2103 240 2186 minis
249 2104 344 2175 bonis
358 2104 465 2174 verbis
475 2105 812 2198 promissionibusque
825 2105 940 2177 lenire.
958 2109 1190 2178 P-raetoridruut

140 2210 245 2281 etalii
260 2209 330 2282 dies
345 2211 499 2302 plurimi,
520 2209 670 2302 nihilque
693 2213 886 2302 proficiebat
902 2237 1001 2286 omne
1015 2215 1107 2308 quod
1127 2217 1189 2284 fre·-v

140 2318 211 2386 hat.
235 2315 356 2388 Medici
372 2331 482 2386 tamen
498 2317 533 2385 in
549 2317 606 2385 sual
619 2317 856 2408 pollicitatione
876 2311 1103 2411 persistebant,
1121 2345 1191 2392 non

140 2447 179 2496 se
197 2421 293 2494 illum
314 2423 424 2496 sinum
446 2422 551 2510 ferro,
576 2425 634 2493 sed
658 2424 903 2498 medicamentis
921 2450 988 2496 esse
1010 2427 1188 2501 clausuros.

101 2560 103 2564 ’
141 2529 380 2600 Adhibuerunt
395 2543 428 2598 et
443 2529 544 2600 alium
558 2529 769 2622 grandaevum
776 2532 845 2624 jan
856 2531 1190 2629 medicamentisque

142 2639 181 2708 in
200 2637 257 2706 itta
272 2651 347 2706 ¹arte
362 2635 533 2709 laudatum
549 2639 678 2728 (adhhc
694 2640 783 2709 enim
798 2641 943 2728 vivebat)
959 2645 1189 2730 ammonium,
1292 2699 1303 2714 .

144 2745 226 2840 qui,
243 2743 317 2814 loco
340 2744 504 2835 inspecto,
531 2744 620 2814 idem
644 2743 735 2836 quod
759 2743 806 2818 illi
830 2767 870 2818 ex
891 2769 1006 2816 eorum
1022 2747 1193 2839 diligentia

144 2850 331 2947 peritiaque
350 2849 510 2942 promisit.
528 2853 629 2943 Cujus
645 2849 701 2918 ille
713 2847 820 2922 lactus
832 2853 1025 2923 auctoritate
1040 2877 1191 2941 securus,

146 2957 328 3026 domestico
344 2981 404 3026 suo
421 2957 562 3042 medico,
579 2946 637 3050 qui
653 2955 799 3027 litteram
813 2957 1006 3048 praedixerat
1019 2961 1113 3033 aliam
1126 2986 1194 3032 sec·

147 3064 285 3146 tionem,
307 3061 412 3132 sacettl
433 3051 615 3142 hilaritate,
640 3062 731 3132 velut
741 3063 810 3156 jhm
827 3049 1081 3151 salvus‚.illu'sit.
1105 3069 1194 3152 Quid
1215 3106 1216 3110 ¹

147 3169 266 3264 plura?
282 3171 394 3266 postelt
408 3183 458 3238 tot
477 3168 547 3250 dies
561 3169 703 3238 inaniter
719 3173 905 3262 consumpti
922 3175 1141 3262 transierunt,
1155 3191 1195 3248 ut

148 3277 227 3345 fessi
244 3276 342 3370 atque
358 3273 486 3349 confusi
496 3274 677 3362 faterentur
691 3299 780 3359 eum,
796 3278 857 3345 nisi
869 3278 968 3363 l'erro,
986 3281 1079 3351 nullo
1094 3283 1195 3354 modo

150 3397 246 3476 posse
265 3375 382 3452 sanari.
409 3381 564 3474 Expavit,
587 3379 745 3472 expalluit
763 3383 865 3458 nimio
881 3385 998 3456 timore
1014 3389 1166 3460 turbatus
1185 3419 1193 3460 ς

153 3504 252 3580 atque
269 3488 326 3560 ubi
342 3511 375 3556 se
393 3486 542 3578 collegit,
560 3485 688 3579 farique
703 3489 823 3578 potuit,
843 3489 932 3561 abire
952 3489 1144 3584 illosjussit,
1163 3509 1197 3568 et
1273 3541 1276 3548 ·

154 3597 246 3666 adse
268 3593 406 3686 ampliirs
422 3617 491 3668 non
514 3593 690 3680 accedere,
714 3618 775 3664 nec
791 3593 883 3668 alind
905 3599 1046 3671 occurrit
1061 3598 1196 3691 fatigato

153 3699 307 3792 lacrymis
332 3715 368 3770 et¹
380 3699 437 3770 itta
447 3702 515 3797 jhm
534 3700 725 3772 necessitate
748 3703 944 3789 constricte,
962 3705 1024 3777 nisi
1046 3721 1084 3778 ut
1099 3708 1196 3782 adhi-

156 3807 250 3878 beret
261 3806 517 3898 Alexandrinum
532 3808 729 3902 quemdam,
744 3809 803 3902 qui
818 3797 898 3887 tunc
909 3813 1080 3903 chirurgus
1096 3816 1196 3890 mira-

156 3915 231 3990 bilis
246 3915 445 4006 habebatur,
461 3925 500 3989 ut
513 3914 583 4028 ipse
601 3912 723 3996 smeret
733 3916 825 4008 quod
836 3918 879 3998 ab
900 3917 963 3996 itta
976 3920 1048 3998 lteri
1063 3923 1198 4002 nolebat
