2996 4598
158 444 160 450 ’
228 469 331 515 oreon
355 473 399 516 vr.
424 473 466 516 nn
489 470 646 518 unrnono
670 474 705 517 nr
728 473 933 520 corcrorrreus
956 471 1122 520 tonsuras.
1159 454 1202 518 99

163 583 338 656 cesserent,
352 585 449 664 atque
460 571 596 663 ingratis
615 558 772 638 adimeret
783 595 913 640 omnem
927 575 1126 643 defensionis
1142 589 1204 642 ane

162 684 239 742 sam,
252 677 336 757 Quia
352 678 442 745 enim
458 676 635 746 adveniens
646 673 702 742 ille
716 683 810 743 vetus
825 677 1010 746 institutum
1025 681 1204 772 abrogatu-

162 802 237 868 rus,
256 783 444 878 orbemque¹
463 783 504 854 ad
517 779 623 852 unum
650 783 874 873 eumdemque
891 783 1017 853 cultum
1041 785 1205 855 deductu-

53 929 56 938 ·
158 881 231 972 rus,
245 886 381 984 ipseque
397 891 530 960 inmari
546 903 580 960 et
594 889 681 958 terrai
711 887 836 982 uhiqde
848 887 1036 958 adorandus
1051 903 1138 977 erat,
1158 892 1201 960 ah
1218 964 1223 970 ,

159 989 234 1085 ipsis
251 995 360 1064 statim
375 994 475 1065 initiis
497 995 618 1065 ostium
644 993 795 1084 gentibus
811 994 931 1086 aperit,
962 1005 1000 1064 ut
1024 994 1206 1064 alienorum

159 1091 309 1193 exemplo
325 1125 400 1170 suos
418 1101 518 1170 etiam
537 1097 690 1169 erudiret.
714 1099 798 1182 Quia
812 1101 900 1168 enirn
925 1099 1001 1170 etim
1022 1101 1202 1192 Prophetas

156 1201 351 1300 frequenter
378 1205 530 1276 audirent
545 1205 586 1275 de
601 1205 700 1298 ipsius
725 1205 874 1275 adventu
899 1192 988 1300 saeph¹
1011 1203 1203 1300 loquentes,

156 1315 226 1382 non
244 1311 425 1382 admodirm
450 1311 681 1400 attendebant,
704 1312 816 1383 effecit
839 1327 878 1382 ut
893 1313 1025 1382 barbari
1051 1313 1094 1382 de
1117 1315 1202 1382 terri

156 1417 343 1514 longinque
360 1417 524 1504 venirent,
541 1417 597 1512 qui
613 1431 724 1510 regem
739 1419 828 1511 apud
843 1420 933 1512 ipsos
953 1433 1068 1488 natum
1090 1420 1204 1512 inqui·

158 1533 291 1614 rorent,
309 1537 341 1594 et
355 1525 477 1616 persica
488 1541 568 1622 voqe
576 1524 723 1636 primirm
739 1547 777 1594 ea
792 1523 974 1594 ediscerent
994 1547 1069 1619 quae
1085 1528 1104 1594 a
1122 1531 1204 1595 Proe

156 1633 265 1723 phetis
282 1631 403 1701 discere
420 1631 596 1702 'noluerant
614 1659 622 1702 :
640 1644 679 1701 ut
693 1631 720 1702 si
735 1630 839 1725 prob'e
855 1657 889 1704 sc
910 1643 1080 1724 gererent,
1098 1635 1203 1702 maxi·

154 1751 248 1806 mam
268 1738 449 1830 arriperent
477 1735 520 1806 ad
546 1737 846 1830 obtemperandum
880 1743 1015 1827 ans‘arh,
1048 1740 1098 1808 sin
1125 1743 1203 1810 veto

154 1842 414 1929 contenderent,
440 1845 531 1913 omni
558 1843 691 1936 prorsus
719 1845 929 1914 excusatione
954 1846 1049 1914 vacui
1081 1849 1200 1915 essent.

155 1951 243 2034 Quid
253 1953 341 2019 enim
355 1949 463 2020 dicere
479 1951 604 2044 possint
616 1949 660 2036 ii,
676 1951 735 2044 qui
746 1951 914 2022 Christum
927 1953 946 2019 a
961 1963 1012 2019 tot
1026 1951 1200 2042 Prophetis

156 2057 387 2126 annuntiatum
405 2079 473 2127 non
496 2057 726 2150 susceperunt,
754 2057 830 2125 crim
856 2055 1000 2126 viderint
1024 2059 1138 2147 Magos
1162 2070 1201 2126 et

155 2165 252 2234 unius
268 2162 371 2233 stellae
391 2165 464 2233 visu
478 2164 587 2256 ipsum
596 2164 808 2256 suscipientes
831 2177 864 2232 et
888 2162 1083 2236 adorantes?
1102 2159 1218 2246 Quod·

154 2273 251 2364 igitur
262 2274 349 2344 circh
360 2271 519 2344 Ninivitas
534 2272 656 2340 fecerat
670 2275 689 2340 J
691 2295 788 2341 onam
796 2272 950 2356 mittens,
962 2281 995 2338 et
1003 2269 1095 2363 quod
1110 2271 1197 2340 circa

154 2378 387 2452 samaritanam
404 2396 437 2450 et
457 2375 698 2463 chananaeam,
722 2377 863 2466 idipsum
884 2377 984 2446 etiam
1009 2391 1068 2470 pe‘r
1082 2381 1197 2470 Magos

154 2483 241 2559 fecit.
273 2491 419 2582 Ideoque
448 2485 609 2558 dicebat:
645 2485 684 2562 ‚V
685 2485 733 2556 iri
753 2481 930 2558 Nririvt‘tae
958 2498 1134 2579 surgent,
1163 2490 1198 2554 et

154 2593 466 2667 οοηάεῑιηηιιῦιιηι1
485 2627 494 2683 3
510 2609 562 2680 et,
575 2593 725 2689 Regina
743 2593 876 2662 Austri
890 2603 1030 2686 surget,
1054 2603 1090 2660 et
1111 2606 1198 2661 eort-

154 2701 340 2775 demnabr't
347 2703 619 2802 generationem
631 2700 741 2769 tund
747 2699 928 2791 ;quoniam
946 2698 1004 2768 illi¹
1015 2685 1198 2770 minorihus

153 2809 386 2899 crediderunt,
410 2809 443 2878 hi
461 2810 539 2877 vero
555 2814 663 2899 neque
688 2802 878 2896 majoribus.
898 2807 942 2869 st
962 2799 1021 2868 cur
1042 2801 1131 2885 ill'os,
1149 2802 1199 2872 ln⁴

152 2917 255 3010 quies,
269 2941 329 3010 per
343 2917 443 2987 talem
452 2915 559 2984 visum
568 2910 706 2981 adduxit
715 2912 779 2978 ‘tar
788 2903 957 3001 quomodo
969 2906 1136 2996 oportuit?
1145 2911 1198 2974 Art

153 3026 332 3117 Prophetas
349 3023 503 3092 mittere?
520 3017 584 3090 Sed
600 3017 689 3108 Magi
700 3013 875 3106 Prophetis
891 3030 959 3081 non
969 3010 1194 3080 credidissent»

152 3134 204 3200 An
224 3153 339 3202 vocem
369 3127 508 3220 superne
528 3123 695 3218 proferre?
721 3119 847 3190 Verrito
870 3136 938 3188 non
967 3117 1192 3186 attendissenta

151 3241 202 3306 An
215 3231 378 3327 Angelum
394 3233 549 3303 mittere?
569 3229 634 3300 Sed
656 3230 746 3298 hunc
771 3225 905 3320 quoque
922 3225 1060 3294 forsitan
1074 3219 1196 3316 prahte·

151 3344 289 3414 riissent.
310 3351 530 3436 Quapropter,
547 3337 612 3407 illis
624 3336 778 3407 omnibus
794 3333 936 3416 omissis,
963 3337 1050 3401 Deus
1064 3333 1195 3400 summd

151 3465 246 3520 utens
260 3449 482 3540 indulgentia,
499 3457 558 3539 per
571 3449 726 3514 consueta
742 3453 840 3511 vocat
867 3437 956 3523 illos,
982 3436 1194 3530 ostenditque

152 3559 278 3628 stellam
295 3556 498 3648 magnamah
507 3554 577 3623 aliis
590 3551 767 3650 diversam,
781 3561 820 3650 ut
831 3548 918 3640 ipsos
930 3559 964 3613 et
974 3567 1015 3614 en
1024 3545 1194 3636 magnitu-

153 3663 228 3734 dine
243 3679 278 3735 et
293 3689 331 3734 ex
346 3661 594 3756 pulchritudine
608 3653 785 3750 spectaculi
809 3651 1017 3748 percelleret,
1040 3675 1102 3720 nec
1123 3673 1195 3722 nora

151 3772 247 3842 etiarn
257 3796 296 3842 ex
305 3770 423 3845 cursris
433 3767 546 3838 modo.
557 3769 637 3836 Haec
647 3775 680 3833 et
691 3762 813 3832 Paulus
821 3761 985 3845 imitatus,
996 3781 1036 3828 ex
1045 3759 1100 3826 ard
1115 3775 1192 3828 cuns

152 3877 270 3949 Graecis
282 3874 462 3947 dissereridi
477 3873 680 3944 occasionem
696 3866 831 3960 accipit,
856 3879 890 3938 et
905 3870 1081 3960 poetarum
1098 3864 1193 3935 testi·

188 4007 296 4058 ¹'hirrttln
312 4021 353 4068 rur¹
365 4002 406 4070 dr.
423 4011 476 4038 ..a
490 4004 548 4052 Luc.
563 4016 600 4062 ιι,
613 3997 655 4064 [μ.

1004 4076 1034 4135 7.
