2992 4590
230 382 333 452 esron
356 410 402 453 vr.
428 410 470 454 on
491 393 648 456 uruono
663 413 699 456 rsr
721 413 927 464 oouororusus
942 417 1109 465 rourum.
1141 405 1204 466 163

165 504 302 592 fuerint,
318 506 389 576 titm
401 510 478 578 verb
488 506 773 580 illustrioraludre
787 537 824 582 ea
834 519 1023 604 certamina,
1041 543 1118 613 quae
1129 543 1207 612 pos·
1313 565 1315 572 ·

165 623 270 682 trema
286 611 458 682 adversum
473 636 533 682 nos
548 615 678 682 habuit.
696 619 856 698 Quaenam
869 637 978 692 autem
993 628 1098 718 prima
1113 628 1208 699 dicoi'

165 717 288 803 Exilia,
321 719 429 808 fugae,
470 720 636 808 bonorum
668 725 941 814 proscriptiones,
977 732 1101 802 insidiae
1137 738 1207 804 tam

166 837 304 914 apertae,
322 828 423 918 quim
439 825 609 914 obscurae,
627 849 814 896 sermonum
831 830 994 902 illecebrae
1006 890 1021 921 ,‚
1032 839 1090 906 ubl
1110 865 1207 914 occa-

165 929 212 1000 sio
231 931 458 1020 seoffereba13
479 932 527 1001 vis
538 932 626 1016 ,ubl
644 933 820 1003 verborum
844 936 1013 1010 blanditiis
1028 933 1119 1013 locus
1139 971 1208 1016 non

158 1050 245 1112 erat.
263 1037 329 1106 Alii
343 1037 477 1130 quidem
499 1039 542 1106 ab
558 1036 700 1109 ecclesiis
719 1040 996 1134 extrudebantur,
1011 1053 1068 1142 qui
1087 1050 1209 1122 seilicet

164 1142 266 1211 fidem
281 1141 500 1212 orthodoxam
514 1167 554 1213 ac
571 1157 715 1214 nostram
740 1147 990 1238 profitebantur.
1009 1155 1074 1224 Alii
1097 1173 1209 1227 autem

164 1247 482 1340 introducebantur,
504 1250 621 1340 nempe
636 1251 694 1343 qui
713 1251 899 1344 pestiferam
919 1273 953 1326 et
967 1262 1130 1332 exitialem
1144 1265 1209 1333 im-

164 1355 326 1446 peratoris
341 1352 522 1424 doctrinam
539 1357 713 1445 terrebant,
731 1361 788 1454 qui
803 1361 977 1454 impietatis
992 1370 1210 1463 chirographa

166 1461 354 1550 exigebant,
372 1461 430 1553 qui
451 1461 499 1529 bis
514 1462 623 1532 adbuc
639 1467 788 1555 graviora
802 1470 1001 1541 scribebant.
1025 1477 1212 1566 Presbyteri

167 1567 204 1636 iu
228 1565 337 1634 medio
351 1566 432 1634 mari
451 1568 644 1660 combusti3·
657 1571 749 1664 impii
769 1573 848 1671 belli
864 1576 981 1665 duces,
1006 1605 1074 1650 non
1100 1588 1211 1655 Persas

165 1686 373 1763 superantes,
391 1697 460 1742 non
484 1676 620 1763 Scythas
643 1679 679 1746 in
701 1694 896 1771 potestatem
917 1687 1118 1775 redigentes,
1141 1714 1211 1761 non

165 1775 265 1846 aliam
280 1777 457 1870 quamdam
479 1779 680 1854 barbaricam
697 1787 829 1877 gentem
845 1791 1070 1885 debellantes,
1095 1800 1210 1868 verbm

165 1879 309 1954 ecclesiis
325 1883 452 1952 bellurn
465 1883 653 1975 inferentes,
661 1891 704 1970 ‚in
725 1892 882 1964 altaribus
894 1898 1085 1989 saltitantes,
1103 1905 1212 1974 horni-

166 2014 249 2062 num
265 2005 299 2060 et
316 1992 524 2062 victimarum
547 1998 705 2088 sanguine
724 1999 895 2076 incruenta
916 2008 1071 2078 sacrificia
1094 2027 1210 2081 conta·

166 2100 341 2184 minantes,
360 2123 397 2168 ac
408 2100 573 2190 virginum
586 2103 747 2195 pudorem
762 2112 885 2199 probro
897 2113 1086 2186 allicientes.
1107 2118 1212 2214 quue
1253 2163 1255 2169 ·

167 2228 268 2298 quarn
284 2203 419 2287 tandem
434 2207 478 2274 ob
493 2213 837 2302 causamPNimirlrm,
856 2232 895 2286 ut
912 2221 1015 2290 Jacob
1029 2227 1212 2313 patriarcha

168 2311 408 2404 expelleretur,
434 2312 563 2406 ipsique
588 2319 674 2386 Esaii
695 2319 770 2406 ille,
793 2325 880 2393 ante
905 2329 1016 2408 etiam
1041 2331 1153 2422 qutim
1174 2336 1212 2404 t'n

165 2417 282 2490 lucem
296 2417 513 2512 prodiisset,
537 2421 621 2494 odio
645 2423 791 2498 laubicus
807 2433 840 2516 ¹,
867 2435 1111 2529 subrogaretur.
1141 2446 1210 2513 Ha-

163 2528 249 2597 betis
265 2527 446 2619 primorum
462 2529 563 2620 ipsius
577 2529 761 2604 facinorum
777 2538 963 2629 historiam,
981 2570 1123 2638 quorum
1138 2551 1209 2644 ipsa

164 2657 300 2726 quoque
311 2637 578 2706 commemoratio
589 2645 624 2708 et
638 2641 764 2712 auditio
779 2645 891 2717 multis
907 2652 1088 2724 etiamnum
1102 2655 1209 2750 lacry-

163 2763 235 2808 mas
249 2753 361 2810 movet
372 2741 397 2806 ².
409 2766 434 2813 ,s

210 2835 330 2915 Locus'
342 2845 395 2914 hlc
416 2845 501 2914 foret
517 2847 681 2918 relerendi
699 2852 918 2946 ¹episcopalem
938 2860 1023 2932 hanc
1039 2863 1207 2938 fortitudi-

165 2976 244 3022 nem
260 2951 514 3045 quamprael'ecti
526 2953 666 3026 Modesti
681 2957 848 3030 furoribus
860 2968 1025 3056 opposuit,
1044 2987 1207 3043 sanctam-

164 3083 232 3153 que
250 3059 444 3149 dignitatem
461 3062 527 3152 qud
541 3061 780 3152 ingredientem
799 3068 834 3136 in
850 3075 1073 3144 sanctuarium
1086 3079 1206 3153 Valen-

165 3179 234 3234 tem
256 3165 450 3257 perterruit3
471 3165 529 3234 sed
553 3166 630 3235 cum
650 3169 711 3238 ista
730 3173 798 3264 jam
820 3181 1059 3253 narraverimus
1081 3186 1117 3254 in
1138 3191 1207 3281 ejus

165 3271 245 3356 vital,
264 3269 330 3340 hirc
345 3285 491 3340 recurrat
504 3273 651 3342 curiosus
666 3273 780 3346 lector.
802 3283 949 3357 Sufficiat
964 3288 1207 3380 htessrescribere

166 3402 244 3472 quae
256 3376 298 3446 de
309 3379 433 3446 caeteris
448 3379 516 3470 ejus
529 3379 706 3449 virtutibus
721 3401 852 3454 enarrat
867 3391 996 3463 Orator.

175 3495 178 3501 '
216 3517 232 3554 a
257 3485 422 3580 Equidem
437 3487 518 3554 mibi
533 3487 713 3558 verendum
729 3515 797 3560 esse
811 3493 927 3583 video,
948 3523 1006 3588 ne,
1023 3505 1104 3574 dum
1121 3513 1210 3602 apud
1306 3561 1307 3566 κ

169 3618 241 3680 eos,
258 3596 316 3686 qui
332 3617 444 3663 omnes
466 3591 553 3662 illius
568 3593 681 3664 laudes
702 3600 894 3691 requirunt,
918 3607 1125 3699 negligentiae
1141 3621 1208 3688 cul·

168 3725 247 3794 pam
263 3701 365 3792 vitare
385 3701 501 3792 cupio,
519 3699 554 3768 in
568 3701 753 3772 immodicae
773 3707 964 3797 prolixitatis
980 3719 1103 3790 crimen
1120 3727 1210 3820 apud

171 3831 226 3879 eos
244 3805 406 3892 incidam,
429 3805 488 3898 qui
506 3805 765 3879 mediocritatem
784 3812 937 3906 laudant,
956 3845 1056 3916 quam
1072 3851 1133 3902 nec
1152 3833 1209 3906 ille
1267 3879 1273 3889 -

209 3945 216 3972 t
231 3938 303 3988 pom.
315 3949 350 3999 ιι,
363 3951 401 3984 11.
413 3933 470 3970 -'²
484 3933 509 3984 S.
523 3935 593 4000 Greg.
607 3934 689 3986 Theol.
703 3938 771 3990 Orat.
786 3955 854 4006 xnur,
864 3957 889 3994 n.
900 3943 942 4010 46.

1058 4039 1105 4102 11.
1144 4129 1149 4144 .
