2992 4590
256 436 318 502 rte
409 448 588 498 auuaomm
611 449 638 496 s.
663 421 813 512 atrurn,
838 446 915 496 raus
937 451 985 510 u,
1009 448 1093 494 suos.
1119 449 1143 490 1.

252 554 322 644 ipse
341 549 432 623 velut
445 574 510 622 aere
525 547 669 644 quodam
692 547 799 618 alieno
818 548 989 642 utcunque
1010 545 1203 616 liberavero.
1227 548 1294 614 De-

251 659 350 728 betur
361 657 502 751 quippe,
518 669 557 724 ut
572 653 690 747 siquid
702 652 809 739 aliud,
820 653 1000 739 viris,ci1m
1012 667 1129 724 caetera
1143 651 1292 744 egregiis,

250 763 324 836 tiam
346 765 382 832 iu
405 761 546 832 dicendo
564 759 724 852 copiosis,
743 759 859 830 oratio.
886 760 1012 828 Deinde
1033 757 1105 828 illos
1122 756 1236 844 simul,
1261 771 1296 827 et

250 871 421 962 voluptate
429 867 550 938 alliciet
558 867 612 937 hic
620 889 725 936 sermo
735 880 768 936 et
778 866 820 936 ad
829 867 958 937 virtutis
966 865 1113 936 studium
1122 863 1300 934 extimula-.
1386 918 1394 944 ,

250 975 301 1045 bit
320 1003 327 1044 :
345 997 487 1068 quarum
514 972 602 1042 euim
627 994 739 1042 rerum
765 970 879 1044 laudes
905 970 999 1058 novi,
1024 993 1138 1040 earum
1160 970 1295 1064 quoque

250 1080 460 1152 hauddubie
476 1080 678 1150 incrementa
693 1076 859 1171 explorata
873 1079 1002 1169 habe03
1027 1101 1088 1148 nec
1111 1078 1296 1172 quidquam

250 1189 387 1262 omuiub
402 1203 470 1276 est,
489 1187 580 1283 quod
595 1211 663 1258 non
683 1188 746 1258 hale
763 1187 890 1258 ratione
907 1200 1076 1280 augeatur.
1102 1187 1293 1272 Postremb,

198 1379 201 1384 ¹
253 1295 345 1390 quod
359 1295 402 1367 ad
419 1317 584 1366 sermones
608 1294 742 1381 attinet,
763 1294 887 1364 utrovis
901 1292 1001 1364 modo
1021 1315 1072 1362 res
1083 1291 1240 1386 praeclare
1260 1313 1295 1362 se
1365 1364 1369 1372 ,

250 1404 406 1474 habitura
414 1416 473 1474 est.
488 1405 572 1474 me
587 1401 614 1472 si
623 1400 666 1470 ad
674 1401 776 1493 ipsius
793 1401 987 1492 dignitatem
999 1414 1032 1470 et
1045 1401 1200 1470 meritum
1214 1423 1294 1493 pro·
1317 1425 1321 1437 ·

251 1508 326 1602 piris
341 1508 551 1594 accesserint,
565 1507 634 1578 vim
654 1531 747 1578 suam
768 1521 802 1576 et
820 1505 1011 1578 facultatem
1035 1509 1226 1593 ostendent,
1244 1507 1297 1576 sin

252 1628 364 1685 autem
376 1615 419 1685 ab
433 1611 522 1684 illius
533 1612 722 1707 praestantial
731 1611 830 1702 longe
839 1613 1023 1700 abfuerint,
1033 1616 1047 1704 (
1058 1612 1150 1707 quod
1159 1613 1295 1684 omuiud

252 1723 307 1810 iis,
326 1725 383 1816 qui
402 1747 478 1794 eum
493 1721 629 1792 laudare
648 1721 866 1808 instituerint,
883 1719 1029 1792 accidere
1049 1745 1180 1791 necesse
1202 1723 1295 1812 est,)

250 1853 287 1900 re
301 1831 373 1922 ipsd
387 1853 421 1898 se
433 1827 643 1899 succubuisse
658 1825 886 1914 declarabunt,
901 1851 1044 1921 eumque
1058 1825 1101 1898 de
1112 1830 1207 1922 cujus
1221 1828 1296 1899 lau·

251 1937 350 2008 dibus
361 1938 484 2029 agitur,
504 1959 636 2007 omnem
646 1935 716 2006 vim
732 1936 888 2006 orationis
896 1959 1061 2028 superare.

298 2072 315 2111 u
334 2049 413 2115 Haec
425 2042 560 2138 quidem
572 2055 667 2140 sunt,
683 2065 759 2134 quac
773 2067 827 2112 me
844 2041 886 2112 ad
902 2042 1100 2130 dicendum,
1118 2043 1206 2114 etad
1223 2035 1312 2115 sus-⁴

251 2149 440 2244 cipiendum
456 2152 520 2220 hoc
536 2164 703 2220 certamen
723 2147 938 2241 impulerunt.
958 2149 1057 2232 Quod
1077 2149 1104 2218 si
1125 2149 1231 2222 multo
1246 2173 1296 2222 se-

251 2256 336 2345 rios,
354 2260 455 2351 quam
471 2271 601 2350 tempus
617 2252 822 2349 postulabat,
840 2280 878 2326 ac
894 2270 969 2349 post
984 2270 1036 2328 tot
1051 2255 1150 2343 alios,
1168 2257 1228 2351 qui
1244 2281 1295 2328 res

249 2365 339 2436 illius
353 2363 505 2457 privatim
514 2363 714 2460 publiceque
729 2360 884 2432 laudibus
894 2364 1070 2450 ornarunt,
1088 2363 1131 2434 ad
1140 2365 1203 2434 hoc
1219 2388 1295 2434 mu-

252 2495 326 2557 nus,
341 2471 474 2557 accessi,
505 2471 630 2539 nemini
657 2471 779 2540 mirum
804 2469 1112 2540 videatur.Veri1m
1147 2471 1296 2563 ignoscat

250 2577 353 2664 mihi,
377 2575 496 2664 velim,
514 2575 626 2646 divina
641 2578 766 2662 anima,
798 2576 963 2670 mihique,
981 2589 1015 2646 et
1029 2600 1135 2663 nunc,
1163 2591 1197 2647 et
1208 2580 1295 2667 ,ante

250 2673 449 2764 veneranda.
479 2681 766 2766 Quemadmodum
786 2696 898 2752 autem
916 2683 1070 2769 omninb,
1097 2682 1174 2753 clim
1204 2683 1296 2776 apud

252 2815 312 2863 nos
348 2804 487 2884 ageret,
516 2788 622 2858 multa
647 2813 721 2860 mea
746 2804 854 2858 errata
878 2812 946 2882 pro,
967 2789 1119 2858 amicitiae
1147 2791 1222 2882 jure
1256 2805 1300 2859 ac¹

250 2897 470 2992 praestantiori
490 2895 564 2987 lege
581 2895 783 2986 corrigebat3
803 2897 901 2984 (non
921 2894 1009 2964 enim
1033 2893 1140 2964 dicere
1157 2917 1293 2981 vereor,

251 3006 344 3102 qubd
360 3005 486 3075 cunctis
503 3016 586 3071 esset
601 3001 654 3070 lex
669 3015 703 3070 et
726 3024 841 3070 norma
856 3001 985 3072 virtutis
996 3006 1024 3092 3)
1040 3003 1085 3072 sic
1101 3026 1190 3072 nunc
1206 3027 1296 3096 quo·

251 3115 318 3208 qula
340 3111 438 3202 suprb
464 3129 524 3176 nos
546 3106 688 3198 positus,
716 3103 845 3176 facilem
867 3130 901 3176 se
927 3109 1008 3177 mihi
1031 3132 1069 3178 ac
1094 3109 1297 3179 exorabilem

249 3216 423 3314 praebebit.
443 3219 618 3307 Ignoscant
636 3213 751 3300 etiam,
776 3237 905 3307 quaeso,
924 3217 1124 3311 quicumque
1139 3241 1178 3288 ex
1200 3217 1295 3288 vobis

251 3323 463 3396 ferventiores
478 3319 565 3390 illius
585 3318 772 3390 laudatores
788 3335 882 3411 sunt,
899 3322 926 3390 si
949 3323 1008 3416 qui
1027 3337 1137 3393 tamen
1152 3323 1207 3394 alii
1223 3322 1295 3393 aliis

250 3425 464 3501 ferventiores
479 3441 577 3513 sunt,
608 3451 645 3497 ac
661 3451 729 3497 non
758 3427 868 3520 potiris
884 3451 997 3498 omnes
1020 3429 1083 3499 hac
1099 3431 1166 3498 und
1185 3430 1221 3498 in
1236 3453 1292 3516 re,

248 3539 314 3608 hoc
329 3549 390 3622 est,
404 3535 441 3605 iu
451 3535 552 3627 ipsius
561 3532 660 3602 laude
672 3547 705 3602 et
716 3532 966 3624 praedicatione,
978 3557 1071 3628 pares
1080 3558 1203 3604 sumus.
1218 3539 1297 3606 Non

249 3645 338 3715 euim
362 3642 562 3735 negligentia
581 3653 614 3708 et
636 3654 830 3732 contemptu
847 3640 993 3710 officium
1008 3643 1293 3735 praetermisimus,

251 3752 336 3820 absit
351 3751 460 3834 enim,
479 3763 517 3845 ut
529 3746 778 3847 aut-virtutem,
797 3759 854 3816 aut
863 3747 1014 3814 amicitiae
1024 3749 1171 3818 officium
1188 3749 1296 3842 usque

252 3856 335 3928 adeo
351 3855 650 3946 negligamus,.nec
672 3853 840 3946 qubd'hoc
861 3851 1058 3923 laudationis
1079 3879 1201 3924 munus
1220 3855 1297 3922 cui-

252 3971 352 4058 q‘uam
367 3961 440 4050 alii,
456 3961 565 4053 potitis
577 4013 586 4048 ,
598 3963 699 4053 qulam
710 3960 805 4030 nobis
817 3960 991 4032 convenire
1001 3962 1209 4034 arbitremur.
1229 3961 1297 4034 Sed
