2984 4580
269 425 332 486 356
416 437 644 486 andronicus
671 437 823 500 sarnum,
850 436 925 486 rans
948 442 993 500 11,
1019 440 1102 484 seor.
1122 442 1146 482 r.

310 568 327 605 a
350 537 483 610 Venite
492 535 698 622 adoremus,
710 536 910 606 dilectissimi
922 544 1071 624 Fratres,
1086 550 1121 608 et
1130 535 1309 630 procida-

227 647 231 664 “
264 667 355 732 mus,
366 659 400 714 et
405 643 586 736 ploremus
596 641 885 713 anteDomt'num
893 646 956 732 qui
955 643 1310 740 fhca'tnos1,dicentes

263 752 308 820 ei:
319 753 348 820 Ο
360 751 551 820 Domiuator
559 762 593 818 et
603 749 752 834 Domine,
768 749 961 820 haecomnia
976 763 1014 820 ut
1026 755 1112 828 Deu‘s
1126 749 1311 820 sustinuisti

262 880 323 950 pro
336 855 434 938 nobis
453 884 462 925 a
479 877 539 926 nos
555 867 665 924 autem
681 867 867 946 peccatores
882 875 1010 947 semper
1021 868 1055 925 te
1064 855 1308 942 exacerbamus,

262 977 296 1034 et
311 961 478 1034 beneficiis
489 961 555 1034 tuis
570 983 684 1038 sumus
699 960 832 1052 ingrati.
854 963 903 1030 Tu
919 965 1007 1032 Deus
1027 961 1096 1032 sint
1121 961 1228 1047 initio,
1250 985 1311 1032 na·

263 1070 338 1138 tura
352 1067 715 1162 incomprehensibilis,
733 1065 915 1136 misericors
929 1079 964 1136 et
976 1066 1067 1159 pius,
1084 1065 1311 1159 complacuisti

266 1176 371 1268 gratia
387 1176 445 1244 tua
460 1174 717 1268 perpessionem
736 1173 841 1241 crucis
855 1182 1042 1267 peccatores
1061 1172 1166 1244 salvos
1181 1171 1309 1261 lacere,

264 1282 323 1376 qui
344 1295 374 1350 te
400 1303 471 1350 non
485 1280 671 1364 novdmnt,
689 1278 816 1348 donans
825 1277 887 1364 eis,
904 1291 980 1370 post
994 1275 1235 1370 indulgendam
1250 1278 1311 1350 de-

265 1391 432 1473 lictorum,
447 1387 547 1456 etiam
566 1385 680 1454 lumen
700 1385 844 1455 scientiae
860 1398 939 1456 tuae.
954 1385 1043 1468 Quid
1062 1387 1140 1476 ergd
1159 1387 1312 1456 retribuit

228 1506 231 1514 '
266 1517 367 1586 genus
384 1496 571 1564 humanum
586 1493 649 1564 tibi
668 1490 822 1562 invisibili
843 1506 877 1562 et
891 1493 1125 1585 benignissimo
1148 1495 1312 1566 Domino?
1348 1570 1354 1578 ,

156 1591 164 1604 ⁹
265 1605 346 1675 N'am
367 1602 444 1673 ciam
465 1601 561 1694 impii
575 1619 739 1686 essemus,
756 1615 825 1670 nou
845 1601 1029 1672 secundum
1053 1615 1227 1690 naturam,
1253 1601 1312 1672 sed

264 1711 395 1804 proprisi
404 1707 603 1794 voluntate„
620 1709 714 1802 quasi
728 1707 800 1800 pius
816 1721 916 1802 atque
932 1723 1059 1781 amator
1075 1709 1225 1786 omniurn
1243 1708 1310 1780 sal-

264 1817 345 1887 vlsti
357 1840 437 1906 nos,
450 1815 508 1890 sed
517 1815 637 1886 iterum
654 1839 712 1907 per
723 1815 955 1906 negligentiam
966 1829 1111 1888 nostram
1122 1829 1221 1908 atque
1233 1838 1312 1908 pec-

264 1939 336 1994 cata
350 1923 548 2000 incidimus:
566 1937 604 1992 tu
625 1936 736 1992 autern
752 1922 840 1992 idem
851 1923 921 2015 ipse
942 1947 975 1992 es
989 1946 1118 2016 semper
1129 1923 1310 1993 misericors

187 2090 190 2096 .
264 2044 297 2099 et
311 2031 497 2115 miserator,
511 2027 665 2096 terribilis
677 2041 711 2096 et
725 2027 904 2116 gloriosus,
921 2029 1082 2106 conditor
1090 2028 1308 2114 saeculorum,

207 2174 211 2183 ·
265 2136 426 2228 patienter
442 2143 484 2204 ab
500 2133 595 2207 initio
611 2134 772 2202 sustinens
792 2137 1037 2226 perversitatem
1055 2150 1223 2222 nostram,
1246 2135 1310 2206 do·

264 2267 344 2314 nans
361 2243 456 2314 nobis
471 2255 602 2334 tempus
618 2234 845 2334 poeniteutiae,
865 2256 902 2312 et
915 2243 1138 2322 remissionem
1154 2257 1310 2335 peceato-

265 2375 339 2422 rum
355 2373 416 2448 pro
430 2349 654 2426 ineffabilibus
670 2348 934 2418 miserationibus
948 2349 1023 2435 tuis,
1042 2373 1124 2443 quas
1140 2349 1310 2422 ostendisti

176 2509 178 2516 -
265 2457 371 2528 nobis.
391 2457 493 2526 Filius
504 2457 576 2540 Dei,
587 2456 694 2526 victus
706 2455 848 2532 nobises
861 2457 1000 2526 Domine
1012 2461 1099 2526 Deus
1109 2471 1221 2527 noster
1232 2458 1311 2528 oha-

265 2564 360 2630 ritate
379 2561 437 2629 tut
459 2559 635 2629 etsauctis
654 2559 917 2630 miserationibus
933 2563 1018 2648 tuis,
1045 2578 1083 2633 ut
1103 2587 1162 2654 per
1176 2585 1311 2634 crucem

265 2681 357 2740 tuem
374 2679 482 2744 totum
503 2667 665 2734 muudum
690 2685 859 2736 servares:
876 2667 1045 2738 nisienim
1070 2670 1176 2740 victus
1194 2671 1309 2742 fuisses

266 2773 435 2859 charitate,
451 2771 633 2842 misericors
645 2772 790 2858 Christe,
808 2775 1019 2866 temetipsum
1038 2777 1179 2846 hostiam
1203 2777 1310 2848 vivam

156 2873 159 2878 ¹
266 2895 301 2954 et
318 2879 564 2950 immaculatam
585 2881 758 2970 nunqutm
782 2902 842 2970 pro
874 2882 1099 2972 peccatoribus
1122 2880 1306 2952 obtulisses.

154 3081 156 3084 y
264 2987 334 3070 Qui
348 2983 539 3082 illuminlsti
557 2983 660 3072 gratia
680 2985 738 3051 tud
751 2985 939 3054 uuiversum
956 2985 1140 3074 mundum,
1158 2986 1309 3056 illumina

270 3091 361 3184 quud
375 3091 412 3160 in
434 3111 489 3158 me
504 3101 553 3168 est
573 3087 810 3158 tenebrosum:
831 3090 946 3161 oculus
966 3093 1053 3162 enim
1073 3116 1167 3163 meus
1182 3095 1308 3164 velatus

271 3209 365 3266 estet
375 3217 503 3280 eoecus,
517 3193 667 3264 illumina
679 3217 756 3264 eum
768 3217 895 3287 semper
906 3197 941 3268 in
954 3198 1219 3271 miserationibus
1231 3199 1306 3283 tuis,

267 3327 313 3372 ne
328 3315 489 3374 crassante
507 3299 641 3370 diabolo
657 3301 787 3393 penitius
808 3304 1022 3395 obscuretur,
1038 3305 1190 3376 illumina
1212 3307 1310 3376 etiam

272 3425 400 3482 nostros
414 3409 582 3490 interiores
596 3408 722 3494 oculos,
736 3409 928 3494 Dominator
944 3411 1092 3483 Domine.
1112 3417 1201 3482 Voce
1210 3413 1311 3504 igitur

264 3516 467 3608 diligamus,
486 3515 613 3606 tibique
626 3515 843 3584 conliteamur
861 3545 879 3586 a·
892 3539 931 3584 ex
943 3517 1104 3606 clariritate
1123 3541 1311 3590 omnesvo-

271 3624 414 3695 luntates
430 3637 501 3692 tuas
514 3621 668 3712 perficere
680 3619 855 3690 valeamus.
878 3627 948 3692 Hoc
962 3625 1041 3714 ergd
1060 3639 1178 3716 praesta
1191 3627 1309 3712 nobis,

273 3731 452 3799 misericors
465 3730 604 3810 Christe,
623 3724 662 3796 *nt
676 3727 765 3817 pleni
781 3730 884 3819 gratia
899 3745 932 3798 et
947 3727 1188 3805 illuminatione
1202 3735 1311 3815 scien·

231 3899 232 3902 ,
273 3836 326 3906 tiae
344 3852 421 3918 tuae,
436 3857 509 3902 cum
524 3832 590 3902 fide
602 3847 634 3904 et
648 3833 903 3903 sanctificatione
915 3835 1106 3906 accedamus
1123 3841 1165 3906 ad
1178 3833 1312 3907 calicem

312 3963 470 4024 *Deultum
489 3965 514 4012 6.
538 4012 540 4018 ,
