2984 4580
300 453 379 518 dll'
448 466 628 514 nannenten
651 467 677 513 s.
702 467 856 527 aaaron,
879 449 961 512 aare
979 467 1026 528 ιι,
1051 467 1135 510 sacr.
1160 467 1185 510 ι.

296 569 452 662 temporis
463 566 593 638 licentii
606 565 820 638 immoderate
835 566 1017 648 abutentes,
1035 564 1129 657 plebs
1144 565 1243 632 etiam
1258 562 1336 633 alio·

295 678 355 774 qui
374 676 526 748 seditiosa
542 690 576 746 ct
598 677 732 761 l'uriosa,
757 674 1000 768 huncquoque
1024 671 1247 765 impietatibus
1271 673 1335 741 suis

295 782 469 860 cumulum
499 779 661 854 addidisse
687 780 895 865 referuntur,
918 793 958 848 ut
984 791 1225 850 sacrosanctum
1248 789 1335 846 tem·

295 891 390 985 plum
410 903 558 959 nostrum
570 887 695 982 duplici
706 911 834 973 cruore,
844 889 916 958 ‚boc
931 900 996 971 cst,
1013 886 1221 955 victimarum
1230 898 1265 953 et
1278 885 1336 954 ho-

295 998 435 1082 minum,
449 995 635 1088 implerent,
645 996 747 1088 idque
757 993 957 1088 imperatorii
967 993 1136 1087 cujusdam
1149 979 1337 1084 philosophi

298 1107 403 1185 ductu
425 1118 523 1197 atque
537 1103 686 1195 auspiciis
708 1103 926 1194 perpetrasse,
948 1100 990 1169 ab
1012 1099 1064 1168 his
1087 1099 1217 1168 tannim
1238 1099 1336 1167 rebus

295 1211 438 1282 nominis
450 1207 571 1280 lamam
586 1209 775 1279 consecuti?
790 1207 890 1277 Eecui
907 1205 1179 1298 Heliopolitarum
1194 1227 1336 1274 coneur-

295 1317 344 1388 sio
367 1316 535 1407 incognita
557 1317 628 1386 est?
650 1314 744 1386 eccui
757 1405 758 1408 Ἴ
772 1316 978 1398 Gazaeorum,
1004 1313 1062 1405 qui
1084 1310 1174 1403 apud
1201 1333 1278 1380 eum
1301 1313 1337 1381 in

217 1453 220 1460 ’
296 1422 511 1495 admiratione
519 1423 688 1492 ethonore
698 1435 801 1507 erant,
813 1421 985 1512 propterea
997 1418 1089 1512 qubd
1099 1417 1200 1509 ipsius
1209 1421 1338 1510 magni·

297 1530 462 1602 licentiam
486 1528 590 1621 probe
620 1527 879 1621 persentiebam,
906 1525 1036 1594 effrenis
1057 1523 1222 1592 audatiae?
1246 1526 1337 1594 eccui

297 1636 549 1710 Arethusiorum
573 1633 683 1722 furor,
704 1635 763 1728 qui
777 1631 852 1703 crim
869 1631 959 1724 priris
980 1629 1113 1700 obscuri
1128 1644 1229 1724 atque
1249 1633 1339 1722 igno·

298 1743 382 1816 biles
400 1757 524 1831 essent,
546 1744 589 1814 ab
605 1767 646 1814 eo
659 1757 808 1835 tempore
822 1741 981 1833 perquam
995 1740 1095 1808 etiam
1112 1739 1183 1808 noti
1199 1763 1238 1809 ac
1252 1739 1338 1810 cele-

297 1852 373 1922 bres
386 1849 546 1920 fuirunt?
560 1855 627 1922 Nec
643 1851 732 1919 enim
747 1846 902 1942 praeclara
916 1844 1077 1915 duntaxat
1096 1845 1182 1915 actio
1197 1846 1337 1916 celebri-

297 1974 396 2032 utem
412 1960 509 2053 parit,
526 1957 698 2028 sedetiam
717 1956 927 2050 improbitas,
943 1977 1020 2048 quae
1039 1975 1220 2046 pravorum·
1230 1955 1337 2025 homi-

297 2092 379 2138 num
391 2067 527 2157 gloriam
542 2077 685 2158 superat.
1115 2060 1121 2082 ⁸

345 2202 362 2241 »
381 2173 434 2243 Illi
454 2173 555 2258 enim,
581 2186 621 2241 ut
643 2181 748 2246 unum
769 2194 808 2240 ex
824 2162 935 2239 inultis
957 2171 1230 2256 commemorem,
1247 2171 1360 2263 qubd·

298 2281 398 2354 etiam
418 2280 522 2350 atheis
541 2280 711 2350 horrorem
733 2281 879 2348 incutere
897 2290 1016 2370 queat,
1033 2276 1174 2366 virgines
1189 2291 1294 2346 castas
1307 2291 1341 2347 ct

297 2387 425 2463 mundo
444 2387 665 2473 sublimiores,
687 2409 828 2480 qumque
848 2385 902 2454 vix
921 2385 1019 2454 etiam
1041 2386 1190 2478 unquam
1207 2385 1285 2454 viris
1305 2385 1340 2454 in

298 2508 512 2586 conspectum
527 2506 696 2576 venerant,
713 2492 749 2560 in
763 2489 908 2560 medium
923 2491 1112 2583 productas,
1129 2492 1341 2585 vestibusque
1391 2487 1398 2496 '

298 2600 455 2684 nudatas,
473 2613 513 2668 ut
532 2621 591 2689 per
610 2609 779 2688 aspectum
792 2596 1025 2666 contumeliam
1038 2598 1114 2690 ipsis
1129 2597 1221 2690 priuis
1236 2596 1342 2666 inler-

240 2777 243 2786 ,
296 2720 383 2793 rent,
401 2730 439 2776 ac
449 2707 561 2799 posted
572 2705 745 2799 proscissus
762 2719 861 2798 atque
871 2703 1038 2794 dissectas,
1052 2708 1073 2775 ὀ
1088 2707 1236 2792 Christe,
1253 2729 1340 2800 quo-

295 2813 398 2886 modb
413 2828 506 2884 tuam
515 2811 602 2884 illius
612 2813 768 2904 temporis
782 2813 971 2904 patientiam
987 2813 1090 2888 feram
1103 2813 1112 2882 l
1130 2815 1251 2906 partim
1267 2837 1342 2906 pro·

294 2923 374 3017 priis
388 2921 488 2992 etiam
503 2917 658 2990 dentibus
673 2919 890 2990 comminutas
905 2920 1026 3006 edisse,
1040 2927 1150 3014 atque,
1169 2935 1209 2990 ut
1224 2945 1339 2992 eorum

295 3025 516 3098 execrandum
534 3023 681 3094 furorem
696 3023 856 3112 decebat,
876 3025 985 3097 crudis
1004 3029 1190 3120 hepatibus·
1201 3051 1273 3098 sese
1287 3029 1340 3097 in-

296 3132 475 3224 gurgitlsse
489 3129 660 3213 feruutur,
676 3153 714 3200 ac
731 3130 808 3201 cibo
822 3129 880 3210 illo
899 3131 1105 3225 perfunctos,
1127 3155 1340 3204 communem

297 3253 331 3310 et
352 3241 509 3310 usitatum
525 3236 705 3310 admisisse:
719 3241 837 3332 partim
850 3240 1103 3334 palpitantibust
1115 3242 1225 3312 adbbc
1237 3244 1341 3313 visce-

296 3347 387 3418 ribus
402 3345 536 3417 suillum
548 3345 713 3439 ‘pabulum
725 3347 928 3449 impertisse,
945 3346 1220 3442 ferocissimisque
1232 3350 1339 3442 porcis

295 3453 447 3526 immissis
460 3455 524 3524 hoc
539 3453 763 3546 spectaculum
775 3454 943 3548 objecisse,
955 3469 993 3524 ut
1006 3455 1104 3524 simul
1119 3473 1198 3525 cum
1213 3456 1339 3526 hordeo

295 3586 408 3634 carues
428 3562 543 3632 laniari
563 3575 662 3656 atque
681 3561 774 3630 exedi
784 3562 1027 3656 perspicerent,
1041 3563 1180 3632 mixtum
1201 3563 1339 3634 alimen·

295 3685 382 3755 tum,
399 3693 437 3742 ao
454 3669 525 3740 tiam
538 3668 681 3762 primitur
699 3683 913 3762 conspectum
937 3683 971 3740 et
988 3669 1139 3740 auditum
1154 3699 1163 3740 z
1177 3695 1251 3764 quo
1261 3671 1339 3740 sanc

294 3778 323 3848 is
337 3777 444 3850 sollum
459 3778 711 3867 damonassuos
725 3777 1021 3863 aleramerebatur,
1034 3779 1092 3871 qui
1103 3779 1224 3848 borum
1234 3777 1336 3848 scale

294 3906 370 3954 rum
385 3885 581 3954 architectus
596 3897 686 3974 erat3
703 3882 984 3978 quemadmodum
999 3886 1111 3971 etiam,
1125 3899 1163 3954 nt
1179 3898 1333 3977 parerat,

293 4005 327 4061 et
341 3980 500 4081 sanguine
511 3989 570 4060 illo
586 4004 619 4060 et
633 3990 770 4062 vulnere
784 3990 878 4079 aluit,
895 3992 986 4088 quod
1000 3993 1036 4064 in
1046 3991 1334 4086 praecordiisacce·
