2984 4580
250 405 312 470 att
403 423 582 469 remearet
605 421 632 469 s.
658 421 811 484 errauu,
837 421 913 468 rans
937 424 983 484 ιι,
1008 419 1092 466 seer.
1119 425 1143 465 1.
1214 380 1221 396 l

248 524 364 594 animae
389 525 601 616 corporisque
632 521 848 608 restauratio,
872 520 961 590 salus
985 544 1081 607 mea,
1108 521 1287 592 consolatio

248 651 338 713 mea,
356 653 428 699 mea
444 630 531 716 vita,
550 651 623 698 mea
637 627 694 697 lux
705 651 808 721 ‚spes
823 617 907 712 mea,
931 627 1136 719 refrigerium
1153 651 1285 716 meum,

248 735 349 804 animi
364 737 429 806 mei
447 735 619 828 voluptas,
638 733 802 826 refugium
818 757 950 820 meum,
967 735 1149 827 protectio,
1167 736 1285 823 robur,

246 840 372 929 laetitia,
390 841 544 930 dulcedo,
562 866 692 929 murus,
708 841 907 929 subsidium,
925 844 1085 929 munitio,
1104 857 1285 931 armatura,

248 947 407 1036 defensio,
427 949 540 1042 gloria,
555 965 705 1044 patrona,
727 949 909 1038 mediatrix,
927 949 1159 1043 tranquillitas,
1176 951 1285 1038 tuitio,

249 1056 422 1145 exultatio,
439 1081 521 1150 pax,
539 1058 698 1143 laudatio,
717 1058 894 1149 gaudium,
913 1058 1112 1144 benedictio,
1131 1059 1286 1145 anchora,

249 1165 462 1252 abundantia,
481 1189 550 1252 ros,
564 1166 725 1258 dignitas,
740 1166 911 1252 sanctitas,
929 1167 1190 1258 magnificentia,
1203 1166 1289 1236 libe·

221 1273 350 1358 ·ratio,
378 1272 601 1344 molestiarum
632 1296 780 1344 mearum
807 1271 1005 1359 consolatio,
1028 1271 1226 1344 illuminatio
1252 1295 1289 1344 ac

249 1380 461 1450 sanctificatio
477 1381 594 1450 animae
617 1403 715 1467 meae,
738 1394 947 1472 peecatorum
967 1403 1117 1451 meorum
1137 1381 1290 1474 redemp-

249 1490 316 1574 tio,
339 1487 515 1558 obleetatio
531 1511 569 1557 ex
585 1493 653 1558 Deo
673 1488 791 1557 animae
811 1511 910 1575 meae,
928 1489 993 1558 mci
1013 1487 1100 1558 avidi
1115 1486 1223 1559 cordis
1240 1488 1290 1558 di·

249 1596 324 1666 vina
340 1595 497 1689 aspersio,
514 1595 696 1666 tenebrosae
711 1619 795 1664 meae
809 1595 927 1664 animae
939 1594 1064 1689 lampas
1074 1595 1287 1684 lucidissima,
1343 1645 1345 1648 -

250 1703 407 1772 nuditatis
419 1727 501 1774 meae
517 1703 775 1796 operimentum,
790 1705 971 1794 gemituum
989 1699 1141 1778 meorum
1151 1705 1287 1792 sedatio,

249 1833 399 1880 meorum
414 1809 671 1881 infortuniorum
681 1812 851 1897 correctio,
863 1812 1076 1898 continentia,
1091 1812 1287 1905 purificatio,

249 1919 423 2006 fortitudo,
438 1920 664 2013 temperantia,
678 1921 839 1990 virtutum
852 1933 1095 2005 ornamentum,
1109 1943 1182 1988 ntea
1193 1911 1291 1988 liber'·

250 2040 319 2111 tas,
340 2042 474 2118 portus,
499 2030 690 2113 thesaurus,
707 2027 885 2120 negotiatio
904 2027 981 2097 verb
1005 2015 1144 2115 aeterna,
1169 2027 1290 2096 stabilis

250 2135 460 2227 poenitentia,
482 2135 681 2220 sublimitas,
705 2134 793 2204 bona
808 2132 1143 2227 valetudo‚speeies,
1166 2136 1288 2222 robur,

249 2243 375 2311 bonum
396 2242 588 2328 consilium,
610 2241 813 2328 intellectio,
838 2241 1014 2329 exultatio,
1042 2240 1176 2312 domina
1196 2265 1289 2327 ntea,

251 2350 409 2442 gaudium
427 2373 555 2435 meum,
574 2350 729 2444 splendor
745 2373 835 2419 meus
851 2363 885 2420 et
904 2349 945 2420 ad
966 2355 1072 2420 Deum
1087 2374 1198 2419 meum
1213 2350 1291 2442 vigil

250 2458 398 2526 custodia
412 2482 480 2528 non
497 2457 731 2528 erubescenda.
749 2457 833 2526 Vide
848 2481 954 2527 meam
970 2459 1090 2545 fidem,
1112 2481 1291 2552 meumque

251 2563 449 2634 desiderium
462 2565 619 2635 divinitits
637 2565 764 2650 datum,
776 2568 933 2660 tauquam
943 2591 1019 2660 quae
1034 2567 1289 2659 compassionem

251 2685 284 2740 et
299 2674 479 2765 potentiam
491 2673 603 2742 habes.

296 2808 312 2844 n
333 2782 502 2875 Tanquam
514 2780 591 2851 verb
603 2785 708 2851 Mater
717 2781 869 2876 ejus,qui
878 2779 965 2852 solus
977 2782 1085 2851 bonus
1089 2835 1102 2868 ,
1115 2805 1153 2852 ac
1165 2783 1291 2851 miseri-

210 2889 213 2897 ’
250 2911 322 2957 cors
345 2903 413 2974 est,
440 2889 566 2982 suscipe
591 2888 805 2957 miserrimam
829 2890 972 2958 animam
994 2912 1123 2975 meam,
1152 2912 1290 2983 eamque

250 2997 386 3086 dignare
401 3020 460 3088 per
477 3010 569 3065 tuam
581 2995 845 3065 intercessionem
869 2995 1181 3090 defensionemque,
1199 3010 1291 3090 parte

158 3161 159 3164 ,
250 3105 382 3172 dextera
391 3104 552 3194 unigeniti
567 3102 642 3170 Filii
652 3103 713 3188 tui,
728 3115 761 3171 et
776 3104 889 3196 requie
899 3105 1079 3175 electorum
1091 3119 1291 3175 sanctorum·

249 3233 316 3303 que
330 3211 448 3300 ipsius,
466 3201 623 3280 auxilium
638 3208 928 3304 defensionemque
949 3236 1017 3283 non
1032 3213 1156 3299 habeo,
1171 3227 1291 3304 praeter

247 3323 303 3408 te,
320 3318 355 3387 in
370 3331 404 3386 te
415 3341 521 3410 spero,
534 3319 603 3388 voti
619 3342 753 3412 compos
770 3342 842 3408 ero,
856 3319 891 3387 in
906 3334 939 3388 te
952 3318 1093 3412 glorior,
1107 3319 1290 3413 noliprop-

242 3439 299 3498 ter
318 3449 390 3495 mea
410 3425 514 3496 multa
533 3441 638 3496 errata
658 3441 758 3520 atque
777 3426 982 3520 iniquitates,
1006 3441 1152 3496 avertere
1173 3426 1290 3496 faciem

250 3537 369 3605 tuama
385 3557 438 3603 me
449 3533 586 3627 indigno
597 3533 722 3603 famulo
734 3549 804 3603 tuo.
819 3535 928 3604 Habes
938 3535 1025 3604 enim
1036 3533 1121 3606 velle
1133 3548 1166 3604 et
1181 3557 1287 3626 posse,

249 3644 406 3736 tanquam
441 3665 515 3736 quac
545 3642 644 3710 modo
675 3641 894 3733 inexplicabili
931 3666 1035 3712 unum
1062 3665 1102 3712 ex
1133 3643 1290 3714 Trinitate

250 3751 417 3841 genueris,
438 3751 540 3818 habes
556 3773 622 3843 quo
634 3747 788 3836 suadeas,
803 3774 869 3842 quo
882 3750 1010 3840 flectas,
1026 3749 1132 3820 habes.
1150 3773 1287 3834 manus,

249 3854 370 3954 quibus
396 3879 473 3926 eum
497 3855 757 3926 inenarrabiliter
776 3855 929 3950 portasti,
952 3857 1072 3944 ubera,
1097 3858 1218 3950 quibus
1237 3856 1289 3926 lac

250 3963 439 4054 praebuisti,
455 3965 490 4033 in
505 3965 695 4035 memoriam
713 3989 825 4036 revoca
842 3965 968 4053 fascias,
986 3982 1019 4036 et
1034 3964 1194 4059 reliquam
1210 3965 1290 4034 edu·
