2992 4590
275 389 338 463 138
428 405 609 470 lffllllffl
631 403 658 468 5·
683 403 832 470 'millib
859 401 935 472 {lli
958 407 1005 484 ll,
1030 401 1116 470 §30⁹2
1141 409 1166 468 1,

274 503 511 596 consideamus,
523 505 624 596 fidem
640 527 717 588 cum
732 503 853 592 fiducia
867 503 1121 600 profiteamur„
1139 508 1185 602 Et
1199 527 1319 599 quem-

274 609 454 698 admodum
467 612 644 713 imperator
655 611 689 678 in
702 609 808 704 capite
820 607 991 700 diadema,
1008 611 1054 680 sic
1069 624 1103 681 et
1118 633 1178 700 nos
1193 609 1320 705 ubique

272 717 509 788 confessionem
526 717 604 786 fidei
617 713 919 802 circumferamus¹²
935 743 952 780 a

317 825 397 912 Quis
407 825 479 896 haec
496 822 674 909 audiendo,
693 825 760 892 tim
773 835 944 910 strenuum
960 823 1082 912 Christi
1096 822 1235 894 militem
1250 848 1320 914 non

273 933 470 1003 miraretur}¹
486 933 559 1028 quis
575 933 618 1002 ad
633 934 701 1026 ejus
724 931 939 1016 imitationem
958 955 1027 1001 non
1046 930 1226 1002 exultaret?
1246 932 1327 1028 quis‘

273 1039 403 1110 sibimet
423 1039 484 1132 ipsi
502 1063 571 1109 uon
590 1038 802 1132 exprobraret
824 1021 931 1118 coidis
945 1062 1030 1108 vana
1053 1039 1231 1126 metueritis
1255 1037 1321 1126 im·

272 1145 509 1217 becillitatem‘l
527 1145 613 1216 Drim
629 1144 790 1216 exaltator
804 1159 947 1236 martyr,
965 1146 1175 1230 instruuntur
1194 1170 1318 1234 mores,

273 1254 374 1328 animi
389 1251 608 1352 illustrantur,
620 1266 812 1352 mentesque
823 1253 866 1322 ad
877 1252 1034 1324 virtutem
1050 1267 1163 1324 sancto
1175 1237 1321 1344 impulsu

273 1361 418 1448 incitatae
444 1374 635 1456 properant.
663 1363 882 1454 Opponantur
908 1361 987 1431 huic
1010 1359 1118 1445 brevi,
1137 1359 1322 1458 religiose,

273 1467 479 1567 simplicique
504 1469 659 1556 orationi,
685 1469 753 1554 tim
777 1465 976 1552 elucubrati,
994 1469 1061 1536 tim
1078 1467 1225 1560 compti,
1251 1455 1320 1536 tam'

273 1573 407 1666 expoliti
433 1574 653 1670 quorumdam
674 1574 893 1644 recentiorum
912 1573 1116 1665 panegyrici,
1143 1585 1178 1641 et
1192 1574 1320 1665 sapiens

273 1681 500 1776 unusquisque
515 1682 619 1778 dicat,
638 1681 751 1750 utrum
775 1681 848 1750 haec
863 1704 969 1784 pauca
991 1704 1067 1750 eum
1089 1679 1166 1770 illo,
1190 1704 1232 1750 an
1248 1681 1319 1750 haec

272 1786 379 1871 multa
394 1813 470 1858 cum
482 1789 550 1858 istis
563 1789 726 1880 scripsisse
737 1785 926 1858 maluerint.

317 1889 392 1965 Non
404 1893 546 1982 facunde
558 1893 666 1963 mimis
681 1897 713 1964 S.
730 1891 866 1964 Basilius
876 1906 1066 1963 sanctorum
1079 1895 1319 1988 Quadraginta-

206 2011 208 2015 ’
272 2007 457 2091 Martyrum
473 2003 659 2072 encomium
674 2000 830 2074 celebrat.
848 2003 951 2095 Cujus
966 2001 1038 2070 baec
1053 2015 1131 2090 sunt
1152 2001 1254 2096 verba
1269 2016 1320 2074 at·
1384 1997 1386 2002 ’

272 2108 371 2177 ticam
386 2105 608 2202 eloquentiam
623 2105 778 2202 spirantia
797 2137 805 2179 ι

192 2235 202 2240 ·
320 2243 336 2280 «
349 2217 526 2307 Postqubm
543 2227 653 2286 autem
669 2214 915 2310 promulgatum
931 2227 979 2284 est
993 2214 1133 2307 impium
1150 2213 1235 2284 illud
1251 2237 1319 2286 sce-

272 2319 459 2416 lestumque
478 2319 645 2406 edictum,
671 2333 711 2389 ut
734 2321 868 2416 nequis
898 2322 1110 2399 confiteretur
1125 2321 1315 2412 Christum,
1389 2358 1393 2362 -

274 2427 398 2526 alioqui
414 2429 587 2498 subeunda
603 2427 748 2521 pericula
765 2441 883 2517 essent,
898 2429 970 2498 tum
981 2428 1112 2520 nullum
1128 2454 1196 2520 non
1212 2429 1320 2500 inten-

273 2535 407 2603 tabatur
422 2559 524 2626 genus
537 2535 784 2626 suppliciorum,
807 2548 906 2628 atque
917 2533 1045 2630 judices
1061 2535 1243 2632 iniquitatis
1259 2559 1317 2606 ac-

273 2640 616 2723 cendebanturmultl
638 2641 686 2710 ira
708 2665 745 2711 ac
765 2641 869 2711 ferini
884 2642 919 2710 in
934 2643 994 2711 hos
1009 2643 1138 2735 pietatis
1158 2643 1314 2720 cultores.

273 2749 404 2818 Insidiae
428 2773 465 2820 ac
480 2749 548 2822 doli
564 2750 609 2820 eis
632 2748 875 2848 tendebantur,
898 2748 1140 2844 studiosiusque
1164 2751 1318 2848 exquire-

272 2855 395 2925 bantur
409 2857 499 2928 varia
517 2871 758 2950 tormentorum
774 2879 902 2946 genera.
922 2861 1073 2926 Tortores
1092 2855 1318 2953 implacabiles
1378 2943 1379 2948 ἵ

273 2977 389 3050 erant,
403 2964 500 3057 ,ignis
522 2979 675 3055 paratus,
700 2962 827 3054 gladius
852 2962 1052 3051 acuebatur,
1079 2986 1159 3032 crux
1183 2961 1314 3052 defixa,

272 3068 380 3156 fossa,
398 3085 492 3154 rota,
515 3067 656 3161 flagella.
680 3067 745 3138 Alii
767 3069 984 3162 conjiciebant
1007 3093 1041 3140 se
1057 3069 1092 3139 in
1108 3067 1245 3162 fugam,
1263 3069 1317 3140 alii

272 3175 554 3261 succumbebant,
571 3173 626 3242 alii
642 3174 858 3244 fluctuabant.
878 3174 1020 3260 Quidam
1036 3177 1114 3246 verb
1130 3177 1207 3246 ante
1224 3201 1317 3272 expe·

272 3282 450 3350 timentum
466 3279 562 3348 minis
576 3277 652 3348 solis
668 3279 831 3349 absterriti
846 3295 934 3350 sunt.
953 3280 1018 3350 Alii
1036 3281 1235 3372 eruciatibus
1247 3283 1317 3375 jbm
1354 3279 1357 3284 ’

100 3406 104 3414 ·
152 3458 155 3462 ,
272 3410 340 3457 non
356 3385 455 3479 longe
470 3384 604 3468 dissitis,
618 3387 777 3480 vertigine
791 3385 1004 3459 laborarunt:
1022 3387 1079 3457 alii
1091 3389 1232 3484 aggressi
1248 3412 1317 3460 cor.-

267 3493 407 3584 tamina‚
418 3491 538 3566 deinde
550 3491 592 3564 ad
604 3493 703 3562 finem
715 3493 819 3591 usque
834 3495 987 3582 laborum
1003 3518 1209 3586 perseverare
1224 3491 1316 3564 haud

272 3601 429 3686 valentes,
446 3603 481 3674 in
492 3601 602 3674 medio
618 3599 686 3672 fere
698 3602 876 3688 certamine
891 3601 1132 3695 despondentes
1146 3601 1313 3688 animum,

272 3733 341 3779 non
356 3708 448 3779 sectis
464 3723 563 3804 atque
588 3709 645 3793 hi,
665 3703 722 3802 q‘ui
742 3709 777 3779 in
802 3709 884 3778 mari
907 3721 1102 3802 tempestate
1119 3709 1310 3806 jactantur,

272 3815 371 3886 etiam
392 3829 499 3908 partas
519 3817 588 3910 jam
611 3815 777 3907 patientiae
793 3839 916 3888 merces
931 3813 1103 3910 naufragio
1118 3816 1307 3918 amiserunt.

310 3953 318 3982 ¹
333 3945 359 3996 S.
372 3942 453 4010 Chrys.
466 3945 542 4000 serm.
555 3941 587 3996 de
599 3945 623 3996 S.
635 3941 731 3994 Luciao.
