2992 4590
295 394 357 456 196
384 415 387 424 ⁴
440 409 618 454 nnuroarct
642 411 667 452 S.
694 407 842 470 etraurr,
867 409 943 456 raas
967 413 1015 470 rr,
1040 407 1135 456 stater.¹
1150 414 1174 453 r.

253 499 255 504 ’
292 522 411 601 guttae,
435 521 534 602 atque
555 509 672 600 exigua
691 509 847 602 passionis
867 511 958 602 sigua
979 508 1068 580 idern
1089 523 1228 603 possunt
1241 507 1332 602 quod

290 638 438 707 corpora.
540 637 548 647 ·

337 745 353 784 a
379 723 458 788 Haec
476 742 544 788 non
560 719 651 804 colis,
670 717 727 788 sed
742 720 941 805 contemnis,
962 722 1020 814 qui
1036 720 1185 790 Herculis
1201 743 1329 812 rogum,

181 917 191 925 ι
289 851 328 895 ex
344 825 527 895 calamitate
544 824 737 919 injuriisque
757 825 949 896 mulieribus
968 826 1065 896 illatis
1081 827 1258 897 excitatum
1280 826 1335 896 ad·

288 933 435 1020 miraris3
457 946 490 1001 et
503 931 631 1024 Pelopis
648 933 876 1018 laniationem,
896 933 998 1019 illam,
1016 936 1169 1028 inquam,
1188 935 1242 1002 vel
1257 932 1333 1004 hos·

190 1117 197 1132 ,
287 1040 443 1135 pitalem,
467 1039 557 1110 vela
581 1038 720 1108 deorum
741 1063 851 1109 amore
870 1039 1052 1132 profectam
1065 1081 1079 1126 ,·
1100 1065 1140 1111 ex
1155 1043 1222 1134 qul
1238 1041 1333 1122 Pelo-

287 1146 376 1240 pidae
399 1147 442 1216 ab
469 1147 614 1216 humeris
639 1159 673 1215 et
698 1146 797 1215 ebore
821 1146 988 1236 nobilitati
1017 1160 1095 1215 sunt
1121 1176 1128 1217 :
1154 1147 1212 1240 qui
1236 1147 1333 1215 etiam

289 1255 477 1348 Phrygum,
497 1253 555 1347 qui
574 1253 665 1322 tibiae
691 1255 851 1323 suavitate
872 1254 1079 1340 mulcentur,
1098 1268 1131 1322 et
1148 1268 1223 1346 post
1244 1255 1333 1323 tibiae

290 1377 424 1431 cantum
437 1361 636 1430 contumelia
651 1362 857 1448 alliciuntur,
876 1363 1089 1452 exsectiones3
1107 1375 1140 1430 et
1151 1362 1186 1430 in
1201 1361 1333 1431 Mithrae

288 1468 386 1538 sacris
402 1466 566 1537 adhibitos
590 1467 769 1554 cruciatus,
792 1471 961 1562 justasque
983 1482 1039 1537 aut
1062 1469 1163 1536 etiam
1181 1469 1333 1557 mysticas

288 1575 451 1665 ustiones3
463 1588 496 1644 et
511 1575 679 1668 hospitum
692 1576 779 1669 apud
794 1581 916 1645 Tauros
928 1575 1065 1661 caedem,
1083 1574 1232 1669 illudque
1245 1574 1334 1668 apud

291 1683 422 1775 Trojam
442 1680 563 1773 puellae
583 1683 680 1772 regiae
704 1683 920 1772 sacrificium3
939 1696 973 1751 et
990 1683 1146 1752 Menaecei
1166 1706 1226 1774 pro
1249 1683 1335 1752 The-

289 1789 385 1858 banis
401 1788 512 1857 lirsum
537 1788 751 1879 sanguinem,
777 1791 954 1882 posteaque
977 1787 1119 1857 filiarum
1149 1787 1277 1858 Scedasi
1300 1789 1334 1858 in

200 1984 203 1990 Ι
290 1896 439 1965 Leuctris
458 1925 466 1965 :
484 1896 542 1989 qui
558 1899 732 1988 Spartanos
746 1895 967 1965 adolescentes
982 1895 1080 1986 virgis
1097 1918 1165 1964 sese
1185 1893 1333 1965 laceran-

290 2016 339 2072 tes
353 2002 480 2088 laudas,
495 2017 528 2072 et
544 2025 632 2071 aram
648 2025 764 2071 cruore
776 2023 966 2094 respersam,
982 2000 1077 2070 deam
1089 2017 1211 2071 castam
1228 2016 1261 2070 et
1273 2002 1334 2071 vir-

290 2110 401 2202 ginem
421 2109 671 2179 oblectantem:
699 2109 759 2202 qui
790 2108 929 2178 Socratis
957 2110 1098 2178 cicutam
1127 2107 1275 2194 extollis,
1302 2124 1334 2179 et

289 2215 433 2310 Epicteti
456 2239 552 2301 crus,
582 2229 616 2284 et
645 2215 830 2285 Anaxarchi
855 2228 983 2304 utrem3
1008 2239 1151 2308 quorum
1174 2215 1334 2308 patientia

241 2353 243 2356 ·
290 2337 405 2396 coacta
431 2323 540 2416 potiris
564 2347 602 2392 ac
626 2323 823 2408 necessaria,
850 2325 951 2416 qutun
971 2321 1072 2392 lihera
1095 2337 1129 2392 et
1150 2323 1335 2393 voluntaria

292 2446 362 2503 erat
377 2460 385 2502 ε
403 2429 605 2501 Cleombroti
623 2421 841 2499 Ambraciota
858 2429 993 2515 saltum,
1012 2429 1054 2498 ad
1066 2454 1165 2523 quem
1177 2453 1216 2499 ex
1231 2428 1335 2500 libelli

291 2539 337 2610 de
347 2541 488 2611 Anr'md
499 2538 642 2607 lectione
655 2539 816 2631 impulsus
828 2553 895 2608 est:
910 2539 968 2632 qui
984 2540 1234 2628 Pythagoricum
1246 2537 1334 2608 illam

228 2645 247 2706 ἶ
291 2671 352 2743 pro
377 2647 461 2718 fabis
488 2648 755 2734 contentionem,
779 2661 812 2716 ct
833 2645 1004 2732 TheanfiS,
1031 2660 1088 2716 aut
1109 2646 1218 2714 nescio
1244 2647 1335 2739 eujus

291 2756 373 2826 alius
389 2779 428 2825 ex
443 2755 481 2827 iis
497 2757 555 2852 qui
572 2755 796 2848 Pythagoricis
812 2752 974 2844 mysteriis
991 2752 1109 2820 initiati
1125 2765 1233 2837 erant,
1252 2753 1336 2844 ejus·

291 2883 357 2960 que
372 2865 528 2958 dogmata
542 2865 781 2958 sequebantur,
800 2861 914 2930 mortis
930 2859 1221 2958 contemptionem.

338 3005 354 3040 a
381 2974 517 3058 Quodsi
533 2987 572 3042 tu
582 2971 749 3063 superiora
764 2969 820 3036 illa
837 2981 948 3060 nostra
963 2989 1031 3038 non
1043 2964 1180 3051 miraris,
1195 2979 1230 3034 at
1249 2966 1335 3035 certe

232 3159 250 3170 ‚
291 3081 464 3176 praesentia
485 3081 619 3162 mirare,
639 3076 826 3146 homnium
846 3073 1081 3166 sapientissime
1097 3087 1130 3142 et
1145 3070 1334 3159 fortissime,

288 3190 351 3284 'qui
366 3185 612 3280 Epaminondas
627 3183 701 3253 illos
716 3197 750 3251 et
766 3181 932 3273 Scipiones
948 3179 1129 3264 tolerantiae
1145 3180 1275 3264 ratione
1285 3181 1337 3249 in·

293 3292 432 3383 tuearis3
459 3291 517 3386 qui
538 3289 637 3361 simul
665 3312 740 3359 cum
764 3287 909 3357 exercitu
925 3287 986 3356 iter
1010 3287 1131 3378 carpis,
1157 3301 1191 3355 et
1212 3286 1335 3356 vietum

292 3418 428 3474 tenuem
451 3424 489 3471 ac
504 3401 641 3472 obvium
660 3395 883 3490 amplecteris,
901 3407 934 3463 et
950 3416 1021 3462 eam
1043 3392 1178 3484 gerendi
1193 3392 1273 3462 belli
1289 3417 1337 3462 ra-
1394 3407 1397 3414 '

295 3510 419 3579 tionem
434 3509 548 3595 effers,
561 3508 596 3576 in
615 3508 682 3600 qua
702 3506 770 3574 dux
789 3502 898 3574 omnia
918 3524 977 3593 per
993 3525 1027 3570 se
1044 3499 1259 3570 administrat.
1279 3506 1336 3571 Est

295 3619 418 3714 quippe
443 3617 589 3710 generosi
609 3629 643 3684 et
662 3612 814 3710 sapientis
839 3609 954 3694 animi,
974 3606 1181 3678 ne'hostium
1201 3607 1335 3701 quidem

294 3727 453 3796 virtutem
476 3738 703 3805 contemnere,
729 3717 844 3787 verirm
874 3715 1017 3785 hostium
1045 3713 1232 3784 fortitudini
1262 3713 1335 3806 plris

251 3835 254 3843 ’
295 3834 442 3903 tribuere
455 3887 467 3919 ,
494 3835 593 3925 qutun
614 3849 748 3898 suorum
773 3815 870 3895 etiam
895 3821 1217 3892 familiarissimorum
1241 3823 1335 3912 igna-

295 3943 356 4012 viae
366 3931 793 4038 atquelanguori.Vides·ne
804 3932 864 4001 hos
872 3927 1165 4000 vitaefacultatihus
1174 3943 1332 4016 carentes,
