<?xml version="1.0" encoding="UTF-8"?>
<!DOCTYPE html PUBLIC "-//W3C//DTD XHTML 1.0 Transitional//EN"
    "http://www.w3.org/TR/xhtml1/DTD/xhtml1-transitional.dtd">
<html xmlns="http://www.w3.org/1999/xhtml" xml:lang="en" lang="en">
 <head>
  <title>
</title>
<meta http-equiv="Content-Type" content="text/html;charset=utf-8" />
  <meta name='ocr-system' content='tesseract 3.04.00' />
  <meta name='ocr-capabilities' content='ocr_page ocr_carea ocr_par ocr_line ocrx_word'/>
</head>
<body>
  <div class='ocr_page' id='page_1' title='image "./rhetoricasancto00cailgoog_0420.png"; bbox 0 0 2984 4580; ppageno 0'>
   <div class='ocr_carea' id='block_1_1' title="bbox 225 387 1243 472">
    <p class='ocr_par' dir='ltr' id='par_1_1' title="bbox 225 387 1243 472">
     <span class='ocr_line' id='line_1_1' title="bbox 225 387 1243 472; baseline 0.002 -2"><span class='ocrx_word' id='word_1_1' title='bbox 225 423 327 470; x_wconf 67' lang='lat' dir='ltr'>CAPUT</span> <span class='ocrx_word' id='word_1_2' title='bbox 342 426 391 472; x_wconf 72' lang='lat' dir='ltr'>Vl·</span> <span class='ocrx_word' id='word_1_3' title='bbox 408 426 451 470; x_wconf 70' lang='lat' dir='ltr'>D!</span> <span class='ocrx_word' id='word_1_4' title='bbox 473 425 630 470; x_wconf 69' lang='grc' dir='ltr'>ΠΙΤΕΟὩΟ</span> <span class='ocrx_word' id='word_1_5' title='bbox 651 427 688 470; x_wconf 81' lang='lat' dir='ltr'>nt</span> <span class='ocrx_word' id='word_1_6' title='bbox 710 426 918 470; x_wconf 68' lang='lat' dir='ltr'>GOMIOMBU!</span> <span class='ocrx_word' id='word_1_7' title='bbox 940 387 1107 470; x_wconf 66' lang='lat' dir='ltr'>Anulum.</span> <span class='ocrx_word' id='word_1_8' title='bbox 1134 407 1199 472; x_wconf 64' lang='lat'>⁴2⁸</span> <span class='ocrx_word' id='word_1_9' title='bbox 1242 443 1243 447; x_wconf 53' lang='lat'>¹</span> 
     </span>
    </p>
   </div>
   <div class='ocr_carea' id='block_1_2' title="bbox 56 520 1359 3821">
    <p class='ocr_par' dir='ltr' id='par_1_2' title="bbox 155 520 1309 1790">
     <span class='ocr_line' id='line_1_2' title="bbox 158 520 1202 616; baseline 0.002 -24"><span class='ocrx_word' id='word_1_10' title='bbox 158 520 369 594; x_wconf 82' lang='lat' dir='ltr'>festinatione</span> <span class='ocrx_word' id='word_1_11' title='bbox 390 543 622 616; x_wconf 81' lang='lat' dir='ltr'>properemus,</span> <span class='ocrx_word' id='word_1_12' title='bbox 641 521 740 596; x_wconf 87' lang='lat' dir='ltr'>simul</span> <span class='ocrx_word' id='word_1_13' title='bbox 752 535 922 594; x_wconf 89' lang='lat' dir='ltr'>currentes</span> <span class='ocrx_word' id='word_1_14' title='bbox 936 575 944 606; x_wconf 88' lang='lat'>‚</span> <span class='ocrx_word' id='word_1_15' title='bbox 960 525 1108 594; x_wconf 79' lang='lat' dir='ltr'>certatim</span> <span class='ocrx_word' id='word_1_16' title='bbox 1124 549 1202 595; x_wconf 86' lang='lat' dir='ltr'>cur·</span> 
     </span>
     <span class='ocr_line' id='line_1_3' title="bbox 159 629 1202 716; baseline 0.005 -18"><span class='ocrx_word' id='word_1_17' title='bbox 159 643 288 716; x_wconf 88' lang='lat' dir='ltr'>rentes,</span> <span class='ocrx_word' id='word_1_18' title='bbox 310 630 401 700; x_wconf 90' lang='lat' dir='ltr'>omni</span> <span class='ocrx_word' id='word_1_19' title='bbox 416 630 628 700; x_wconf 81' lang='lat' dir='ltr'>contentione</span> <span class='ocrx_word' id='word_1_20' title='bbox 642 629 678 704; x_wconf 89' lang='lat' dir='ltr'>in</span> <span class='ocrx_word' id='word_1_21' title='bbox 693 629 728 698; x_wconf 86' lang='lat' dir='ltr'>i&#39;d</span> <span class='ocrx_word' id='word_1_22' title='bbox 744 629 992 716; x_wconf 85' lang='lat' dir='ltr'>incumbentes,</span> <span class='ocrx_word' id='word_1_23' title='bbox 1010 645 1048 701; x_wconf 91' lang='lat' dir='ltr'>ut</span> <span class='ocrx_word' id='word_1_24' title='bbox 1065 631 1127 702; x_wconf 89' lang='lat' dir='ltr'>hcc</span> <span class='ocrx_word' id='word_1_25' title='bbox 1140 633 1202 702; x_wconf 90' lang='lat' dir='ltr'>bo-</span> 
     </span>
     <span class='ocr_line' id='line_1_4' title="bbox 158 733 1200 830; baseline 0.001 -22"><span class='ocrx_word' id='word_1_26' title='bbox 158 759 239 808; x_wconf 88' lang='lat' dir='ltr'>num</span> <span class='ocrx_word' id='word_1_27' title='bbox 254 737 377 830; x_wconf 81' lang='lat' dir='ltr'>priores</span> <span class='ocrx_word' id='word_1_28' title='bbox 392 754 602 830; x_wconf 83' lang='lat' dir='ltr'>occupemus.</span> <span class='ocrx_word' id='word_1_29' title='bbox 619 737 668 806; x_wconf 87' lang='lat' dir='ltr'>Ne</span> <span class='ocrx_word' id='word_1_30' title='bbox 679 733 819 808; x_wconf 83' lang='lat' dir='ltr'>dixeris:</span> <span class='ocrx_word' id='word_1_31' title='bbox 837 735 901 806; x_wconf 81' lang='lat' dir='ltr'>tbi</span> <span class='ocrx_word' id='word_1_32' title='bbox 916 750 950 806; x_wconf 89' lang='lat' dir='ltr'>et</span> <span class='ocrx_word' id='word_1_33' title='bbox 967 735 1056 822; x_wconf 90' lang='lat' dir='ltr'>redi,</span> <span class='ocrx_word' id='word_1_34' title='bbox 1076 743 1110 808; x_wconf 78' lang='lat' dir='ltr'>ct</span> <span class='ocrx_word' id='word_1_35' title='bbox 1129 761 1200 810; x_wconf 88' lang='lat' dir='ltr'>cras</span> 
     </span>
     <span class='ocr_line' id='line_1_5' title="bbox 157 842 1203 936; baseline 0 -22"><span class='ocrx_word' id='word_1_36' title='bbox 157 845 363 936; x_wconf 88' lang='lat' dir='ltr'>baptizabor,</span> <span class='ocrx_word' id='word_1_37' title='bbox 388 845 464 914; x_wconf 81' lang='lat' dir='ltr'>cnm</span> <span class='ocrx_word' id='word_1_38' title='bbox 480 842 580 912; x_wconf 79' lang='lat' dir='ltr'>hodie</span> <span class='ocrx_word' id='word_1_39' title='bbox 597 843 760 914; x_wconf 84' lang='lat' dir='ltr'>beneficio</span> <span class='ocrx_word' id='word_1_40' title='bbox 775 844 865 914; x_wconf 87' lang='lat' dir='ltr'>allici</span> <span class='ocrx_word' id='word_1_41' title='bbox 877 866 988 936; x_wconf 88' lang='lat' dir='ltr'>queas.</span> <span class='ocrx_word' id='word_1_42' title='bbox 1012 843 1107 920; x_wconf 81' lang='lat' dir='ltr'>tdsit</span> <span class='ocrx_word' id='word_1_43' title='bbox 1121 846 1203 916; x_wconf 89' lang='lat' dir='ltr'>mihi</span> 
     </span>
     <span class='ocr_line' id='line_1_6' title="bbox 157 946 1201 1044; baseline 0.002 -24"><span class='ocrx_word' id='word_1_44' title='bbox 157 964 260 1020; x_wconf 89' lang='lat' dir='ltr'>mater</span> <span class='ocrx_word' id='word_1_45' title='bbox 264 1003 276 1038; x_wconf 93' lang='lat'>,</span> <span class='ocrx_word' id='word_1_46' title='bbox 294 951 380 1020; x_wconf 89' lang='lat' dir='ltr'>adsit</span> <span class='ocrx_word' id='word_1_47' title='bbox 394 950 477 1018; x_wconf 88' lang='lat' dir='ltr'>mihi</span> <span class='ocrx_word' id='word_1_48' title='bbox 488 963 593 1042; x_wconf 87' lang='lat' dir='ltr'>pater,</span> <span class='ocrx_word' id='word_1_49' title='bbox 606 946 742 1035; x_wconf 83' lang='lat' dir='ltr'>fratres,</span> <span class='ocrx_word' id='word_1_50' title='bbox 759 973 855 1035; x_wconf 84' lang='lat' dir='ltr'>uxor,</span> <span class='ocrx_word' id='word_1_51' title='bbox 873 949 982 1036; x_wconf 89' lang='lat' dir='ltr'>liberi,</span> <span class='ocrx_word' id='word_1_52' title='bbox 995 947 1091 1022; x_wconf 88' lang='lat' dir='ltr'>amici</span> <span class='ocrx_word' id='word_1_53' title='bbox 1102 963 1201 1044; x_wconf 90' lang='lat' dir='ltr'>atque</span> 
     </span>
     <span class='ocr_line' id='line_1_7' title="bbox 157 1055 1197 1150; baseline 0.003 -23"><span class='ocrx_word' id='word_1_54' title='bbox 157 1081 269 1128; x_wconf 88' lang='lat' dir='ltr'>omncs</span> <span class='ocrx_word' id='word_1_55' title='bbox 294 1079 377 1150; x_wconf 90' lang='lat' dir='ltr'>quos</span> <span class='ocrx_word' id='word_1_56' title='bbox 407 1079 498 1126; x_wconf 89' lang='lat' dir='ltr'>caros</span> <span class='ocrx_word' id='word_1_57' title='bbox 520 1057 652 1142; x_wconf 85' lang='lat' dir='ltr'>habeo,</span> <span class='ocrx_word' id='word_1_58' title='bbox 678 1070 712 1126; x_wconf 90' lang='lat' dir='ltr'>et</span> <span class='ocrx_word' id='word_1_59' title='bbox 733 1057 806 1126; x_wconf 84' lang='lat' dir='ltr'>tlun</span> <span class='ocrx_word' id='word_1_60' title='bbox 836 1055 976 1128; x_wconf 88' lang='lat' dir='ltr'>salutem</span> <span class='ocrx_word' id='word_1_61' title='bbox 1006 1057 1197 1150; x_wconf 84' lang='lat' dir='ltr'>accipiam:</span> 
     </span>
     <span class='ocr_line' id='line_1_8' title="bbox 156 1155 1309 1255; baseline 0.003 -23"><span class='ocrx_word' id='word_1_62' title='bbox 156 1187 247 1233; x_wconf 92' lang='lat' dir='ltr'>nunc</span> <span class='ocrx_word' id='word_1_63' title='bbox 262 1162 535 1233; x_wconf 82' lang='lat' dir='ltr'>autcrnnondiam</span> <span class='ocrx_word' id='word_1_64' title='bbox 549 1162 632 1232; x_wconf 92' lang='lat' dir='ltr'>mihi</span> <span class='ocrx_word' id='word_1_65' title='bbox 647 1161 857 1255; x_wconf 89' lang='lat' dir='ltr'>splendidum</span> <span class='ocrx_word' id='word_1_66' title='bbox 870 1163 942 1232; x_wconf 86' lang='lat' dir='ltr'>fieri</span> <span class='ocrx_word' id='word_1_67' title='bbox 957 1177 1061 1234; x_wconf 89' lang='lat' dir='ltr'>vacat.</span> <span class='ocrx_word' id='word_1_68' title='bbox 1080 1155 1224 1245; x_wconf 55' lang='lat' dir='ltr'>Vereor</span> <span class='ocrx_word' id='word_1_69' title='bbox 1264 1235 1268 1242; x_wconf 80' lang='grc'>,</span> <span class='ocrx_word' id='word_1_70' title='bbox 1307 1165 1309 1172; x_wconf 81' lang='lat'>&#39;</span> 
     </span>
     <span class='ocr_line' id='line_1_9' title="bbox 156 1268 1230 1363; baseline 0.004 -26"><span class='ocrx_word' id='word_1_71' title='bbox 156 1269 238 1340; x_wconf 91' lang='lat' dir='ltr'>dum</span> <span class='ocrx_word' id='word_1_72' title='bbox 258 1271 345 1338; x_wconf 91' lang='lat' dir='ltr'>enim</span> <span class='ocrx_word' id='word_1_73' title='bbox 362 1283 426 1354; x_wconf 87' lang='lat' dir='ltr'>est,</span> <span class='ocrx_word' id='word_1_74' title='bbox 444 1292 486 1338; x_wconf 91' lang='lat' dir='ltr'>ne</span> <span class='ocrx_word' id='word_1_75' title='bbox 502 1268 611 1338; x_wconf 79' lang='lat' dir='ltr'>tuctus</span> <span class='ocrx_word' id='word_1_76' title='bbox 631 1268 734 1340; x_wconf 82' lang='lat' dir='ltr'>socios</span> <span class='ocrx_word' id='word_1_77' title='bbox 749 1270 905 1360; x_wconf 86' lang='lat' dir='ltr'>accipias,</span> <span class='ocrx_word' id='word_1_78' title='bbox 923 1291 1006 1363; x_wconf 92' lang='lat' dir='ltr'>quos</span> <span class='ocrx_word' id='word_1_79' title='bbox 1026 1283 1060 1340; x_wconf 91' lang='lat' dir='ltr'>te</span> <span class='ocrx_word' id='word_1_80' title='bbox 1074 1269 1199 1340; x_wconf 86' lang='lat' dir='ltr'>laetitiae</span> <span class='ocrx_word' id='word_1_81' title='bbox 1228 1297 1230 1300; x_wconf 50' lang='lat'><strong><em>¹</em></strong></span> 
     </span>
     <span class='ocr_line' id='line_1_10' title="bbox 156 1377 1200 1471; baseline 0.002 -25"><span class='ocrx_word' id='word_1_82' title='bbox 156 1378 259 1446; x_wconf 92' lang='lat' dir='ltr'>socios</span> <span class='ocrx_word' id='word_1_83' title='bbox 274 1377 467 1446; x_wconf 89' lang='lat' dir='ltr'>habiturum</span> <span class='ocrx_word' id='word_1_84' title='bbox 484 1398 680 1470; x_wconf 81' lang='lat' dir='ltr'>speraveras.</span> <span class='ocrx_word' id='word_1_85' title='bbox 701 1379 940 1466; x_wconf 85' lang='lat' dir='ltr'>Quamobrem,</span> <span class='ocrx_word' id='word_1_86' title='bbox 958 1377 1120 1471; x_wconf 87' lang='lat' dir='ltr'>siquidem</span> <span class='ocrx_word' id='word_1_87' title='bbox 1138 1377 1200 1448; x_wconf 89' lang='lat' dir='ltr'>ad-</span> 
     </span>
     <span class='ocr_line' id='line_1_11' title="bbox 156 1483 1200 1578; baseline 0 -24"><span class='ocrx_word' id='word_1_88' title='bbox 156 1485 242 1568; x_wconf 89' lang='lat' dir='ltr'>sint,</span> <span class='ocrx_word' id='word_1_89' title='bbox 261 1483 408 1576; x_wconf 82' lang='lat' dir='ltr'>pulchrb</span> <span class='ocrx_word' id='word_1_90' title='bbox 420 1498 527 1554; x_wconf 90' lang='lat' dir='ltr'>tecum</span> <span class='ocrx_word' id='word_1_91' title='bbox 549 1485 600 1574; x_wconf 86' lang='lat' dir='ltr'>agi</span> <span class='ocrx_word' id='word_1_92' title='bbox 621 1498 719 1578; x_wconf 70' lang='lat' dir='ltr'>puta,</span> <span class='ocrx_word' id='word_1_93' title='bbox 736 1483 786 1554; x_wconf 89' lang='lat' dir='ltr'>sin</span> <span class='ocrx_word' id='word_1_94' title='bbox 805 1498 916 1554; x_wconf 88' lang='lat' dir='ltr'>autem</span> <span class='ocrx_word' id='word_1_95' title='bbox 936 1484 1064 1570; x_wconf 88' lang='lat' dir='ltr'>absint,</span> <span class='ocrx_word' id='word_1_96' title='bbox 1082 1507 1125 1554; x_wconf 89' lang='lat' dir='ltr'>ne</span> <span class='ocrx_word' id='word_1_97' title='bbox 1144 1507 1200 1554; x_wconf 89' lang='lat' dir='ltr'>ecs</span> 
     </span>
     <span class='ocr_line' id='line_1_12' title="bbox 157 1581 1200 1684; baseline 0.002 -26"><span class='ocrx_word' id='word_1_98' title='bbox 157 1603 317 1682; x_wconf 84' lang='lat' dir='ltr'>expectes.</span> <span class='ocrx_word' id='word_1_99' title='bbox 343 1594 452 1682; x_wconf 80' lang='lat' dir='ltr'>Turpe</span> <span class='ocrx_word' id='word_1_100' title='bbox 469 1604 518 1660; x_wconf 89' lang='lat' dir='ltr'>est</span> <span class='ocrx_word' id='word_1_101' title='bbox 533 1581 630 1658; x_wconf 77' lang='lat' dir='ltr'>¹enirn</span> <span class='ocrx_word' id='word_1_102' title='bbox 647 1589 777 1662; x_wconf 88' lang='lat' dir='ltr'>dicere:</span> <span class='ocrx_word' id='word_1_103' title='bbox 801 1592 865 1660; x_wconf 90' lang='lat' dir='ltr'>Ubi</span> <span class='ocrx_word' id='word_1_104' title='bbox 881 1605 930 1660; x_wconf 88' lang='lat' dir='ltr'>est</span> <span class='ocrx_word' id='word_1_105' title='bbox 946 1609 1083 1676; x_wconf 87' lang='lat' dir='ltr'>munus,</span> <span class='ocrx_word' id='word_1_106' title='bbox 1109 1591 1200 1684; x_wconf 89' lang='lat' dir='ltr'>qnod</span> 
     </span>
     <span class='ocr_line' id='line_1_13' title="bbox 155 1697 1199 1790; baseline 0 -24"><span class='ocrx_word' id='word_1_107' title='bbox 155 1711 289 1790; x_wconf 90' lang='lat' dir='ltr'>propter</span> <span class='ocrx_word' id='word_1_108' title='bbox 303 1698 506 1789; x_wconf 89' lang='lat' dir='ltr'>Baptismum</span> <span class='ocrx_word' id='word_1_109' title='bbox 525 1699 685 1768; x_wconf 78' lang='lat' dir='ltr'>afferam?</span> <span class='ocrx_word' id='word_1_110' title='bbox 700 1699 759 1768; x_wconf 92' lang='lat' dir='ltr'>ubi</span> <span class='ocrx_word' id='word_1_111' title='bbox 769 1697 941 1790; x_wconf 90' lang='lat' dir='ltr'>splendida</span> <span class='ocrx_word' id='word_1_112' title='bbox 956 1698 1065 1783; x_wconf 89' lang='lat' dir='ltr'>vestis,</span> <span class='ocrx_word' id='word_1_113' title='bbox 1082 1698 1118 1769; x_wconf 93' lang='lat' dir='ltr'>in</span> <span class='ocrx_word' id='word_1_114' title='bbox 1130 1699 1199 1790; x_wconf 73' lang='lat' dir='ltr'>&#39;qul</span> 
     </span>
    </p>

    <p class='ocr_par' dir='ltr' id='par_1_3' title="bbox 104 1799 1359 2856">
     <span class='ocr_line' id='line_1_14' title="bbox 104 1799 1198 1896; baseline 0.001 -23"><span class='ocrx_word' id='word_1_115' title='bbox 104 1799 107 1813; x_wconf 55' lang='lat'><em>¹</em></span> <span class='ocrx_word' id='word_1_116' title='bbox 154 1804 424 1896; x_wconf 78' lang='lat' dir='ltr'>explendescaml</span> <span class='ocrx_word' id='word_1_117' title='bbox 437 1805 496 1874; x_wconf 92' lang='lat' dir='ltr'>ubi</span> <span class='ocrx_word' id='word_1_118' title='bbox 516 1827 572 1891; x_wconf 87' lang='lat' dir='ltr'>ea,</span> <span class='ocrx_word' id='word_1_119' title='bbox 586 1827 662 1896; x_wconf 87' lang='lat' dir='ltr'>quas</span> <span class='ocrx_word' id='word_1_120' title='bbox 678 1803 721 1874; x_wconf 90' lang='lat' dir='ltr'>ad</span> <span class='ocrx_word' id='word_1_121' title='bbox 735 1804 915 1874; x_wconf 83' lang='lat' dir='ltr'>initiatores</span> <span class='ocrx_word' id='word_1_122' title='bbox 932 1826 1020 1874; x_wconf 89' lang='lat' dir='ltr'>meos</span> <span class='ocrx_word' id='word_1_123' title='bbox 1032 1803 1198 1895; x_wconf 84' lang='lat' dir='ltr'>excipien-</span> 
     </span>
     <span class='ocr_line' id='line_1_15' title="bbox 153 1909 1299 2004; baseline 0 -24"><span class='ocrx_word' id='word_1_124' title='bbox 153 1910 213 1980; x_wconf 92' lang='lat' dir='ltr'>dos</span> <span class='ocrx_word' id='word_1_125' title='bbox 229 1911 456 2002; x_wconf 89' lang='lat' dir='ltr'>requiruntur,</span> <span class='ocrx_word' id='word_1_126' title='bbox 470 1925 509 1980; x_wconf 91' lang='lat' dir='ltr'>ut</span> <span class='ocrx_word' id='word_1_127' title='bbox 521 1913 556 1980; x_wconf 91' lang='lat' dir='ltr'>in</span> <span class='ocrx_word' id='word_1_128' title='bbox 569 1911 621 1981; x_wconf 89' lang='lat' dir='ltr'>his</span> <span class='ocrx_word' id='word_1_129' title='bbox 636 1911 771 2004; x_wconf 78' lang='lat' dir='ltr'>quoque</span> <span class='ocrx_word' id='word_1_130' title='bbox 786 1911 884 1980; x_wconf 88' lang='lat' dir='ltr'>rebus</span> <span class='ocrx_word' id='word_1_131' title='bbox 900 1911 1042 1980; x_wconf 88' lang='lat' dir='ltr'>nominis</span> <span class='ocrx_word' id='word_1_132' title='bbox 1058 1909 1199 1980; x_wconf 87' lang='lat' dir='ltr'>celebri·</span> <span class='ocrx_word' id='word_1_133' title='bbox 1297 1991 1299 1995; x_wconf 44' lang='lat'>.</span> 
     </span>
     <span class='ocr_line' id='line_1_16' title="bbox 153 2015 1201 2110; baseline -0.002 -22"><span class='ocrx_word' id='word_1_134' title='bbox 153 2029 256 2088; x_wconf 87' lang='lat' dir='ltr'>tatem</span> <span class='ocrx_word' id='word_1_135' title='bbox 276 2021 482 2110; x_wconf 71' lang='lat' dir='ltr'>consequar?</span> <span class='ocrx_word' id='word_1_136' title='bbox 494 2015 598 2087; x_wconf 81' lang='lat' dir='ltr'>Valde</span> <span class='ocrx_word' id='word_1_137' title='bbox 614 2017 721 2102; x_wconf 86' lang='lat' dir='ltr'>enim,</span> <span class='ocrx_word' id='word_1_138' title='bbox 739 2018 789 2089; x_wconf 89' lang='lat' dir='ltr'>uti</span> <span class='ocrx_word' id='word_1_139' title='bbox 805 2017 908 2102; x_wconf 85' lang='lat' dir='ltr'>vides,</span> <span class='ocrx_word' id='word_1_140' title='bbox 929 2018 1001 2086; x_wconf 86' lang='lat' dir='ltr'>haec</span> <span class='ocrx_word' id='word_1_141' title='bbox 1021 2017 1201 2088; x_wconf 88' lang='lat' dir='ltr'>neccssaria</span> 
     </span>
     <span class='ocr_line' id='line_1_17' title="bbox 153 2123 1200 2217; baseline 0.001 -24"><span class='ocrx_word' id='word_1_142' title='bbox 153 2137 252 2212; x_wconf 80' lang='lat' dir='ltr'>sunt3</span> <span class='ocrx_word' id='word_1_143' title='bbox 281 2147 318 2194; x_wconf 91' lang='lat' dir='ltr'>ac</span> <span class='ocrx_word' id='word_1_144' title='bbox 343 2128 515 2217; x_wconf 74' lang='lat' dir='ltr'>propterea</span> <span class='ocrx_word' id='word_1_145' title='bbox 546 2126 649 2216; x_wconf 81' lang='lat' dir='ltr'>gratia</span> <span class='ocrx_word' id='word_1_146' title='bbox 675 2125 900 2194; x_wconf 89' lang='lat' dir='ltr'>imminuetur.</span> <span class='ocrx_word' id='word_1_147' title='bbox 936 2127 985 2196; x_wconf 88' lang='lat' dir='ltr'>Ne</span> <span class='ocrx_word' id='word_1_148' title='bbox 1013 2124 1050 2194; x_wconf 88' lang='lat' dir='ltr'>in</span> <span class='ocrx_word' id='word_1_149' title='bbox 1073 2123 1200 2215; x_wconf 76' lang='lat' dir='ltr'>magnis</span> 
     </span>
     <span class='ocr_line' id='line_1_18' title="bbox 153 2229 1278 2324; baseline 0 -24"><span class='ocrx_word' id='word_1_150' title='bbox 153 2231 253 2301; x_wconf 88' lang='lat' dir='ltr'>rebus</span> <span class='ocrx_word' id='word_1_151' title='bbox 268 2232 396 2300; x_wconf 88' lang='lat' dir='ltr'>minuta</span> <span class='ocrx_word' id='word_1_152' title='bbox 421 2241 454 2301; x_wconf 84' lang='lat' dir='ltr'>et</span> <span class='ocrx_word' id='word_1_153' title='bbox 474 2229 614 2302; x_wconf 84' lang='lat' dir='ltr'>levicula</span> <span class='ocrx_word' id='word_1_154' title='bbox 628 2232 665 2300; x_wconf 87' lang='lat' dir='ltr'>in</span> <span class='ocrx_word' id='word_1_155' title='bbox 689 2231 849 2301; x_wconf 88' lang='lat' dir='ltr'>rationem</span> <span class='ocrx_word' id='word_1_156' title='bbox 873 2231 983 2302; x_wconf 86' lang='lat' dir='ltr'>mittas</span> <span class='ocrx_word' id='word_1_157' title='bbox 1009 2260 1017 2301; x_wconf 75' lang='grc' dir='ltr'><strong>ε</strong></span> <span class='ocrx_word' id='word_1_158' title='bbox 1043 2255 1086 2300; x_wconf 89' lang='lat' dir='ltr'>ne</span> <span class='ocrx_word' id='word_1_159' title='bbox 1110 2232 1199 2324; x_wconf 87' lang='lat' dir='ltr'>turpi</span> <span class='ocrx_word' id='word_1_160' title='bbox 1273 2317 1278 2322; x_wconf 81' lang='lat'>.</span> 
     </span>
     <span class='ocr_line' id='line_1_19' title="bbox 155 2335 1200 2430; baseline 0 -24"><span class='ocrx_word' id='word_1_161' title='bbox 155 2337 268 2430; x_wconf 91' lang='lat' dir='ltr'>aliquo</span> <span class='ocrx_word' id='word_1_162' title='bbox 280 2351 314 2406; x_wconf 90' lang='lat' dir='ltr'>et</span> <span class='ocrx_word' id='word_1_163' title='bbox 325 2337 452 2430; x_wconf 89' lang='lat' dir='ltr'>abjecto</span> <span class='ocrx_word' id='word_1_164' title='bbox 466 2338 589 2407; x_wconf 81' lang='lat' dir='ltr'>affectu</span> <span class='ocrx_word' id='word_1_165' title='bbox 600 2350 633 2423; x_wconf 90' lang='lat' dir='ltr'>te</span> <span class='ocrx_word' id='word_1_166' title='bbox 649 2335 727 2406; x_wconf 90' lang='lat' dir='ltr'>duci</span> <span class='ocrx_word' id='word_1_167' title='bbox 738 2337 882 2429; x_wconf 90' lang='lat' dir='ltr'>patiaris.</span> <span class='ocrx_word' id='word_1_168' title='bbox 902 2335 996 2406; x_wconf 88' lang='lat' dir='ltr'>Istud</span> <span class='ocrx_word' id='word_1_169' title='bbox 1007 2337 1200 2426; x_wconf 88' lang='lat' dir='ltr'>mysterium</span> 
     </span>
     <span class='ocr_line' id='line_1_20' title="bbox 149 2442 1359 2548; baseline -0.001 -33"><span class='ocrx_word' id='word_1_170' title='bbox 149 2445 328 2521; x_wconf 56' lang='lat' dir='ltr'>‘sublimius</span> <span class='ocrx_word' id='word_1_171' title='bbox 339 2459 388 2514; x_wconf 85' lang='lat' dir='ltr'>est</span> <span class='ocrx_word' id='word_1_172' title='bbox 398 2446 497 2516; x_wconf 90' lang='lat' dir='ltr'>rebus</span> <span class='ocrx_word' id='word_1_173' title='bbox 510 2446 559 2531; x_wconf 92' lang='lat' dir='ltr'>iis,</span> <span class='ocrx_word' id='word_1_174' title='bbox 570 2444 872 2540; x_wconf 82' lang='lat' dir='ltr'>quaeinocutorum</span> <span class='ocrx_word' id='word_1_175' title='bbox 884 2459 1052 2538; x_wconf 88' lang='lat' dir='ltr'>aspectum</span> <span class='ocrx_word' id='word_1_176' title='bbox 1054 2442 1197 2548; x_wconf 73' lang='lat' dir='ltr'>padunt.</span> <span class='ocrx_word' id='word_1_177' title='bbox 1261 2541 1263 2546; x_wconf 23' lang='grc' dir='ltr'>Ι</span> <span class='ocrx_word' id='word_1_178' title='bbox 1355 2535 1359 2546; x_wconf 35' lang='grc'><em>.</em></span> 
     </span>
     <span class='ocr_line' id='line_1_21' title="bbox 158 2549 1200 2644; baseline -0.002 -22"><span class='ocrx_word' id='word_1_179' title='bbox 158 2557 204 2622; x_wconf 85' lang='lat' dir='ltr'>Te</span> <span class='ocrx_word' id='word_1_180' title='bbox 216 2551 323 2644; x_wconf 88' lang='lat' dir='ltr'>ipsum</span> <span class='ocrx_word' id='word_1_181' title='bbox 340 2551 437 2638; x_wconf 78' lang='lat' dir='ltr'>oller,</span> <span class='ocrx_word' id='word_1_182' title='bbox 449 2553 618 2623; x_wconf 84' lang='lat' dir='ltr'>Christum</span> <span class='ocrx_word' id='word_1_183' title='bbox 633 2550 748 2639; x_wconf 89' lang='lat' dir='ltr'>indue,</span> <span class='ocrx_word' id='word_1_184' title='bbox 765 2553 903 2624; x_wconf 70' lang='lat' dir='ltr'>honesta</span> <span class='ocrx_word' id='word_1_185' title='bbox 918 2565 951 2620; x_wconf 88' lang='lat' dir='ltr'>et</span> <span class='ocrx_word' id='word_1_186' title='bbox 965 2549 1121 2622; x_wconf 75' lang='lat' dir='ltr'>laudabili</span> <span class='ocrx_word' id='word_1_187' title='bbox 1133 2551 1200 2622; x_wconf 72' lang='lat' dir='ltr'>vita</span> 
     </span>
     <span class='ocr_line' id='line_1_22' title="bbox 154 2655 1272 2748; baseline 0.001 -21"><span class='ocrx_word' id='word_1_188' title='bbox 154 2679 209 2727; x_wconf 88' lang='lat' dir='ltr'>me</span> <span class='ocrx_word' id='word_1_189' title='bbox 224 2656 275 2726; x_wconf 88' lang='lat' dir='ltr'>ale</span> <span class='ocrx_word' id='word_1_190' title='bbox 287 2685 294 2726; x_wconf 73' lang='grc' dir='ltr'><strong>ι</strong></span> <span class='ocrx_word' id='word_1_191' title='bbox 306 2658 352 2726; x_wconf 89' lang='lat' dir='ltr'>sic</span> <span class='ocrx_word' id='word_1_192' title='bbox 362 2679 424 2747; x_wconf 83' lang='lat' dir='ltr'>ego</span> <span class='ocrx_word' id='word_1_193' title='bbox 440 2658 544 2748; x_wconf 88' lang='lat' dir='ltr'>excipi</span> <span class='ocrx_word' id='word_1_194' title='bbox 557 2658 672 2746; x_wconf 76' lang='lat' dir='ltr'>laetor3</span> <span class='ocrx_word' id='word_1_195' title='bbox 688 2657 733 2726; x_wconf 86' lang='lat' dir='ltr'>sic</span> <span class='ocrx_word' id='word_1_196' title='bbox 753 2659 852 2728; x_wconf 79' lang='lat' dir='ltr'>edam</span> <span class='ocrx_word' id='word_1_197' title='bbox 869 2663 967 2742; x_wconf 87' lang='lat' dir='ltr'>Deus,</span> <span class='ocrx_word' id='word_1_198' title='bbox 984 2658 1043 2748; x_wconf 91' lang='lat' dir='ltr'>qui</span> <span class='ocrx_word' id='word_1_199' title='bbox 1060 2655 1200 2728; x_wconf 83' lang='lat' dir='ltr'>maxima</span> <span class='ocrx_word' id='word_1_200' title='bbox 1269 2683 1272 2686; x_wconf 90' lang='lat'>·</span> 
     </span>
     <span class='ocr_line' id='line_1_23' title="bbox 154 2763 1201 2856; baseline 0.001 -24"><span class='ocrx_word' id='word_1_201' title='bbox 154 2765 292 2856; x_wconf 79' lang='lat' dir='ltr'>quoque</span> <span class='ocrx_word' id='word_1_202' title='bbox 311 2763 469 2833; x_wconf 85' lang='lat' dir='ltr'>beneficia</span> <span class='ocrx_word' id='word_1_203' title='bbox 489 2764 585 2834; x_wconf 89' lang='lat' dir='ltr'>nobis</span> <span class='ocrx_word' id='word_1_204' title='bbox 602 2763 769 2854; x_wconf 81' lang='lat' dir='ltr'>elargitur.</span> <span class='ocrx_word' id='word_1_205' title='bbox 786 2763 877 2834; x_wconf 88' lang='lat' dir='ltr'>Nihil</span> <span class='ocrx_word' id='word_1_206' title='bbox 895 2763 985 2854; x_wconf 77' lang='lat' dir='ltr'>apud</span> <span class='ocrx_word' id='word_1_207' title='bbox 1004 2768 1111 2832; x_wconf 87' lang='lat' dir='ltr'>Deum</span> <span class='ocrx_word' id='word_1_208' title='bbox 1129 2786 1201 2833; x_wconf 87' lang='lat' dir='ltr'>ma·</span> 
     </span>
    </p>

    <p class='ocr_par' dir='ltr' id='par_1_4' title="bbox 56 2867 1202 3502">
     <span class='ocr_line' id='line_1_24' title="bbox 56 2867 1200 2964; baseline -0.002 -24"><span class='ocrx_word' id='word_1_209' title='bbox 56 2950 58 2954; x_wconf 37' lang='grc'>,</span> <span class='ocrx_word' id='word_1_210' title='bbox 155 2895 258 2963; x_wconf 83' lang='lat' dir='ltr'>gnum</span> <span class='ocrx_word' id='word_1_211' title='bbox 271 2885 335 2956; x_wconf 86' lang='lat' dir='ltr'>est,</span> <span class='ocrx_word' id='word_1_212' title='bbox 351 2869 443 2964; x_wconf 89' lang='lat' dir='ltr'>quod</span> <span class='ocrx_word' id='word_1_213' title='bbox 459 2894 526 2940; x_wconf 91' lang='lat' dir='ltr'>non</span> <span class='ocrx_word' id='word_1_214' title='bbox 541 2893 668 2964; x_wconf 86' lang='lat' dir='ltr'>pauper</span> <span class='ocrx_word' id='word_1_215' title='bbox 682 2870 816 2963; x_wconf 80' lang='lat' dir='ltr'>qnoque</span> <span class='ocrx_word' id='word_1_216' title='bbox 828 2867 952 2940; x_wconf 87' lang='lat' dir='ltr'>donare</span> <span class='ocrx_word' id='word_1_217' title='bbox 967 2869 1086 2961; x_wconf 84' lang='lat' dir='ltr'>possit,</span> <span class='ocrx_word' id='word_1_218' title='bbox 1105 2881 1200 2940; x_wconf 91' lang='lat' dir='ltr'>utne</span> 
     </span>
     <span class='ocr_line' id='line_1_25' title="bbox 154 2975 1199 3072; baseline -0.003 -24"><span class='ocrx_word' id='word_1_219' title='bbox 154 2979 217 3069; x_wconf 71' lang='lat' dir='ltr'>hac</span> <span class='ocrx_word' id='word_1_220' title='bbox 232 2978 366 3072; x_wconf 78' lang='lat' dir='ltr'>quoque</span> <span class='ocrx_word' id='word_1_221' title='bbox 382 2977 416 3046; x_wconf 91' lang='lat' dir='ltr'>in</span> <span class='ocrx_word' id='word_1_222' title='bbox 441 3000 476 3046; x_wconf 89' lang='lat' dir='ltr'>re</span> <span class='ocrx_word' id='word_1_223' title='bbox 499 2979 664 3048; x_wconf 87' lang='lat' dir='ltr'>tenuiores</span> <span class='ocrx_word' id='word_1_224' title='bbox 684 2976 928 3070; x_wconf 68' lang='lat' dir='ltr'>propellantur,</span> <span class='ocrx_word' id='word_1_225' title='bbox 946 2975 1022 3046; x_wconf 80' lang='lat' dir='ltr'>crim</span> <span class='ocrx_word' id='word_1_226' title='bbox 1038 2975 1199 3070; x_wconf 88' lang='lat' dir='ltr'>siquidem</span> 
     </span>
     <span class='ocr_line' id='line_1_26' title="bbox 154 3080 1200 3178; baseline -0.003 -23"><span class='ocrx_word' id='word_1_227' title='bbox 154 3109 224 3158; x_wconf 88' lang='lat' dir='ltr'>non</span> <span class='ocrx_word' id='word_1_228' title='bbox 238 3085 396 3168; x_wconf 85' lang='lat' dir='ltr'>habeant,</span> <span class='ocrx_word' id='word_1_229' title='bbox 413 3083 581 3178; x_wconf 74' lang='lat' dir='ltr'>quomode</span> <span class='ocrx_word' id='word_1_230' title='bbox 594 3107 671 3154; x_wconf 87' lang='lat' dir='ltr'>cum</span> <span class='ocrx_word' id='word_1_231' title='bbox 686 3080 907 3176; x_wconf 85' lang='lat' dir='ltr'>locupletibus</span> <span class='ocrx_word' id='word_1_232' title='bbox 919 3096 1056 3154; x_wconf 89' lang='lat' dir='ltr'>certent.</span> <span class='ocrx_word' id='word_1_233' title='bbox 1069 3083 1200 3154; x_wconf 85' lang='lat' dir='ltr'>Etenim</span> 
     </span>
     <span class='ocr_line' id='line_1_27' title="bbox 154 3190 1202 3282; baseline -0.005 -19"><span class='ocrx_word' id='word_1_234' title='bbox 154 3193 192 3263; x_wconf 90' lang='lat' dir='ltr'>in</span> <span class='ocrx_word' id='word_1_235' title='bbox 206 3191 332 3262; x_wconf 76' lang='lat' dir='ltr'>caeteris</span> <span class='ocrx_word' id='word_1_236' title='bbox 351 3190 485 3281; x_wconf 88' lang='lat' dir='ltr'>quidem</span> <span class='ocrx_word' id='word_1_237' title='bbox 501 3192 599 3261; x_wconf 89' lang='lat' dir='ltr'>rebus</span> <span class='ocrx_word' id='word_1_238' title='bbox 610 3193 701 3260; x_wconf 89' lang='lat' dir='ltr'>inter</span> <span class='ocrx_word' id='word_1_239' title='bbox 715 3191 844 3262; x_wconf 88' lang='lat' dir='ltr'>divitias</span> <span class='ocrx_word' id='word_1_240' title='bbox 859 3203 893 3260; x_wconf 90' lang='lat' dir='ltr'>et</span> <span class='ocrx_word' id='word_1_241' title='bbox 907 3203 1135 3282; x_wconf 75' lang='lat' dir='ltr'>paupertatem</span> <span class='ocrx_word' id='word_1_242' title='bbox 1150 3190 1202 3258; x_wconf 89' lang='lat' dir='ltr'>in-</span> 
     </span>
     <span class='ocr_line' id='line_1_28' title="bbox 155 3296 1201 3392; baseline -0.004 -21"><span class='ocrx_word' id='word_1_243' title='bbox 155 3313 269 3371; x_wconf 89' lang='lat' dir='ltr'>terest:</span> <span class='ocrx_word' id='word_1_244' title='bbox 283 3301 337 3370; x_wconf 88' lang='lat' dir='ltr'>hic</span> <span class='ocrx_word' id='word_1_245' title='bbox 354 3311 477 3384; x_wconf 86' lang='lat' dir='ltr'>autem,</span> <span class='ocrx_word' id='word_1_246' title='bbox 495 3299 554 3392; x_wconf 90' lang='lat' dir='ltr'>qui</span> <span class='ocrx_word' id='word_1_247' title='bbox 571 3299 754 3392; x_wconf 88' lang='lat' dir='ltr'>promptior</span> <span class='ocrx_word' id='word_1_248' title='bbox 770 3312 869 3390; x_wconf 88' lang='lat' dir='ltr'>atque</span> <span class='ocrx_word' id='word_1_249' title='bbox 885 3296 1022 3368; x_wconf 86' lang='lat' dir='ltr'>alacrior</span> <span class='ocrx_word' id='word_1_250' title='bbox 1033 3311 1095 3384; x_wconf 90' lang='lat' dir='ltr'>est,</span> <span class='ocrx_word' id='word_1_251' title='bbox 1112 3299 1201 3368; x_wconf 92' lang='lat' dir='ltr'>idem</span> 
     </span>
     <span class='ocr_line' id='line_1_29' title="bbox 155 3401 847 3502; baseline -0.012 -26"><span class='ocrx_word' id='word_1_252' title='bbox 155 3407 290 3502; x_wconf 80' lang='lat' dir='ltr'>quoque</span> <span class='ocrx_word' id='word_1_253' title='bbox 302 3405 403 3475; x_wconf 89' lang='lat' dir='ltr'>ditior</span> <span class='ocrx_word' id='word_1_254' title='bbox 418 3401 538 3474; x_wconf 84' lang='lat' dir='ltr'>evadit.</span> <span class='ocrx_word' id='word_1_255' title='bbox 845 3427 847 3432; x_wconf 64' lang='grc'>’</span> 
     </span>
    </p>

    <p class='ocr_par' dir='ltr' id='par_1_5' title="bbox 155 3507 1202 3821">
     <span class='ocr_line' id='line_1_30' title="bbox 206 3507 1202 3603; baseline -0.004 -21"><span class='ocrx_word' id='word_1_256' title='bbox 206 3541 219 3582; x_wconf 77' lang='lat' dir='ltr'>a</span> <span class='ocrx_word' id='word_1_257' title='bbox 244 3511 334 3585; x_wconf 87' lang='lat' dir='ltr'>Nihil</span> <span class='ocrx_word' id='word_1_258' title='bbox 349 3530 557 3603; x_wconf 82' lang='lat' dir='ltr'>progressum</span> <span class='ocrx_word' id='word_1_259' title='bbox 573 3521 670 3579; x_wconf 89' lang='lat' dir='ltr'>tuum</span> <span class='ocrx_word' id='word_1_260' title='bbox 685 3507 853 3588; x_wconf 70' lang='lat' dir='ltr'>inhibeatt</span> <span class='ocrx_word' id='word_1_261' title='bbox 868 3507 952 3578; x_wconf 87' lang='lat' dir='ltr'>nihil</span> <span class='ocrx_word' id='word_1_262' title='bbox 968 3509 1068 3578; x_wconf 89' lang='lat' dir='ltr'>animi</span> <span class='ocrx_word' id='word_1_263' title='bbox 1086 3508 1202 3578; x_wconf 79' lang='lat' dir='ltr'>alacri-</span> 
     </span>
     <span class='ocr_line' id='line_1_31' title="bbox 155 3603 1200 3710; baseline -0.005 -21"><span class='ocrx_word' id='word_1_264' title='bbox 155 3633 256 3690; x_wconf 88' lang='lat' dir='ltr'>tatem</span> <span class='ocrx_word' id='word_1_265' title='bbox 274 3618 441 3710; x_wconf 85' lang='lat' dir='ltr'>reprimat.</span> <span class='ocrx_word' id='word_1_266' title='bbox 465 3615 621 3700; x_wconf 80' lang='lat' dir='ltr'>Quandiir</span> <span class='ocrx_word' id='word_1_267' title='bbox 643 3603 818 3686; x_wconf 83' lang='lat' dir='ltr'>vehemens</span> <span class='ocrx_word' id='word_1_268' title='bbox 842 3627 891 3690; x_wconf 85' lang='lat' dir='ltr'>est</span> <span class='ocrx_word' id='word_1_269' title='bbox 907 3613 1125 3699; x_wconf 86' lang='lat' dir='ltr'>desiderium,</span> <span class='ocrx_word' id='word_1_270' title='bbox 1145 3614 1200 3699; x_wconf 95' lang='lat' dir='ltr'>id,</span> 
     </span>
     <span class='ocr_line' id='line_1_32' title="bbox 156 3717 1202 3821; baseline -0.007 -24"><span class='ocrx_word' id='word_1_271' title='bbox 156 3725 248 3821; x_wconf 93' lang='lat' dir='ltr'>quod</span> <span class='ocrx_word' id='word_1_272' title='bbox 260 3724 438 3809; x_wconf 87' lang='lat' dir='ltr'>desideras,</span> <span class='ocrx_word' id='word_1_273' title='bbox 454 3722 740 3817; x_wconf 85' lang='lat' dir='ltr'>arripc.Qnandil1</span> <span class='ocrx_word' id='word_1_274' title='bbox 755 3721 839 3792; x_wconf 85' lang='lat' dir='ltr'>calet</span> <span class='ocrx_word' id='word_1_275' title='bbox 855 3719 991 3806; x_wconf 82' lang='lat' dir='ltr'>ferrum,</span> <span class='ocrx_word' id='word_1_276' title='bbox 1010 3717 1129 3812; x_wconf 78' lang='lat' dir='ltr'>frigida</span> <span class='ocrx_word' id='word_1_277' title='bbox 1144 3721 1202 3792; x_wconf 89' lang='lat' dir='ltr'>cb·</span> 
     </span>
    </p>
   </div>
   <div class='ocr_carea' id='block_1_3' title="bbox 156 3827 1202 4031">
    <p class='ocr_par' dir='ltr' id='par_1_6' title="bbox 156 3827 1202 4031">
     <span class='ocr_line' id='line_1_33' title="bbox 156 3827 1202 3933; baseline -0.004 -31"><span class='ocrx_word' id='word_1_278' title='bbox 156 3834 312 3933; x_wconf 79' lang='lat' dir='ltr'>duretur,</span> <span class='ocrx_word' id='word_1_279' title='bbox 330 3855 373 3900; x_wconf 91' lang='lat' dir='ltr'>ne</span> <span class='ocrx_word' id='word_1_280' title='bbox 387 3832 468 3924; x_wconf 88' lang='lat' dir='ltr'>quid</span> <span class='ocrx_word' id='word_1_281' title='bbox 489 3833 621 3902; x_wconf 88' lang='lat' dir='ltr'>interim</span> <span class='ocrx_word' id='word_1_282' title='bbox 643 3829 788 3915; x_wconf 90' lang='lat' dir='ltr'>accidat,</span> <span class='ocrx_word' id='word_1_283' title='bbox 806 3827 898 3924; x_wconf 85' lang='lat' dir='ltr'>quod</span> <span class='ocrx_word' id='word_1_284' title='bbox 920 3828 1021 3898; x_wconf 88' lang='lat' dir='ltr'>animi</span> <span class='ocrx_word' id='word_1_285' title='bbox 1035 3828 1202 3920; x_wconf 87' lang='lat' dir='ltr'>cupidita·-</span> 
     </span>
     <span class='ocr_line' id='line_1_34' title="bbox 159 3935 1202 4031; baseline -0.006 -22"><span class='ocrx_word' id='word_1_286' title='bbox 159 3956 227 4010; x_wconf 89' lang='lat' dir='ltr'>tem</span> <span class='ocrx_word' id='word_1_287' title='bbox 251 3937 418 4029; x_wconf 79' lang='lat' dir='ltr'>infringat.</span> <span class='ocrx_word' id='word_1_288' title='bbox 441 3939 612 4031; x_wconf 89' lang='lat' dir='ltr'>Philippus</span> <span class='ocrx_word' id='word_1_289' title='bbox 634 3960 728 4006; x_wconf 89' lang='lat' dir='ltr'>sum:</span> <span class='ocrx_word' id='word_1_290' title='bbox 747 3949 817 4006; x_wconf 91' lang='lat' dir='ltr'>esto</span> <span class='ocrx_word' id='word_1_291' title='bbox 839 3935 1032 4008; x_wconf 83' lang='lat' dir='ltr'>Candaces.</span> <span class='ocrx_word' id='word_1_292' title='bbox 1049 3935 1108 4004; x_wconf 87' lang='lat' dir='ltr'>Dic</span> <span class='ocrx_word' id='word_1_293' title='bbox 1134 3936 1202 4031; x_wconf 85' lang='lat' dir='ltr'>ipse</span> 
     </span>
    </p>
   </div>
   <div class='ocr_carea' id='block_1_4' title="bbox 0 0 1496 4580">
    <p class='ocr_par' dir='ltr' id='par_1_7' title="bbox 0 0 1496 4580">
     <span class='ocr_line' id='line_1_35' title="bbox 0 0 1496 4580; baseline 0 0"><span class='ocrx_word' id='word_1_294' title='bbox 0 0 1496 4580; x_wconf 95' lang='lat' dir='ltr'> </span> 
     </span>
    </p>
   </div>
  </div>
 </body>
</html>
