2930 4582
215 407 318 456 CAPUT
339 411 384 453 VI·
405 408 447 452 DE
462 405 617 450 mutuom
640 407 676 450 nt
698 401 906 449 constemus
928 393 1095 443 Anulum.
1122 382 1186 444 313

150 510 230 578 dore
255 507 443 601 perficiatur
456 539 465 596 3
486 507 550 575 hoc
573 518 684 574 autem
700 527 739 572 ex
754 501 922 596 proposito
941 514 974 570 et
989 523 1028 568 ex
1042 497 1112 568 sola
1126 523 1188 570 vo-

147 616 276 686 luntate
291 614 525 706 proficiscatur.
544 617 700 682 Attamen
717 609 814 678 multi
840 603 932 700 quod
948 605 1115 675 molestius
1140 621 1189 677 est

147 723 306 809 ferentes,
321 722 411 815 quod
424 721 552 790 facilius
569 731 638 787 erat
650 741 717 787 non
733 715 929 808 perficiunt,
946 714 1004 782 sed
1015 715 1189 785 tabescunt

148 845 180 900 et
196 843 348 923 pereunt,
363 827 439 897 ciam
453 827 567 896 vident
588 823 667 893 alios
685 822 771 892 clare
797 837 830 892 et
853 822 1007 914 prospere
1033 837 1186 912 agentes,

146 939 222 1007 cum
245 937 425 1012 Ecclesiam
448 947 588 1004 cernunt
612 945 713 1000 totam
741 945 799 998 aut
818 930 921 1000 verbo
944 941 1001 997 aut
1016 927 1080 999 alio
1102 954 1189 1022 quo·
1247 921 1250 929 ¹

146 1044 223 1113 dam
233 1042 334 1113 modo
344 1039 465 1134 juvari,
478 1053 511 1107 ct
526 1061 594 1107 rem
611 1037 696 1106 bene
711 1059 821 1127 gerere
834 1067 842 1124 3
860 1053 928 1129 quo
948 1035 1030 1128 quid
1045 1035 1189 1106 deterius

144 1149 274 1220 suerit?
296 1152 412 1238 Neque
436 1147 524 1214 enim
539 1143 730 1214 cumfratre
745 1143 874 1212 tantiam
888 1196 896 1228 ,
919 1143 975 1212 sed
995 1145 1093 1212 etiam
1108 1161 1189 1214 'cum

144 1256 319 1326 voluntate
335 1253 396 1323 Dei
411 1265 538 1346 pugnat
550 1251 611 1344 qui
622 1249 696 1319 talis
711 1264 771 1320 est.
785 1254 855 1320 Hoc
867 1251 945 1341 ergo
960 1249 1186 1342 considerans,

144 1383 318 1454 compesce
333 1359 487 1428 morbum
504 1360 593 1426 hunc
611 1386 619 1428 :
638 1357 697 1426 etsi
710 1379 776 1426 non
789 1355 975 1450 proximum
988 1357 1054 1442 vis,
1072 1355 1188 1426 saltem

143 1483 179 1538 te
196 1469 306 1558 ipsum
321 1469 340 1535 a
355 1465 513 1534 sexcentis
532 1487 609 1532 erue
626 1463 729 1534 malis.
748 1468 816 1536 Cur
832 1463 957 1534 bellum
971 1464 1072 1534 infers
1083 1464 1119 1532 iu
1131 1488 1188 1534 co·

146 1573 323 1666 gitationes
339 1575 436 1641 tuas?
453 1595 511 1640 cur
533 1572 680 1642 tumultu
705 1574 847 1642 animam
872 1572 999 1666 reples?
1020 1596 1080 1642 cur
1102 1587 1188 1640 tem-

143 1695 303 1773 pestatem
320 1680 438 1750 excitas
453 1695 486 1750 et
507 1703 557 1750 res
576 1679 738 1774 susdeque
753 1681 874 1750 vertis?
890 1681 1058 1773 quomodo
1074 1679 1120 1749 sio
1136 1679 1188 1748 af-

143 1787 250 1857 fectus
275 1802 485 1879 peccatorum
508 1787 638 1855 veniam
660 1801 772 1878 petere
787 1788 936 1856 valebis?
951 1791 1033 1857 Nlrm
1058 1789 1084 1856 si
1100 1791 1187 1857 Deus

143 1908 283 1986 peccata
304 1917 373 1962 non
390 1893 529 1961 remittit
543 1893 601 1978 iis,
622 1894 681 1986 qui
699 1893 761 1962 sibi
776 1892 880 1963 illatas
894 1893 1029 1986 injurias
1050 1917 1118 1970 non
1133 1917 1188 1962 re-

143 2003 283 2071 mittunt
295 2054 305 2085 ,
319 2023 420 2092 quam
436 2001 565 2069 veniam
581 1999 673 2068 dabit
684 2000 742 2086 iis,
760 2001 818 2093 qui
842 1999 924 2069 nihil
938 2025 972 2070 se
988 2000 1187 2070 laedentibus

145 2108 266 2177 damna
289 2097 412 2175 inferre
434 2110 624 2176 conantur?
649 2105 738 2176 lllud
753 2107 841 2176 certb
858 2121 1009 2176 extremae
1029 2108 1187 2200 nequitiae

127 2259 130 2266 ⁴
144 2227 378 2308 argumentum
395 2225 465 2281 cst:
485 2213 543 2304 qui
555 2211 635 2280 tales
652 2228 741 2298 sunt,
760 2237 836 2282 cum
859 2212 991 2283 diabolo
1007 2213 1187 2283 Ecclesiam
1258 2273 1260 2279 Α

144 2333 351 2412 oppugnant.
379 2319 530 2388 Fortasse
545 2321 623 2388 verb
645 2317 742 2408 longb
767 2319 909 2388 deterius
932 2319 1058 2388 malum
1075 2335 1123 2388 est
1142 2323 1186 2390 :a

144 2425 278 2496 diabolo
291 2425 380 2496 enim
395 2445 510 2494 cavere
525 2447 713 2516 possumus,
724 2426 758 2494 hi
772 2439 882 2494 autem
898 2415 1049 2494 amicitiae
1062 2425 1186 2496 larvam

144 2533 267 2621 serunt,
280 2533 364 2604 clam
374 2534 484 2622 ignem
498 2531 713 2618 succendunt,
724 2557 824 2626 seque
836 2533 957 2625 primos
970 2535 1006 2602 iu
1018 2535 1186 2603 caminum

143 2641 317 2730 injiciunt,
332 2653 365 2706 et
379 2639 497 2706 morbo
508 2653 718 2729 premuntur,
734 2640 872 2731 quinon
883 2640 984 2708 morlb
1000 2641 1185 2710 misericor·
1219 2694 1222 2702 .

101 2834 104 2840 1
144 2744 231 2813 diam
248 2765 381 2812 movere
396 2759 558 2835 nequeat,
578 2742 635 2810 sed
650 2743 748 2832 etiam
769 2743 911 2811 multum
930 2745 1032 2812 risum
1053 2748 1182 2816 excitet.

143 2856 212 2923 Cur
234 2849 398 2944 pallescis,
421 2875 551 2944 quaeso,
575 2850 686 2918 tremis
713 2863 747 2917 et
771 2847 1002 2926 formidolosus
1023 2855 1079 2920 es?
1097 2851 1186 2934 Quid

143 2958 219 3028 mali
235 2957 378 3027 accidit?
393 2958 491 3039 Quod
511 2956 617 3026 clarus
633 2955 735 3025 frater
750 2956 809 3042 sit,
829 2956 920 3050 quod
937 2957 1128 3050 splendidus
1152 2972 1185 3028 et

142 3066 445 3159 probatusP.Atqui
466 3080 499 3135 te
520 3089 675 3135 coronam
699 3050 1075 3158 assumereoportebat,
1101 3091 1184 3158 gau-

143 3173 242 3258 dere,
261 3177 332 3241 Deo
348 3169 483 3259 gloriam
498 3171 637 3257 referre,
656 3172 749 3265 quod
765 3173 952 3240 membrum
965 3187 1059 3242 tuum
1076 3173 1185 3265 splen·

144 3278 257 3348 didum
281 3291 314 3346 et
328 3276 455 3346 illustre
476 3278 527 3345 sit.
558 3277 618 3348 Sed
637 3278 727 3346 doles
743 3277 834 3368 quod
860 3283 946 3348 Deus
969 3279 1180 3370 glorificetur.

143 3384 304 3454 Vides-ue
317 3407 385 3478 quo
401 3383 515 3451 tendat
530 3383 654 3452 bellum
664 3388 678 3452 Ρ
687 3389 729 3453 At
741 3408 809 3453 non
819 3383 928 3468 doleo,
940 3386 1080 3478 inquies,
1093 3389 1184 3480 qudd

143 3493 248 3577 Deus,
268 3490 328 3558 sed
348 3490 440 3582 qudd
454 3488 556 3558 frater
573 3489 673 3580 gloria
696 3491 869 3560 alliciatur.
886 3492 1008 3560 Verum
1021 3516 1079 3584 per
1094 3495 1185 3564 hunc

144 3595 185 3664 ad
201 3602 307 3666 Deum
330 3596 431 3686 gloria
447 3596 609 3681 ascendit,
623 3605 666 3666 'et
681 3597 807 3666 bellum
824 3599 921 3666 etiam
938 3601 957 3667 a
973 3613 1006 3668 te
1018 3613 1180 3670 exortum.

144 3705 186 3770 At
206 3727 276 3772 non
296 3705 359 3772 hoc
374 3703 455 3772 mihi
470 3702 640 3795 displicet,
664 3704 818 3797 inquies,
847 3705 905 3774 sed
924 3729 983 3800 per
999 3729 1051 3774 me
1064 3706 1183 3778 vellem

144 3811 247 3879 Deum
264 3811 370 3902 glorirt
383 3812 479 3880 allici.
492 3814 581 3904 Ergo
596 3810 715 3904 gaude,
732 3813 871 3884 florente
886 3813 1010 3900 fratre,
1027 3829 1060 3884 et
1075 3839 1135 3908 per
1149 3829 1184 3886 te

101 4008 105 4018 Ι
144 3915 228 3985 Deus
249 3917 500 4010 glorificabitur,
524 3941 703 4013 omnesque
728 3917 840 3991 dicent
858 3951 866 3993 ι
885 3919 1083 4006 Benedictus
1096 3927 1182 4012 Deus
