2992 4590
237 434 340 484 olroa
361 439 407 484 vr.
432 437 475 480 or
497 435 652 484 massono
667 439 704 484 m
722 437 930 484 ooncroarrus
951 432 1119 484 tuarum.
1146 419 1210 484 155

171 537 309 608 modurn
324 536 481 608 excedere
495 537 654 627 coegerit,
673 536 807 608 affectui
821 535 946 623 no'stm,
958 554 1083 630 quaeso,
1100 537 1211 630 ignos-

171 643 256 730 oite,
278 644 458 714 affectuum
478 643 628 714 omnium
647 642 841 735 justissimo,
866 656 899 710 et
922 661 989 734 quo
1004 665 1073 712 non
1098 643 1208 730 allici,

171 743 329 820 damarum
345 773 382 822 ac
398 747 635 822 detrimentum
651 762 721 834 est,
738 747 777 819 iis
789 746 924 839 quidem
939 749 1042 835 certe,
1060 749 1118 841 qui
1133 753 1211 820 sana

170 864 270 950 atque
283 857 531 947 integramente
546 868 635 924 sunt.

216 989 232 1028 u
252 962 431 1034 Habebant
450 984 510 1034 nos
531 961 687 1044 Athenae,
705 955 797 1028 velut
812 957 939 1031 fluxum
954 957 1132 1051 quemdam
1147 960 1212 1030 llu-

169 1068 283 1154 minis,
300 1093 341 1140 ex
360 1068 478 1140 eodem
492 1065 611 1158 parriae‘
620 1065 714 1139 fonto
728 1065 763 1135 in
777 1063 921 1138 diversas
933 1067 1080 1156 regiones
1094 1065 1213 1140 doctri-

169 1199 222 1246 nae
237 1175 419 1268 cupiditate
431 1175 602 1259 dissectos,
616 1171 812 1264 rurslrmque
824 1170 939 1258 ,velut
954 1195 994 1240 ex
1005 1173 1209 1263 composito,

168 1285 239 1350 Deo
258 1280 412 1356 videlicet
432 1280 478 1348 iu
497 1277 703 1370 impellente,
731 1281 898 1348 coeuntes.
925 1280 973 1346 Ac
999 1301 1052 1346 me
1075 1277 1211 1370 quidem

168 1387 342 1479 aliquante
357 1386 432 1456 autb
447 1385 635 1472 habebant,
652 1382 747 1452 illum
767 1396 877 1455 autem
893 1382 984 1457 haud
996 1382 1102 1458 multb
1114 1398 1207 1476 post,

169 1491 350 1586 etquidem
367 1513 442 1562 cum
454 1490 589 1563 mirifici
599 1503 632 1560 et
645 1488 814 1562 luculenti
826 1513 882 1582 spe
896 1503 1114 1582 expectatum.
1129 1495 1210 1561 Ete-

167 1600 239 1672 nim
254 1600 290 1668 in
303 1597 484 1673 multorum
497 1597 620 1690 linguis
637 1598 847 1684 versabatur,
866 1599 1042 1691 antequam
1059 1599 1210 1668 advenis·

165 1720 238 1794 set3
256 1730 318 1778 noc
329 1695 503 1800 quisquam
515 1721 605 1791 erat,
622 1708 681 1800 qui
695 1730 765 1777 nou
779 1704 935 1798 praeclare
950 1729 1061 1776 secum
1078 1707 1129 1797 agi
1144 1729 1209 1798 pu·
1254 1759 1258 1766 ,

165 1825 268 1899 taret,
292 1813 320 1882 si
344 1811 400 1898 id,
418 1811 510 1906 quod
524 1835 655 1882 summo
669 1811 779 1886 studio
795 1812 989 1904 expetebat,
1008 1813 1096 1907 prior
1111 1836 1211 1884 occu·

165 1932 271 2011 paret.
313 1922 381 1990 Neo
411 1919 490 1996 verb
516 1917 660 1991 alienum
687 1919 748 1988 orit
777 1918 1057 1991 narratiunculam
1086 1941 1207 2005 unam,

165 2023 370 2096 condimenti
383 2025 555 2120 cujusdam
574 2027 665 2112 vice,
680 2025 821 2101 orationi
837 2024 1038 2118 adjungere,
1056 2037 1094 2096 ut
1106 2027 1210 2099 scien-

167 2132 256 2204 tibus
281 2131 417 2224 quidem
445 2133 636 2205 memoriam
663 2147 821 2218 renovet,
848 2133 1075 2224 ignorantibus
1099 2148 1210 2207 autem

166 2238 370 2311 documento
382 2239 563 2310 sit.lnsano
575 2239 721 2331 quodam
732 2241 808 2331 erga
817 2240 976 2331 sophistas
990 2237 1100 2310 studio
1110 2242 1210 2310 Athe-

129 2345 131 2356 '
165 2349 217 2418 nis
238 2361 406 2418 tenentur.
421 2348 523 2439 quarn
546 2347 679 2440 plurimi
698 2361 732 2416 et
747 2345 945 2416 stolidissimi
965 2346 1207 2434 adolescentes,

165 2476 236 2524 non
247 2452 349 2526 modb
364 2452 526 2543 ignobiles
538 2467 572 2522 et
584 2453 732 2540 obscuri,
749 2453 802 2526 vel
817 2453 943 2524 nobiles
956 2455 1054 2524 etiam
1070 2467 1103 2524 et
1118 2453 1210 2524 illus-

164 2574 250 2646 tres,
265 2574 305 2632 ut
318 2561 377 2652 qui
388 2559 593 2630 miscellanea
605 2559 758 2654 quaedam
774 2559 953 2630 multitudo
968 2561 1056 2646 sint,
1073 2563 1210 2655 etjuve-

164 2689 244 2752 nes,
263 2681 297 2736 et
312 2667 358 2735 ita
369 2666 499 2749 effecti,
515 2680 554 2735 ut
569 2690 682 2734 eorum
698 2667 840 2758 impetus
854 2666 909 2736 vix
923 2667 1055 2758 reprimi
1070 2665 1205 2760 possint.

165 2772 264 2855 Quod
277 2771 378 2863 igitur
389 2771 424 2842 in
441 2771 646 2864 equestribus
660 2772 892 2842 certaminibus
905 2773 943 2840 iis
957 2772 1103 2842 accidere
1118 2775 1210 2844 vide-

164 2901 251 2964 mus,
270 2879 330 2972 qui
345 2877 436 2971 equis
453 2892 486 2948 et
498 2877 690 2971 spectaculis
706 2878 937 2968 oblectantur,
954 2879 1092 2951 exiliunt
1107 2882 1206 2966 enim,

164 2982 332 3070 clamant,
353 2983 523 3076 pulverem
535 2985 570 3056 in
585 2984 708 3057 coelum
724 2985 881 3071 mittunt,
900 2983 1049 3056 sedentes
1065 2986 1209 3056 habenas

164 3091 396 3179 moderantur,
416 3097 524 3164 adrem
539 3094 736 3179 verberant,
753 3111 855 3188 equos
868 3093 998 3185 digitis,
1016 3095 1110 3188 quasi
1133 3119 1208 3166 scu-

164 3200 259 3288 ticis,
280 3201 316 3273 iu
342 3199 483 3276 alterum
503 3215 603 3294 atque
624 3201 765 3274 alterum
782 3201 868 3272 latus
884 3201 1024 3272 subinde
1036 3206 1206 3297 jungunt,

164 3306 243 3378 ciam
264 3307 349 3378 nihil
368 3310 489 3382 horum
513 3309 549 3379 in
568 3299 714 3401 ipsorum
731 3323 891 3401 potestate
914 3311 1012 3380 situm
1028 3311 1080 3380 sit.
1099 3313 1209 3382 Facile
1328 3371 1332 3377 .

164 3413 251 3482 inter
271 3437 305 3482 se
326 3415 471 3506 aurigas,
497 3437 622 3507 equos,
652 3435 814 3506 equorum
829 3415 1005 3499 stationes,
1023 3417 1208 3487 certaminis

164 3517 267 3592 duces
281 3536 472 3614 permutant
485 3554 495 3612 3
518 3522 618 3615 idque
634 3521 770 3614 quinam
789 3523 948 3596 tandem?
961 3528 1121 3614 Pauperes
1137 3523 1208 3615 ple-

166 3629 308 3721 rumque
329 3644 428 3722 atque
448 3629 560 3720 inopia
578 3627 787 3714 laborantes,
806 3645 839 3700 et
857 3629 979 3722 quibus
994 3653 1036 3698 ne
1051 3631 1085 3699 in
1102 3653 1208 3700 unum

166 3736 301 3827 quidem
328 3734 415 3822 diem
440 3737 546 3806 victus
569 3736 748 3828 suppetit:
777 3737 841 3812 hoc
862 3737 937 3828 ipsis
960 3737 1095 3830 quoque
1110 3737 1207 3829 plane

166 3843 251 3913 circa
266 3855 481 3934 praeceptores
493 3864 580 3928 suos,
592 3841 736 3936 aliosque
747 3845 893 3937 ejusdem
909 3846 985 3914 artis
997 3843 1205 3937 professores,

168 3969 348 4040 eorumque
363 3947 500 4018 aemulos
520 3949 661 4040 accidit,
685 3951 721 4019 in
742 3951 806 4022 hoc
833 3950 990 4022 nimirum
1006 3951 1206 4024 elaboranti-
