2930 4582
304 404 368 466 302
447 413 626 464 aaaroutot
649 413 675 462 s·
702 413 850 477 strauit,
875 413 951 462 aaut
974 418 1024 478 11,
1048 416 1132 460 saca.
1159 419 1183 460 r.

303 530 337 586 et
356 539 415 586 nos
437 515 616 600 liniamus,
638 513 924 584 commonstrando
951 512 1014 582 illis
1035 513 1126 605 quod
1143 513 1340 584 cohabitatio

263 642 272 658 “
301 620 375 706 illa,
394 623 543 714 quamvis
560 605 666 690 suavis
682 632 715 687 et
727 619 875 712 jucunda
893 618 1057 704 videatur,
1079 619 1262 711 perniciosa
1281 622 1339 708 sit,

303 740 336 798 et
360 725 464 806 nihilo
484 727 621 812 melior,
643 728 743 819 quam
771 722 948 794 mortiferae
969 727 1130 817 potiones.
1149 731 1193 796 Et
1215 726 1342 796 videtur

302 833 437 926 quidem
460 833 601 902 multam
626 833 748 902 habere
767 831 935 915 laetitiam,
960 829 1042 900 latet
1066 845 1178 900 tamen
1202 833 1342 903 multum

303 940 338 1008 in
354 940 392 1006 ed
406 937 653 1024 amaritudinis,
669 961 770 1032 quam
784 940 901 1006 animae
913 962 987 1030 quae
997 938 1224 1032 voluptatibus
1234 940 1344 1008 oblec-

304 1061 409 1134 tatur,
432 1044 590 1118 infundit.
613 1047 769 1141 namqui
792 1070 963 1140 persuasus
978 1041 1137 1134 discedit,
1152 1047 1267 1116 secure
1285 1047 1344 1118 dis·

304 1155 425 1226 cedlt¹.
449 1181 466 1219 tt
633 1237 635 1242 Ι

361 1263 412 1332 ltt
432 1275 466 1330 et
487 1265 519 1332 S.
546 1263 769 1352 Hieronymus
793 1261 835 1331 de
863 1263 1024 1354 stupeudd
1048 1276 1168 1332 sanotae
1192 1261 1342 1331 Melaniae

306 1370 406 1438 animi
429 1368 624 1450 fortitudine
647 1393 831 1440 sermonem
858 1367 1001 1456 faciens,
1024 1369 1082 1440 tali
1103 1369 1343 1462 Anticipatione

305 1476 436 1546 utitur:

353 1611 369 1648 a
385 1586 502 1652 Sancta
518 1580 658 1652 Melania
675 1581 777 1650 nostri
789 1582 943 1674 temporis
956 1583 1040 1650 inter
1056 1583 1259 1652 Christianos
1271 1605 1343 1652 vera

287 1683 477 1774 nobilitas,
500 1693 627 1758 calente
647 1687 756 1756 adhbc
780 1688 890 1756 mariti
911 1686 1123 1780 corpusculo,
1149 1688 1233 1761 duos
1251 1687 1345 1758 simul

305 1796 449 1888 perdidit
463 1795 558 1866 filios.
578 1800 660 1864 Rem
676 1795 824 1864 dicturus
840 1820 912 1864 sum
926 1797 1173 1882 incredibilem,
1192 1797 1250 1868 sed
1267 1812 1343 1866 teste

306 1903 437 1972 Christo
453 1927 521 1972 non
545 1901 671 1972 salsam.
695 1907 863 1994 Lacrymae
885 1919 977 1996 gutta
997 1928 1065 1977 non
1082 1906 1197 1990 trux-it,
1226 1905 1284 1976 sed
1304 1905 1344 1976 ad

306 2007 406 2098 pedes
422 2009 577 2078 advoluta
593 2010 713 2078 Christi
728 2039 735 2078 :
750 2010 953 2102 Expeditius,
967 2013 1178 2104 inquit-tihi,
1195 2015 1342 2100 Domine,

306 2113 464 2182 servitura
480 2137 574 2198 suut,
593 2115 669 2208 quia
682 2129 774 2184 tanto
788 2140 840 2186 rue
856 2141 954 2186 onere
967 2117 1145 2188 liberrlsti2.
1167 2147 1182 2184 s
1235 2123 1237 2128 '

352 2221 403 2288 lta
421 2218 565 2346 denique
591 2221 843 2290 Theodoretus
835 2247 871 2292 ru
887 2223 955 2292 vital
970 2240 1062 2294 sanct
1063 2226 1074 2294 i
1049 2226 1258 2296 tSimeonis
1274 2230 1309 2309 St
1296 2240 1345 2318 ty·

269 2339 276 2350 '
306 2324 428 2410 litae,
395 2350 469 2394 cum
482 2326 753 2396 mauditumvrtae
764 2352 865 2418 genus
878 2355 1008 2402 narrare
1019 2331 1130 2420 vellet
1142 2333 1344 2455 audientium

192 2485 195 2492 .
264 2517 268 2522 .
307 2435 432 2504 animos
447 2435 508 2502 hale
523 2435 738 2504 similitudine
754 2454 990 2530 praeoccupat:

354 2568 370 2604 a
388 2539 694 2626 Quemadmodum,
694 2545 850 2638 inquit,
858 2546 881 2614 ii
895 2549 1043 2640 ‚quibus
1058 2549 1176 2640 obtigit
1192 2564 1230 2620 ut
1246 2565 1347 2632 esseut

307 2667 399 2736 reges
424 2646 621 2733 hominurn,
653 2663 727 2739 post
751 2651 894 2743 aliquam
921 2657 1075 2746 temporis
1102 2657 1346 2726 conversionem

307 2765 438 2820 mutant
451 2752 609 2844 imagines
629 2779 852 2841 nummorum,
869 2757 1048 2852 aliquando
1063 2762 1198 2854 quidem
1214 2763 1345 2836 leonum

307 2859 525 2950 exprimentes
547 2861 723 2952 imagines,
752 2863 930 2956 aliquando
954 2883 1064 2936 autem
1097 2869 1289 2956 stellarum,
1317 2884 1347 2938 et

306 2963 486 3056 aliquandb
507 2966 719 3056 angelorum,
740 2992 827 3039 novo
849 2972 1038 3042 charactere
1053 2987 1218 3046 tentantes
1234 2999 1347 3046 aurum

307 3069 445 3138 reddere
457 3072 628 3164 pretiosius
647 3101 654 3142 :
678 3073 724 3142 itt
751 3075 849 3143 etiam
874 3101 1021 3148 summus
1037 3087 1106 3150 Rex
1121 3085 1348 3154 universorum

308 3174 603 3270 (velutiquasdam
616 3179 736 3270 figuras
749 3205 786 3252 ac
798 3183 1017 3278 characteres)
1029 3189 1209 3277 haecnova,
1224 3190 1348 3264 etmul·
1455 3231 1456 3238 .

308 3281 431 3374 tiplicia
454 3284 613 3354 vivendi
605 3287 755 3358 instituta
773 3289 886 3380 pietati
908 3316 1059 3387 veraeque
1080 3296 1245 3390 Religioni
1268 3297 1347 3392 adji-

308 3388 414 3475 ciens,
431 3414 498 3461 non
511 3390 905 3484 solithhristianorum,
923 3397 980 3468 sed
993 3400 1186 3474 infidelium
1194 3400 1348 3476 etiamad
1453 3399 1455 3458 ἶ

306 3493 512 3568 laudandum
524 3498 650 3590 linguas
662 3503 815 3574 excitat³
833 3532 849 3570 »

366 3607 420 3672 11⁰
447 3605 623 3676 Videamus
641 3606 740 3675 etiam
763 3613 930 3705 quomodb
953 3637 1002 3684 res
1024 3630 1057 3686 et
1075 3639 1230 3710 personas
1255 3617 1348 3688 Des·
1454 3611 1455 3678 ἶ

308 3710 544 3802 eruptionibus
567 3713 659 3808 quasi
679 3713 860 3810 depingant
874 3721 977 3790 sancti
999 3727 1167 3796 Doctores.
1188 3731 1253 3798 Pro
1270 3731 1348 3796 Des·

350 3863 360 3892 ¹
374 3857 401 3908 s.
413 3857 496 3924 (brya.
513 3857 539 3910 iu
553 3873 595 3910 aas
607 3858 647 3926 qui
659 3859 793 3914 subintrod.
819 3861 912 3916 habent
923 3865 1016 3921 mulier.
1041 3885 1065 3921 n.
1089 3886 1111 3920 ι.
1128 3893 1159 3908 -··
1178 3874 1230 3925 ²8.
1249 3872 1346 3924 Biston·
1454 3859 1455 3894 f

273 3949 277 3959 ·
309 3937 387 4004 Epist.
401 3957 449 3993 xxu
459 3942 491 3993 ad
499 3941 568 3993 Paul.
583 3966 615 3982 -·
634 3940 804 3998 ⁸ttaodoret.
818 3947 866 4000 tit.
886 3951 911 4000 S.
925 3950 1030 4006 Simeon.
1043 3953 1122 4024 stylit.
