2930 4582
286 423 351 484 280
434 430 613 482 annnorum
636 433 663 482 s.
689 434 840 496 naraon,-
865 433 941 481 ntus
964 437 1010 498 11,
1033 437 1117 482 anor.
1143 441 1167 482 1.

281 539 385 611 nostri
400 538 571 610 voluntate
591 562 631 608 ex
646 539 805 609 universis
829 539 1003 631 provinciis
1024 538 1143 610 Africae
1161 541 1323 614 venientes

279 645 314 717 in
325 646 470 716 Ecclesia
485 649 595 715 sancta
608 647 777 736 Bagaiensi
788 645 973 716 Concilium
987 670 1186 740 gereremus,
1205 651 1323 720 Gama-

279 755 365 841 lius,
390 754 595 840 Primianus,
616 753 752 823 Pontius
766 777 788 838 ,·
805 753 1029 824 Seeundianus
1052 755 1246 842 lanuarias,
1267 761 1323 828 Sa-

279 865 445 949 turninus,
461 861 563 948 Felix,
583 862 747 952 Pegasius,
761 863 918 948 RufinuS,
934 862 1130 948 Fortunius,
1142 864 1322 957 Crispinus,

265 971 489 1056 ¹Florentius,
510 972 662 1063 Optatus,
680 974 839 1054 Donatus,
858 969 1071 1055 Donatianus,
1087 981 1121 1038 et
1136 973 1247 1040 caeteri
1262 997 1325 1044 nu-

279 1102 371 1148 mero
388 1077 527 1148 trecenti
551 1090 584 1146 et
606 1079 742 1162 decem,
765 1075 890 1169 placuit
915 1075 1050 1169 Spiritui
1071 1089 1186 1147 sancto
1209 1081 1269 1172 qui
1292 1082 1326 1172 in

280 1188 376 1257 nobis
389 1200 448 1271 est,
463 1207 578 1278 pacem
591 1186 720 1253 firmare
731 1196 938 1276 perpetuam,
954 1198 987 1252 et
999 1184 1169 1268 schismata
1183 1209 1326 1258 resecare

280 1293 445 1383 sacrilega.
457 1291 601 1378 aludis,
617 1290 771 1376 advertis,
795 1290 955 1360 attendis?
974 1292 1154 1361 Schismata
1170 1295 1326 1387 inquiunt

279 1425 424 1473 resecare
434 1400 598 1489 sacrilega.
610 1401 699 1491 Ergo
710 1423 778 1468 non
788 1399 1013 1485 inhominem,
1026 1399 1128 1468 sedin
1141 1405 1248 1490 Deum
1259 1427 1327 1474 sce-

277 1510 380 1580 lerata
392 1507 602 1600 perversitate
616 1508 652 1577 in
668 1529 707 1576 eo
723 1505 894 1576 schismate
903 1505 990 1575 solus
1002 1507 1219 1578 Maximianus
1231 1511 1327 1580 sacri·
1360 1560 1372 1578 χ

197 1697 203 1706 ,
277 1617 365 1708 legii·
379 1614 515 1684 crimine
541 1614 738 1700 tenebatur,
769 1612 846 1681 crim
869 1613 930 1682 ista
957 1617 1126 1683 sententia
1149 1614 1323 1688 diceretur.

279 1729 366 1812 Lege
390 1719 490 1813 paulo
511 1733 585 1814 post
606 1719 688 1813 quid
711 1721 823 1789 dicant
849 1720 890 1788 de
915 1721 1008 1790 sociis
1033 1723 1119 1814 ejus,
1143 1723 1230 1791 inter
1246 1749 1325 1818 quos

278 1833 417 1899 istorum
428 1827 574 1908 nomina,
588 1828 762 1921 dequibus
774 1828 894 1917 agitur,
909 1828 1028 1920 scripta
1040 1843 1128 1896 sunt.
1142 1833 1209 1902 Nec
1220 1831 1324 1902 solum

279 1940 387 2024 hunc,
402 1936 576 2029 inquiunt,
595 1935 723 2006 sceleris
736 1937 786 2004 sui
798 1959 885 2005 mors
897 1939 985 2030 justa
997 1937 1212 2024 condemnat,
1227 1941 1326 2011 trahit

202 2105 204 2107 ,
279 2045 378 2114 etiam
411 2044 453 2113 ad
481 2043 680 2113 consortium
712 2045 856 2114 criminis
890 2045 1049 2140 plurimos
1083 2060 1198 2116 catena
1225 2050 1347 2118 sacri-¹

201 2225 203 2230 ,
278 2152 358 2244 legii
371 2155 396 2218 ¹.
414 2177 431 2214 u

324 2261 359 2326 4⁰
382 2258 456 2350 Ipsal
481 2269 592 2326 autem
613 2257 718 2351 adjuti
740 2259 881 2328 Ratione
910 2257 1109 2330 adversarios
1132 2285 1202 2331 non
1227 2264 1324 2334 semel

278 2364 461 2435 debellasse
486 2379 614 2434 sanctos
652 2370 762 2435 Patres
790 2367 989 2436 sufficienter
1019 2367 1211 2456 resciverit,
1254 2372 1325 2464 qui·

277 2496 421 2564 cumque
439 2474 504 2542 hoc
518 2473 606 2542 beati
622 2473 803 2564 Augustini
815 2473 1035 2564 fragmentum
1048 2474 1255 2547 considerare
1266 2503 1324 2550 vo·

278 2579 397 2648 luerit:

236 2737 238 2742 .
326 2713 343 2752 e
361 2683 426 2755 Sed
440 2708 508 2755 non
528 2697 652 2778 potest,
675 2687 848 2780 inquiunt,
869 2713 937 2760 esse
959 2704 1128 2762 terrenum
1149 2717 1270 2787 corpus
1291 2695 1324 2766 in

278 2795 376 2867 coelo.
397 2795 485 2878 Quid
497 2795 523 2864 si
539 2796 602 2866 hoe
615 2794 694 2866 velit
710 2801 814 2867 Deus?
834 2800 1010 2892 Responde
1021 2805 1136 2872 contra
1154 2808 1274 2890 Deum,
1292 2819 1324 2875 et

277 2904 350 2989 dic,
370 2927 438 2972 non
453 2915 562 2995 potest
578 2907 674 2970 Deus.
694 2904 810 2973 Nonne
827 2920 860 2974 et
876 2920 914 2976 tu
934 2909 1135 3003 quicumque
1154 2934 1320 3002 paganus,

276 3011 355 3080 dieis
372 3009 633 3100 omnipotentem
646 3014 771 3078 Deum?
786 3035 897 3082 nonne
913 3015 948 3083 in
958 3013 1043 3084 libro
1061 3017 1218 3103 PlatoniS,
1233 3019 1322 3112 quod

276 3121 430 3187 hesterno
446 3115 499 3184 die
514 3115 665 3185 demonst
652 3118 746 3202 trevi,
765 3118 845 3211 legit
848 3145 886 3188 ur
832 3122 1017 3192 tdixisse
1034 3127 1119 3192 Deus
1133 3148 1201 3194 non
1218 3125 1321 3197 factus

274 3224 369 3292 diis
360 3247 378 3290 a
402 3245 436 3290 se
458 3221 568 3308 factis,
592 3225 750 3316 quoniam
770 3228 844 3296 estis
865 3230 945 3317 orti,
966 3229 1166 3302 immortales
1187 3234 1321 3328 quidem

205 3356 209 3360 ·
276 3356 344 3404 esse
364 3345 398 3401 et
418 3331 658 3402 indissolubiles
678 3359 746 3404 non
769 3338 920 3429 potestis·
946 3363 1014 3408 non
1034 3354 1148 3411 tamen
1164 3340 1321 3413 dissolve-

275 3440 373 3524 mini,
399 3463 507 3534 neque
532 3439 600 3509 ulla
619 3465 676 3512 vos
700 3445 813 3514 mortis
842 3443 908 3516 lata
931 3447 1114 3539 periment,
1137 3471 1200 3518 nec
1224 3465 1320 3520 erunt

273 3545 453 3616 valentiora
469 3549 569 3641 quam
584 3548 757 3618 eonsilium
769 3575 899 3640 meum,
915 3553 1007 3646 quod
1021 3555 1083 3648 maj
1090 3579 1126 3624 us
1140 3570 1190 3625 est
1205 3557 1320 3627 vineu-

273 3654 345 3723 lum
367 3655 409 3724 ad
429 3657 681 3748 perpetuitatem
705 3673 865 3747 vestram,
893 3665 991 3754 quam
1015 3662 1071 3733 illa
1095 3667 1218 3758 quibus
1244 3667 1323 3740 estis¹

273 3763 573 3855 colligatill'otum
592 3763 634 3833 ad
657 3764 862 3836 voluntatem
882 3791 974 3836 suam
991 3771 1117 3863 redegit
1132 3777 1243 3861 Deus,
1260 3773 1319 3868 qui

309 3919 316 3946 ¹
329 3911 353 3960 S.
368 3911 466 3976 August.
481 3911 566 3963 contrd
579 3915 690 3964 Crescon.
704 3916 791 3967 Donet.
807 3913 849 3966 lib.
864 3930 901 3979 rr,
914 3929 971 3982 cap.
984 3932 1008 3984 x,
1024 3933 1049 3970 n.
1068 3932 1106 3973 12.
