2992 4590
216 438 317 488 cruor
341 447 385 490 vr.
402 447 444 489 nn
467 445 621 490 unruooo
643 448 678 492 ut
701 445 909 493 coucroumus
932 445 1098 496 Acunum.
1126 435 1189 496 129

150 558 335 614 nasceretur
348 545 454 616 dixisti
479 575 486 616 :
510 545 561 616 In
569 535 787 616 Bethlehem
800 544 940 618 Judaeae
953 551 978 618 ¹.
990 551 1078 621 Nirm
1088 549 1190 642 igitur

90 637 97 644 ’
150 671 209 738 ego
217 673 337 742 pagum
354 676 509 722 noveram
522 666 580 722 aut
592 652 725 722 locum?
740 650 821 720 nirm
834 675 894 742 ego
903 652 1097 745 dignitatem
1106 658 1188 750 ejus,
1254 701 1258 709 «

148 755 204 847 qui
216 771 312 826 natus
322 773 402 845 crat,
419 771 624 852 perspectam
639 757 828 826 habebam?
842 761 959 828 Nonne
971 765 1082 832 Esaias
1090 763 1190 855 ipsius

147 864 303 954 tanquam
318 865 377 933 Dei
394 866 596 938 mentionem
616 861 714 932 fecit?
729 860 862 932 Pariet
876 863 988 951 anthr,
1010 866 1130 959 inquit,
1137 869 1190 962 fi·

146 963 244 1056 lium,
256 983 291 1038 et
302 957 626 1042 vocabuntnomen
645 967 722 1067 ejus
734 967 989 1040 Emmanaata
1004 975 1122 1042 Nonne
1132 997 1190 1043 vos

144 1073 286 1168 improbi
299 1077 424 1148 inimici
432 1080 605 1148 veritatem
613 1075 854 1146 introduxistis?
862 1099 974 1146 nonne
983 1100 1054 1164 vos,
1068 1078 1191 1148 Scribae

143 1195 176 1250 et
200 1183 367 1267 Pharisaei,
386 1183 558 1274 diligentes
573 1181 652 1274 legis
667 1182 908 1252 observationes
923 1205 1039 1272 omnes
1055 1207 1105 1253 res
1121 1187 1192 1278 ejus

143 1287 323 1358 docuistis?
337 1287 519 1382 ‘Numquid
545 1289 732 1362 hebraicam
755 1287 905 1378 linguam
925 1312 986 1360 nos
1009 1289 1192 1362 callemus?

140 1397 263 1465 Nonne
278 1420 337 1466 vos
358 1398 538 1488 Scripturas
553 1395 758 1488 interpretati
772 1395 871 1464 estis?
894 1399 1073 1488 Postquam
1089 1399 1191 1490 Virgo
1270 1471 1277 1484 ,

140 1501 293 1592 peperit,
310 1515 342 1570 et
364 1503 544 1592 antequbm.
554 1514 697 1592 pareret,
725 1523 767 1568 ne
789 1498 957 1570 videretur
971 1500 1063 1571 locus
1080 1501 1135 1584 ille
1155 1504 1190 1575 in

141 1607 281 1694 gratiam
298 1605 427 1674 Domini
442 1605 572 1698 exponi,
589 1629 702 1674 nonne
717 1629 775 1676 vos
791 1607 984 1699 interrogati
999 1608 1042 1676 ab
1059 1609 1191 1680 Herode

139 1725 259 1780 testem
288 1711 460 1781 Michaeam
485 1713 681 1806 prophetam
706 1711 907 1804 protulistis,
936 1727 975 1782 ut
1005 1737 1189 1786 sermonem

139 1829 286 1884 vestrum
307 1819 536 1886 confirmaret?
550 1815 605 1887 Er
622 1831 660 1886 tu
677 1818 797 1903 enim,
814 1817 945 1910 inquit,
959 1817 1187 1908 Bethlehem,

142 1921 271 1994 domus
286 1923 326 1994 E
323 1922 462 2017 plorata
464 1979 476 2012 ,
488 1924 722 2016 nequaquem
737 1923 890 1994 minima
910 1949 948 1994 es
961 1927 998 1995 in
1010 1928 1202 2020 principi<

144 2028 216 2100 bus·
226 2028 353 2100 Juda:
372 2055 420 2100 ex
434 2045 468 2100 te
485 2033 581 2102 enim
595 2033 694 2100 exiet
704 2029 795 2100 Dux
810 2033 877 2121 qui
893 2045 994 2127 reget
1012 2031 1189 2126 populum

142 2160 262 2206 meum
277 2135 431 2206 Israd'lss.
449 2139 551 2208 Recte
571 2137 654 2206 dixit
673 2138 858 2229 Propheta:
872 2135 939 2208 Ex
955 2150 1000 2205 te.
1026 2143 1076 2208 Ex
1095 2141 1190 2213 vobis

142 2243 239 2329 exiit,
258 2258 291 2313 et
307 2245 341 2311 in
357 2243 472 2313 orbem
487 2258 648 2314 terrarum
667 2243 769 2312 venitr
788 2243 854 2326 Qui
866 2243 954 2312 enim
972 2259 1036 2329 est,
1054 2269 1189 2338 progre-

142 2349 254 2438 ditur,
270 2350 330 2443 qui
341 2353 420 2419 verb
436 2363 580 2434 nonest,
598 2363 739 2434 creatur,
757 2364 815 2418 aut
830 2349 869 2416 fit
888 2377 895 2418 :
916 2363 951 2418 at
966 2350 1036 2443 ipse
1051 2365 1086 2422 et
1100 2367 1185 2440 crat,

143 2469 174 2524 et
190 2457 268 2524 autb
284 2470 374 2541 erat,
393 2470 426 2526 ot
439 2481 571 2550 semper·
581 2470 651 2526 erat
669 2485 677 2528 ε
695 2453 753 2526 sed
768 2469 839 2524 erat
852 2455 987 2550 quidem
1002 2482 1130 2552 semper
1149 2475 1201 2530 ut.

143 2567 240 2648 Deus,
253 2564 416 2634 mundum
431 2566 617 2657 gubernans
631 2597 641 2656 3
658 2565 756 2635 hodie
773 2566 850 2636 verb
861 2565 982 2658 prodiit
998 2595 1005 2636 :
1024 2581 1062 2637 ut
1072 2569 1185 2659 homo,

142 2670 304 2763 populum
320 2673 419 2762 regit,
437 2685 475 2740 ut
492 2677 578 2740 Deus
593 2687 726 2757 autern,
745 2673 860 2741 orbem
875 2687 1037 2744 terrarum
1058 2675 1186 2746 salvum
1231 2763 1232 2766 Ἴ

143 2774 230 2847 lacit.
250 2780 279 2846 O
301 2778 460 2870 benignos
476 2777 603 2846 hostes!
626 2779 654 2848 Ο
671 2769 835 2846 modestos
855 2800 892 2845 ac
908 2779 1003 2848 mites
1018 2797 1187 2853 accusato·

143 2905 204 2968 res,
223 2883 283 2976 qui
297 2897 413 2958 natum
428 2884 463 2952 in
477 2882 670 2952 Bethlehem
683 2887 789 2952 Deum
809 2904 878 2950 esse
896 2881 1120 2975 imprudentes
1132 2887 1187 2957 in-

143 2989 322 3080 dicarunt,
358 2991 416 3084 qui
437 2991 595 3072 latentem
621 2991 656 3059 in
680 2989 839 3083 praesepio
864 2991 1043 3060 Dominum
1068 3007 1186 3064 notum

143 3096 314 3188 lecerunt,
335 3099 393 3191 qui
402 3099 567 3192 jacentem
582 3099 617 3168 in
636 3099 793 3192 spetunca
813 3098 906 3167 inviti
922 3097 1129 3187 indicdrunt‚
1153 3117 1188 3172 et
1299 3153 1302 3160 ,

143 3205 305 3276 beneficio
321 3205 469 3294 nolentes
481 3208 540 3276 sud
555 3220 671 3299 sponte
686 3229 746 3275 uos
768 3205 964 3294 affecerunt,
980 3207 1183 3299 revelarunt,

143 3313 218 3382 crim
247 3313 413 3383 occultare
440 3326 649 3383 conarentur.
676 3313 775 3380 Vides
802 3311 968 3404 imperitos
996 3318 1186 3408 magistros?

144 3425 224 3504 Quae
236 3422 360 3492 docent
373 3420 434 3513 ipsi
445 3421 595 3492 nesciunt
611 3445 621 3488 :
636 3419 722 3488 same
732 3417 875 3490 consecti
888 3421 1051 3508 nutriunt,
1069 3425 1184 3494 sitien-

143 3540 188 3596 ter
203 3542 321 3621 potum
338 3527 508 3620 praebent,
527 3517 670 3618 egest‘ate
684 3527 783 3618 pressi
798 3524 916 3596 ditant.
934 3528 1053 3597 Venite
1065 3530 1182 3622 igitur,

144 3631 261 3705 festum
279 3657 436 3726 agamus,
460 3633 589 3716 venite,
607 3631 1075 3709 solemnitatemcelebremus.
1104 3639 1185 3706 Inu-

145 3738 257 3810 sitatus
272 3741 362 3810 enim
376 3754 425 3810 est
444 3739 629 3809 festivitatis
644 3737 773 3825 modus,
795 3736 1064 3832 quandoquidem
1080 3754 1113 3810 et
1132 3742 1185 3813 in-

145 3832 306 3936 credibilis
335 3861 384 3926 cst
414 3867 520 3915 sermo
554 3844 743 3916 nativitatis.
774 3843 880 3914 Hodie
910 3835 1054 3938 namque
1089 3863 1184 3922 vetus

180 3956 465 4037 ruarm.11‚3.÷=tsai.
481 3989 526 4038 vu,
542 3973 581 4038 td.
595 3973 681 4024 matth.
694 3990 712 4036 r,
728 3971 771 4037 23,
786 3975 879 4022 etbuc.
894 3987 911 4036 1,
922 3971 997 4023 31.-
1013 3983 1023 4010 ²
1036 3975 1107 4028 Miolr.
1120 3991 1180 4042 ψ.

301 4071 336 4116 11.
477 4111 480 4117 .
975 4075 981 4082 ’
1040 4059 1059 4120 9
