2932 4574
246 357 309 418 282
400 370 579 416 annuemus
602 369 628 432 s„
656 369 804 431 rtrauu,
830 367 907 419 rans
930 373 977 432 11,
1001 369 1085 418 scor.
1111 375 1135 416 1.
1169 428 1171 444 .

244 469 314 540 ficis
335 469 376 541 ad
397 469 591 563 plumbum,
610 467 688 538 facit
707 461 785 538 in‘db
805 467 940 564 aliquod
958 493 1015 541 vas
1038 493 1238 564 concavum,
1257 486 1289 542 et

186 601 188 607 ·
244 591 335 646 natat
357 577 533 672 plumbum
557 599 654 670 super
671 599 802 670 aquam.
829 577 978 668 Ergb-ne
1002 600 1071 652 non
1095 575 1187 648 dabit
1202 582 1289 650 Deus

245 687 374 778 corpori
399 709 489 772 meo,
517 700 599 779 quot
624 683 681 774 dat
705 683 821 754 artifex
843 683 1001 778 plumbo?
1017 683 1144 754 Deinde
1169 709 1289 778 aquam

244 793 348 886 ipsam
364 793 423 862 ubi
439 793 557 884 ponitis
567 797 581 864 t
593 791 695 862 redite
708 791 750 861 ad
763 791 912 862 ordinem
928 792 1178 862 elementorum.
1193 795 1289 863 Certe

245 901 504 994 respondebitis,
531 902 624 994 qubd
643 926 728 994 aqna
753 901 795 970 sit
816 924 914 994 super
929 915 1061 970 terram.
1083 904 1191 984 Quare
1213 905 1290 994 ergd

203 1059 209 1064 -
245 1007 421 1099 antequem
438 1022 571 1076 currant
592 1008 736 1092 interni,
754 1005 901 1099 pendent
916 1008 951 1075 in
968 1008 1113 1078 nubibus
1129 1007 1291 1076 flumina?

287 1136 307 1177 ¹»
327 1118 456 1182 Revoca
472 1111 549 1182 inde
569 1111 863 1184 considerationem
882 1127 973 1184 tuam
1001 1127 1034 1182 et
1059 1113 1290 1204 cogitationem

245 1219 288 1290 ad
304 1245 340 1289 ea
358 1246 432 1314 quae
452 1220 599 1292 dicturus
621 1245 713 1308 sum,
735 1222 761 1290 si
783 1221 923 1290 Domino
942 1207 1117 1314 adjuvante
1138 1235 1288 1314 potuero.

246 1326 335 1410 Quid
360 1325 489 1396 sacilids
514 1343 681 1414 movetur,
704 1325 787 1421 quid
809 1325 952 1398 velocids
977 1328 1139 1419 agitatur,
1162 1327 1291 1420 gravius

246 1458 381 1528 corpus,
406 1459 448 1502 an
460 1435 587 1504 levius?
603 1435 683 1517 Quis
704 1459 773 1504 non
796 1434 1005 1526 respondeat,
1027 1433 1154 1504 levius?
1170 1430 1292 1504 leviora

246 1543 334 1610 enim
349 1565 486 1636 corpora
511 1539 638 1611 facilids
662 1555 858 1627 moventur,
877 1537 1022 1612 velociirs
1037 1556 1201 1632 aguntur:
1218 1564 1292 1632 gra-

193 1685 202 1698 ¹
246 1649 336 1718 viora
352 1645 517 1718 difficilibs
534 1647 778 1742 atqu—etardibs.
798 1647 894 1717 Certe
912 1646 1058 1738 regulam
1074 1647 1189 1733 fixisti,
1205 1649 1292 1716 certe
1311 1643 1316 1664 ‘

247 1755 474 1843 considerasti,
493 1773 527 1826 et
547 1758 787 1852 circumspectis
809 1757 961 1826 omnibus
977 1753 1192 1848 respondisti,
1217 1751 1292 1850 quia

247 1863 374 1934 facilius
392 1879 579 1944 moventur¹
592 1879 625 1934 et
644 1858 788 1934 velociirs
818 1877 962 1956 aguntur
983 1885 1122 1956 corpora
1148 1859 1290 1948 leviora,

247 1973 347 2064 quim
360 1973 517 2062 graviora.
537 1973 663 2057 latest,
680 1969 771 2040 dicis.
792 1969 968 2064 Responde
986 1971 1064 2062 ergb
1080 1969 1172 2038 mihi.
1186 1973 1292 2051 Quare

246 2079 408 2147 levissima
422 2103 538 2148 aranea
552 2077 644 2148 tarde
658 2103 692 2147 se
708 2094 830 2165 movet,
849 2095 882 2148 et
898 2077 1002 2169 gravis
1018 2102 1123 2172 equus
1138 2075 1293 2149 velociter

247 2187 368 2255 currit‘l
383 2187 519 2280 De‘ipsis
535 2187 724 2257 hominibus
737 2185 875 2282 loquar:
894 2190 999 2281 majus
1017 2209 1137 2280 corpus
1151 2185 1294 2264 hominis

247 2287 460 2385 graviusestg
481 2293 613 2364 brevius
627 2319 746 2388 corpus
766 2293 858 2388 quod
877 2293 986 2364 minsis
1001 2290 1103 2364 habet
1124 2289 1292 2388 ponderiS,

247 2400 350 2470 levius
366 2415 425 2470 est.
445 2403 494 2470 lta
515 2403 591 2470 verb
611 2392 675 2487 est,
694 2399 751 2470 sed
763 2401 789 2469 si
811 2398 892 2470 alius
908 2407 1028 2494 pbrtet.
1050 2403 1083 2471 Si
1099 2415 1210 2470 autem
1226 2395 1295 2494 ipse

246 2509 347 2576 homo
371 2531 489 2598 corpus
512 2529 609 2575 suum
633 2521 757 2598 portet,
780 2505 911 2576 validus
941 2510 1062 2594 currit,
1086 2531 1198 2578 macer
1220 2505 1294 2576 lan-

240 2601 349 2704 guore
369 2615 422 2682 vix
438 2611 595 2682 ambulat.
611 2607 771 2706 Appende
787 2636 935 2684 macrum
946 2629 979 2685 et
998 2615 1171 2684 robustum
1182 2613 1293 2684 homi-

179 2751 183 2766 i
246 2743 344 2810 nem3
368 2717 462 2788 illum
482 2718 642 2812 languore
665 2709 719 2788 vix
738 2743 858 2812 paucas
880 2719 1007 2790 libellas
1027 2719 1292 2816 appendentem,

245 2823 340 2896 illum
358 2826 549 2898 salubritate
565 2827 708 2920 corporis
729 2825 835 2898 multa
851 2828 962 2921 pondo
982 2830 1131 2898 incarne
1155 2829 1215 2898 sud
1238 2851 1294 2920 ge·

246 2949 371 3004 rentem
391 2965 399 3004 2
416 2948 507 3004 tenta
520 2935 694 3003 tuambos
711 2933 843 3024 tollere,
862 2937 966 3028 gravis
980 2950 1029 3005 est
1047 2935 1195 3022 validus,
1214 2935 1293 3005 levis

247 3055 295 3110 est
309 3041 518 3111 macilentus.
544 3041 690 3111 Recedat
713 3057 879 3134 portator,
901 3060 1055 3138 appareat
1079 3045 1291 3134 ambulator3

246 3150 333 3240 ipsos
350 3147 479 3216 dimitte
493 3149 571 3233 sibi,
595 3162 694 3240 agant
710 3173 847 3241 corpora
863 3174 942 3220 sua:
960 3151 1056 3220 video
1070 3174 1220 3220 macrum
1237 3150 1292 3220 vix

142 3267 144 3272 ⁴
248 3277 377 3347 passum
396 3268 599 3339 moventem,
617 3253 714 3324 video
734 3254 879 3324 validum
894 3257 1135 3349 robustumque
1153 3278 1292 3324 curren-

247 3377 325 3432 tem.
346 3363 379 3432 Si
390 3363 454 3430 boc
465 3359 552 3431 valet
568 3362 697 3448 sanitas,
710 3363 936 3432 immortalitas
952 3363 1035 3457 quid
1046 3361 1199 3434 valebit‘l.

292 3471 425 3540 »Dabit
450 3472 528 3562 ergb
553 3476 639 3538 Deus
664 3473 780 3539 miram
799 3471 1011 3558 facilitatem,
1036 3473 1152 3540 miram
1174 3468 1292 3539 levita·

245 3592 324 3646 tem.
352 3581 426 3649 Non
450 3579 519 3646 sine
544 3579 640 3646 causd
669 3577 726 3646 illa
751 3563 889 3671 corpora
914 3577 1071 3671 spiritalia
1098 3590 1292 3670 nuncupata

214 3719 218 3732 ·
244 3697 332 3752 sunt.
349 3687 426 3754 bon
443 3679 519 3752 ideb
535 3683 622 3752 dicta
640 3695 716 3752 sunt
731 3682 905 3776 spiritalia,
923 3685 1002 3777 quia
1019 3697 1118 3753 erunt
1134 3683 1288 3777 spiritus,

244 3812 313 3859 non
336 3777 486 3884 corpora.
512 3793 594 3862 Nim
620 3792 680 3860 ista
704 3816 780 3886 quae
805 3791 905 3860 modo
929 3791 1106 3878 habemus,
1133 3791 1290 3860 dicuntur

213 3984 217 3992 .
243 3893 394 3965 animalia
417 3918 554 3987 corpora
579 3925 587 3965 ε
611 3909 772 3968 ettamen
797 3897 916 3966 animae
933 3921 1002 3968 non
1021 3911 1119 3984 sunt,
1138 3895 1197 3968 sed
1217 3920 1291 3967 cor·
