2930 4582
199 403 300 450 carun
323 407 369 450 vr.
394 405 436 450 nn
458 403 614 450 urrunnu
638 407 671 448 m
691 405 898 448 concinamus
914 401 1079 450 annrmm.
1107 387 1168 452 30⁵

88 557 91 562 ,
134 506 236 576 minas
257 504 483 576 miserabiliter
506 503 784 574 exclamantium?
803 502 972 597 quomodb
996 505 1069 598 quis
1093 529 1171 576 curn
1240 511 1244 516 '

134 636 209 684 ense
228 613 320 682 nudo
342 613 527 684 carnificem
538 613 634 704 juxt'a
656 610 817 680 infantem
833 624 995 698 stantem,
1014 614 1115 684 torvis
1134 637 1172 684 ac

134 719 221 792 caede
232 720 428 790 micantibus
448 719 553 790 oculis
567 720 770 803 intuentem,
792 719 967 812 verbisque
982 719 1171 792 crudelibus

132 828 371 920 alloquentem3
385 841 525 896 matrem
536 828 635 918 porrd
646 849 685 893 ex
696 825 797 894 alterat
809 839 902 917 parte
917 825 1067 918 puellum
1084 829 1126 898 ad
1138 851 1172 897 se

132 936 316 1006 trahentem
328 989 336 1019 ‚
350 957 491 1026 suasque
502 933 650 1025 proprias
666 931 807 1002 cervices
824 933 909 1002 ensis
924 934 1076 1004 mucroni
1091 935 1172 1005 sub-

130 1043 318 1112 mittentem
330 1095 340 1126 ,
351 1064 393 1108 ne
405 1041 471 1108 suis
483 1039 586 1110 oculis
598 1037 706 1110 videat
721 1039 876 1108 miserum
892 1039 997 1110 lilium
1014 1042 1175 1112 carnificis

130 1149 284 1218 manibus
293 1144 551 1239 trucidarilqud
561 1145 686 1217 ratione
695 1145 917 1238 qnisaffectus
928 1149 1061 1240 patriam
1072 1172 1175 1242 expo·-

129 1257 254 1341 suerit,
272 1253 536 1346 implorationes,
552 1251 801 1338 exclamationes
816 1307 825 1340 ‚
841 1255 997 1346 gemitus,
1016 1271 1177 1328 extremos

129 1362 279 1432 filiorum
295 1359 460 1452 amplexus
469 1354 486 1430 'z
512 1359 589 1429 elma
604 1358 709 1428 multa
732 1360 835 1428 etiam.
854 1359 932 1430 talia
952 1362 1068 1432 eodem
1090 1377 1177 1434 tern-

129 1491 214 1560 pore
229 1466 327 1536 simul
344 1467 552 1536 acciderent?
567 1465 641 1558 quis
658 1463 856 1558 multiplices
869 1490 906 1536 ac
921 1469 1026 1540 varias
1041 1469 1177 1540 calami-

131 1588 230 1658 tates,
249 1571 394 1642 faciesne
407 1571 522 1642 modos
539 1571 776 1664 deploraverit,
787 1587 824 1642 ut
840 1573 939 1644 miser
954 1575 1063 1645 infans
1078 1578 1176 1648 simul

127 1693 163 1750 et
183 1703 338 1748 mammae
363 1679 620 1764 adhaeresceret,
651 1693 684 1748 et
708 1703 767 1771 per
790 1681 912 1750 viscera
935 1681 1035 1752 letale
1054 1679 1179 1755 vulnus

127 1787 319 1879 acciperet?
330 1801 369 1856 ut
384 1781 499 1856 misera
513 1798 620 1856 mater
630 1798 663 1853 et
674 1784 830 1878 papillam
845 1787 894 1856 oii
910 1787 1045 1859 infantis
1061 1792 1177 1862 admo·

126 1908 245 1979 veret,
271 1909 304 1962 et
319 1895 513 1984 sanguinem
529 1891 589 1964 [ilii
604 1893 678 1962 sinu
702 1893 891 1986 exciperet?
908 1897 1002 1987 Saepe
1027 1899 1103 1968 ante
1118 1899 1179 1970 ali-

125 2001 208 2072 cubi
233 2000 391 2087 carnifex,
408 2014 526 2072 ruente
541 2023 659 2085 manu,
682 2024 751 2070 uno
768 2001 896 2092 impetu
924 2001 1044 2093 gladii,
1071 2005 1177 2076 filium

125 2110 195 2178 una
218 2131 297 2178 cum
318 2121 424 2176 matre
434 2106 611 2191 transfixit,
630 2119 730 2198 atque
745 2129 851 2176 unum
866 2109 1033 2197 sanguinis
1048 2111 1177 2183 flumen

125 2215 259 2300 extitit,
297 2212 389 2305 quod
420 2215 485 2280 tam
513 2234 553 2280 ex
579 2211 869 2303 materndplagb,
900 2216 1002 2306 quarn
1025 2237 1064 2284 ex
1088 2217 1178 2288 letali

98 2375 101 2379 -
124 2323 269 2394 vulnere
291 2319 350 2390 filii
370 2320 649 2396 commisceretur.
677 2319 841 2401 Quoniam
858 2334 968 2390 autern
990 2322 1090 2392 etiam
1112 2325 1177 2395 hoc

123 2432 265 2502 scelesta
282 2453 345 2498 vox
361 2426 498 2498 Herodis
511 2426 641 2520 adjecit,
653 2425 770 2495 utnon
781 2424 887 2496 sellam
905 2426 1058 2500 adversus
1073 2432 1175 2504 modb

122 2541 256 2630 genitos
265 2537 408 2608 infantes
417 2535 547 2604 funesta
556 2533 769 2626 capitalisque
783 2533 943 2604 sententia
958 2533 1173 2626 proferretur,

121 2647 244 2717 veriam
268 2643 368 2710 etiam
384 2641 410 2708 si
428 2641 502 2731 quis
521 2639 564 2730 ad
576 2639 716 2726 alterum
732 2661 855 2706 annum
871 2663 1059 2729 progressus
1074 2660 1173 2732 esset,

121 2754 206 2822 ntis
224 2748 364 2843 qnoque
383 2747 425 2814 de
449 2743 558 2814 medio
581 2742 752 2816 tolleretur
767 2743 944 2833 (scriptum
960 2760 1009 2814 est
1025 2749 1131 2835 euim,
1148 2749 1175 2820 ci

122 2857 271 2928 bimatu
276 2909 289 2942 ,
311 2867 345 2923 ct
356 2851 456 2949 r'nfrci
467 2905 476 2937 ,
488 2855 500 2940 )
512 2851 623 2920 videre
640 2863 709 2920 erat
724 2862 843 2917 matres
858 2871 926 2920 non
942 2873 1077 2942 paucas,
1095 2879 1172 2948 quae

119 2991 159 3038 eo
176 2961 341 3054 temporis
358 2958 462 3050 spatio
475 2957 558 3026 duos
574 2956 658 3025 filios
670 2955 773 3024 enixae
793 2954 934 3026 lucrant.
949 2958 1056 3040 Quale
1071 2960 1172 3051 igitur

119 3067 238 3142 rursus
254 3070 292 3138 in
310 3061 671 3164 talibusnspectaculum
688 3077 768 3147 erat,
787 3063 1018 3136 duobuscircb
1031 3084 1169 3140 matrem

117 3203 224 3250 unam
233 3171 450 3248 carnificibus
460 3170 854 3262 occupatis,unoquidem
862 3185 1169 3262 praetercurrentem

118 3289 162 3358 ad
175 3310 211 3356 se
222 3283 402 3365 trahente,
418 3275 520 3360 altero
535 3278 614 3345 verb
626 3298 714 3358 enm,
725 3276 782 3366 qui
797 3297 948 3344 mammae
965 3281 1063 3349 etiam
1079 3306 1170 3354 nunc

118 3384 480 3470 admoveretur,i1sinu
488 3379 864 3462 revellentelouomodb
873 3382 1023 3465 miseram
1031 3402 1170 3460 matrem

117 3503 181 3574 haic
210 3499 257 3570 de
281 3495 378 3566 causal
405 3492 523 3561 allecta
549 3486 648 3561 fnisse
664 3485 820 3557 credibile
835 3501 905 3572 est,
924 3489 998 3559 edm
1016 3493 1170 3568 adversus

117 3610 206 3678 duos
223 3605 314 3674 filios
336 3613 452 3670 natura
476 3596 568 3690 quasi
587 3593 809 3677 scinderetur,
832 3608 974 3688 utroque
999 3600 1170 3692 aequaliter

116 3713 287 3786 maternis
310 3707 488 3777 visceribus
511 3706 622 3795 ignem
653 3701 874 3792 accendente,
907 3704 984 3774 clim
1011 3709 1166 3802 ambiret,

118 3824 240 3894 utrum
265 3842 306 3886 ex
329 3812 487 3905 improbis
501 3809 708 3881 carnificibus
724 3823 934 3902 sequeretur,
952 3835 1020 3883 uno
1036 3817 1169 3908 quidem
1234 3893 1238 3904 ,

296 3959 332 4004 rr.
794 3999 802 4005 ,
1010 3941 1051 4004 20
