<?xml version="1.0" encoding="UTF-8"?>
<!DOCTYPE html PUBLIC "-//W3C//DTD XHTML 1.0 Transitional//EN"
    "http://www.w3.org/TR/xhtml1/DTD/xhtml1-transitional.dtd">
<html xmlns="http://www.w3.org/1999/xhtml" xml:lang="en" lang="en">
 <head>
  <title>
</title>
<meta http-equiv="Content-Type" content="text/html;charset=utf-8" />
  <meta name='ocr-system' content='tesseract 3.04.00' />
  <meta name='ocr-capabilities' content='ocr_page ocr_carea ocr_par ocr_line ocrx_word'/>
</head>
<body>
  <div class='ocr_page' id='page_1' title='image "./rhetoricasancto00cailgoog_0284.png"; bbox 0 0 2932 4574; ppageno 0'>
   <div class='ocr_carea' id='block_1_1' title="bbox 211 397 1190 460">
    <p class='ocr_par' dir='ltr' id='par_1_1' title="bbox 211 397 1190 460">
     <span class='ocr_line' id='line_1_1' title="bbox 211 397 1190 460; baseline 0.002 -4"><span class='ocrx_word' id='word_1_1' title='bbox 211 409 314 456; x_wconf 68' lang='lat' dir='ltr'><strong>carum</strong></span> <span class='ocrx_word' id='word_1_2' title='bbox 338 415 385 458; x_wconf 82' lang='lat' dir='ltr'><strong>vr.</strong></span> <span class='ocrx_word' id='word_1_3' title='bbox 403 415 445 457; x_wconf 78' lang='lat' dir='ltr'><strong>mr</strong></span> <span class='ocrx_word' id='word_1_4' title='bbox 463 413 620 457; x_wconf 76' lang='lat' dir='ltr'><strong>ununono</strong></span> <span class='ocrx_word' id='word_1_5' title='bbox 644 415 679 458; x_wconf 82' lang='lat' dir='ltr'><strong>m</strong></span> <span class='ocrx_word' id='word_1_6' title='bbox 703 409 910 458; x_wconf 78' lang='lat' dir='ltr'><strong>conoronruut</strong></span> <span class='ocrx_word' id='word_1_7' title='bbox 932 408 1098 458; x_wconf 75' lang='lat' dir='ltr'><strong>tuarum.</strong></span> <span class='ocrx_word' id='word_1_8' title='bbox 1126 397 1190 460; x_wconf 77' lang='lat'><strong>283</strong></span> 
     </span>
    </p>
   </div>
   <div class='ocr_carea' id='block_1_2' title="bbox 137 508 1280 2956">
    <p class='ocr_par' dir='ltr' id='par_1_2' title="bbox 143 508 1191 1034">
     <span class='ocr_line' id='line_1_2' title="bbox 144 508 1190 606; baseline -0.002 -24"><span class='ocrx_word' id='word_1_9' title='bbox 144 536 235 606; x_wconf 89' lang='lat' dir='ltr'><strong>pora.</strong></span> <span class='ocrx_word' id='word_1_10' title='bbox 263 511 437 593; x_wconf 80' lang='lat' dir='ltr'><strong>Quomodo</strong></span> <span class='ocrx_word' id='word_1_11' title='bbox 457 534 548 580; x_wconf 90' lang='lat' dir='ltr'><strong>nunc</strong></span> <span class='ocrx_word' id='word_1_12' title='bbox 572 510 632 579; x_wconf 89' lang='lat' dir='ltr'><strong>ista</strong></span> <span class='ocrx_word' id='word_1_13' title='bbox 653 509 807 578; x_wconf 87' lang='lat' dir='ltr'><strong>animalia</strong></span> <span class='ocrx_word' id='word_1_14' title='bbox 827 508 1000 596; x_wconf 87' lang='lat' dir='ltr'><strong>dicuntur,</strong></span> <span class='ocrx_word' id='word_1_15' title='bbox 1025 525 1058 580; x_wconf 84' lang='lat' dir='ltr'><strong>et</strong></span> <span class='ocrx_word' id='word_1_16' title='bbox 1073 511 1190 580; x_wconf 84' lang='lat' dir='ltr'><strong>animae</strong></span> 
     </span>
     <span class='ocr_line' id='line_1_3' title="bbox 144 612 1190 710; baseline -0.004 -20"><span class='ocrx_word' id='word_1_17' title='bbox 144 643 211 690; x_wconf 94' lang='lat' dir='ltr'><strong>non</strong></span> <span class='ocrx_word' id='word_1_18' title='bbox 223 633 302 687; x_wconf 91' lang='lat' dir='ltr'><strong>sunt</strong></span> <span class='ocrx_word' id='word_1_19' title='bbox 318 648 324 688; x_wconf 93' lang='lat'><strong>:</strong></span> <span class='ocrx_word' id='word_1_20' title='bbox 339 615 383 686; x_wconf 92' lang='lat' dir='ltr'><strong>sic</strong></span> <span class='ocrx_word' id='word_1_21' title='bbox 402 615 458 686; x_wconf 87' lang='lat' dir='ltr'><strong>illa</strong></span> <span class='ocrx_word' id='word_1_22' title='bbox 477 615 633 709; x_wconf 84' lang='lat' dir='ltr'><strong>spiritalia</strong></span> <span class='ocrx_word' id='word_1_23' title='bbox 649 612 827 702; x_wconf 89' lang='lat' dir='ltr'><strong>dicuntur,</strong></span> <span class='ocrx_word' id='word_1_24' title='bbox 845 616 986 686; x_wconf 88' lang='lat' dir='ltr'><strong>sednon</strong></span> <span class='ocrx_word' id='word_1_25' title='bbox 1002 631 1079 688; x_wconf 86' lang='lat' dir='ltr'><strong>sunt</strong></span> <span class='ocrx_word' id='word_1_26' title='bbox 1093 619 1190 710; x_wconf 90' lang='lat' dir='ltr'><strong>spiri·</strong></span> 
     </span>
     <span class='ocr_line' id='line_1_4' title="bbox 144 724 1188 820; baseline -0.001 -24"><span class='ocrx_word' id='word_1_27' title='bbox 144 743 213 812; x_wconf 86' lang='lat' dir='ltr'><strong>tus,</strong></span> <span class='ocrx_word' id='word_1_28' title='bbox 231 727 308 820; x_wconf 89' lang='lat' dir='ltr'><strong>quia</strong></span> <span class='ocrx_word' id='word_1_29' title='bbox 329 749 466 817; x_wconf 85' lang='lat' dir='ltr'><strong>corpora</strong></span> <span class='ocrx_word' id='word_1_30' title='bbox 488 737 597 794; x_wconf 91' lang='lat' dir='ltr'><strong>erunt.</strong></span> <span class='ocrx_word' id='word_1_31' title='bbox 625 726 731 806; x_wconf 78' lang='lat' dir='ltr'><strong>Quare</strong></span> <span class='ocrx_word' id='word_1_32' title='bbox 748 724 869 812; x_wconf 78' lang='lat' dir='ltr'><strong>dicitur</strong></span> <span class='ocrx_word' id='word_1_33' title='bbox 884 725 1027 816; x_wconf 85' lang='lat' dir='ltr'><strong>spiritale</strong></span> <span class='ocrx_word' id='word_1_34' title='bbox 1048 749 1188 818; x_wconf 88' lang='lat' dir='ltr'><strong>corpus,</strong></span> 
     </span>
     <span class='ocr_line' id='line_1_5' title="bbox 144 829 1191 926; baseline -0.004 -22"><span class='ocrx_word' id='word_1_35' title='bbox 144 832 344 910; x_wconf 70' lang='lat' dir='ltr'><strong>charissimi,</strong></span> <span class='ocrx_word' id='word_1_36' title='bbox 363 831 425 900; x_wconf 89' lang='lat' dir='ltr'><strong>nisi</strong></span> <span class='ocrx_word' id='word_1_37' title='bbox 445 831 522 926; x_wconf 90' lang='lat' dir='ltr'><strong>quia</strong></span> <span class='ocrx_word' id='word_1_38' title='bbox 541 829 584 900; x_wconf 91' lang='lat' dir='ltr'><strong>ad</strong></span> <span class='ocrx_word' id='word_1_39' title='bbox 600 838 720 902; x_wconf 91' lang='lat' dir='ltr'><strong>nutum</strong></span> <span class='ocrx_word' id='word_1_40' title='bbox 736 831 865 925; x_wconf 87' lang='lat' dir='ltr'><strong>spiritui</strong></span> <span class='ocrx_word' id='word_1_41' title='bbox 880 833 1020 902; x_wconf 78' lang='lat' dir='ltr'><strong>serviet?</strong></span> <span class='ocrx_word' id='word_1_42' title='bbox 1032 831 1114 902; x_wconf 85' lang='lat' dir='ltr'><strong>nihil</strong></span> <span class='ocrx_word' id='word_1_43' title='bbox 1129 833 1191 904; x_wconf 91' lang='lat' dir='ltr'><strong>tibi</strong></span> 
     </span>
     <span class='ocr_line' id='line_1_6' title="bbox 143 931 1139 1034; baseline -0.008 -24"><span class='ocrx_word' id='word_1_44' title='bbox 143 939 345 1034; x_wconf 78' lang='lat' dir='ltr'><strong>contradicet</strong></span> <span class='ocrx_word' id='word_1_45' title='bbox 360 963 399 1007; x_wconf 84' lang='lat' dir='ltr'><strong>ex</strong></span> <span class='ocrx_word' id='word_1_46' title='bbox 417 953 461 1024; x_wconf 88' lang='lat' dir='ltr'><strong>te,</strong></span> <span class='ocrx_word' id='word_1_47' title='bbox 478 931 560 1006; x_wconf 90' lang='lat' dir='ltr'><strong>nihil</strong></span> <span class='ocrx_word' id='word_1_48' title='bbox 576 939 611 1008; x_wconf 91' lang='lat' dir='ltr'><strong>in</strong></span> <span class='ocrx_word' id='word_1_49' title='bbox 627 954 660 1008; x_wconf 91' lang='lat' dir='ltr'><strong>te</strong></span> <span class='ocrx_word' id='word_1_50' title='bbox 675 937 848 1008; x_wconf 80' lang='lat' dir='ltr'><strong>rebellabit</strong></span> <span class='ocrx_word' id='word_1_51' title='bbox 863 939 1017 1010; x_wconf 75' lang='lat' dir='ltr'><strong>adversus</strong></span> <span class='ocrx_word' id='word_1_52' title='bbox 1033 953 1067 1008; x_wconf 92' lang='lat' dir='ltr'><strong>te</strong></span> <span class='ocrx_word' id='word_1_53' title='bbox 1081 942 1106 1008; x_wconf 89' lang='lat'><strong>¹.</strong></span> <span class='ocrx_word' id='word_1_54' title='bbox 1123 966 1139 1002; x_wconf 77' lang='lat' dir='ltr'><strong>s</strong></span> 
     </span>
    </p>

    <p class='ocr_par' dir='ltr' id='par_1_3' title="bbox 140 1045 1280 1888">
     <span class='ocr_line' id='line_1_7' title="bbox 187 1045 1191 1144; baseline 0 -28"><span class='ocrx_word' id='word_1_55' title='bbox 187 1051 230 1117; x_wconf 91' lang='grc' dir='ltr'><strong>ΙΙ.</strong></span> <span class='ocrx_word' id='word_1_56' title='bbox 254 1047 456 1118; x_wconf 82' lang='lat' dir='ltr'><strong>&#39;Persuasz&#39;o</strong></span> <span class='ocrx_word' id='word_1_57' title='bbox 482 1047 603 1116; x_wconf 90' lang='lat' dir='ltr'><strong>dicitur</strong></span> <span class='ocrx_word' id='word_1_58' title='bbox 621 1045 766 1117; x_wconf 83' lang='lat' dir='ltr'><strong>facunda</strong></span> <span class='ocrx_word' id='word_1_59' title='bbox 786 1048 834 1117; x_wconf 86' lang='lat' dir='ltr'><strong>vis</strong></span> <span class='ocrx_word' id='word_1_60' title='bbox 858 1047 935 1136; x_wconf 85' lang='lat' dir='ltr'><strong>illa,</strong></span> <span class='ocrx_word' id='word_1_61' title='bbox 960 1049 1044 1144; x_wconf 72' lang='lat' dir='ltr'><strong>qual,</strong></span> <span class='ocrx_word' id='word_1_62' title='bbox 1066 1046 1191 1118; x_wconf 89' lang='lat' dir='ltr'><strong>illumi-</strong></span> 
     </span>
     <span class='ocr_line' id='line_1_8' title="bbox 142 1154 1191 1248; baseline -0.002 -23"><span class='ocrx_word' id='word_1_63' title='bbox 142 1170 219 1226; x_wconf 91' lang='lat' dir='ltr'><strong>nato</strong></span> <span class='ocrx_word' id='word_1_64' title='bbox 240 1179 299 1248; x_wconf 88' lang='lat' dir='ltr'><strong>per</strong></span> <span class='ocrx_word' id='word_1_65' title='bbox 322 1170 515 1246; x_wconf 86' lang='lat' dir='ltr'><strong>argumenta</strong></span> <span class='ocrx_word' id='word_1_66' title='bbox 541 1155 670 1240; x_wconf 87' lang='lat' dir='ltr'><strong>animo,</strong></span> <span class='ocrx_word' id='word_1_67' title='bbox 692 1155 842 1226; x_wconf 85' lang='lat' dir='ltr'><strong>voluntas</strong></span> <span class='ocrx_word' id='word_1_68' title='bbox 864 1155 906 1224; x_wconf 90' lang='lat' dir='ltr'><strong>ad</strong></span> <span class='ocrx_word' id='word_1_69' title='bbox 928 1154 1191 1248; x_wconf 83' lang='lat' dir='ltr'><strong>amplectendam</strong></span> 
     </span>
     <span class='ocr_line' id='line_1_9' title="bbox 141 1259 1190 1362; baseline -0.001 -31"><span class='ocrx_word' id='word_1_70' title='bbox 141 1263 311 1332; x_wconf 85' lang='lat' dir='ltr'><strong>veritatem</strong></span> <span class='ocrx_word' id='word_1_71' title='bbox 322 1263 489 1353; x_wconf 79' lang='lat' dir='ltr'><strong>cognitam</strong></span> <span class='ocrx_word' id='word_1_72' title='bbox 501 1259 757 1362; x_wconf 64' lang='lat' dir='ltr'><strong>impedimenti</strong></span> <span class='ocrx_word' id='word_1_73' title='bbox 770 1262 1016 1332; x_wconf 86' lang='lat' dir='ltr'><strong>Persuasionem</strong></span> <span class='ocrx_word' id='word_1_74' title='bbox 1029 1263 1106 1330; x_wconf 86' lang='lat' dir='ltr'><strong>verb</strong></span> <span class='ocrx_word' id='word_1_75' title='bbox 1122 1259 1190 1332; x_wconf 92' lang='lat' dir='ltr'><strong>duo</strong></span> 
     </span>
     <span class='ocr_line' id='line_1_10' title="bbox 141 1359 1189 1463; baseline -0.003 -23"><span class='ocrx_word' id='word_1_76' title='bbox 141 1371 281 1440; x_wconf 72' lang='lat' dir='ltr'><strong>maxim‘e</strong></span> <span class='ocrx_word' id='word_1_77' title='bbox 301 1369 494 1456; x_wconf 88' lang='lat' dir='ltr'><strong>conferunt,</strong></span> <span class='ocrx_word' id='word_1_78' title='bbox 512 1369 642 1463; x_wconf 90' lang='lat' dir='ltr'><strong>placere</strong></span> <span class='ocrx_word' id='word_1_79' title='bbox 657 1367 811 1438; x_wconf 77' lang='lat' dir='ltr'><strong>videlicet</strong></span> <span class='ocrx_word' id='word_1_80' title='bbox 833 1384 865 1438; x_wconf 88' lang='lat' dir='ltr'><strong>et</strong></span> <span class='ocrx_word' id='word_1_81' title='bbox 881 1393 1034 1458; x_wconf 72' lang='lat' dir='ltr'><strong>movere,</strong></span> <span class='ocrx_word' id='word_1_82' title='bbox 1060 1359 1189 1462; x_wconf 89' lang='lat' dir='ltr'><strong>placere</strong></span> 
     </span>
     <span class='ocr_line' id='line_1_11' title="bbox 142 1475 1187 1572; baseline 0 -28"><span class='ocrx_word' id='word_1_83' title='bbox 142 1476 295 1572; x_wconf 88' lang='lat' dir='ltr'><strong>quidem,</strong></span> <span class='ocrx_word' id='word_1_84' title='bbox 321 1478 397 1546; x_wconf 75' lang='lat' dir='ltr'><strong>crim</strong></span> <span class='ocrx_word' id='word_1_85' title='bbox 421 1501 558 1546; x_wconf 85' lang='lat' dir='ltr'><strong>nauseas</strong></span> <span class='ocrx_word' id='word_1_86' title='bbox 582 1478 700 1546; x_wconf 84' lang='lat' dir='ltr'><strong>excitet</strong></span> <span class='ocrx_word' id='word_1_87' title='bbox 728 1476 845 1568; x_wconf 76' lang='lat' dir='ltr'><strong>saepius</strong></span> <span class='ocrx_word' id='word_1_88' title='bbox 870 1477 1021 1544; x_wconf 87' lang='lat' dir='ltr'><strong>inornata</strong></span> <span class='ocrx_word' id='word_1_89' title='bbox 1048 1475 1187 1566; x_wconf 74' lang='lat' dir='ltr'><strong>veritas:</strong></span> 
     </span>
     <span class='ocr_line' id='line_1_12' title="bbox 142 1579 1190 1678; baseline 0 -28"><span class='ocrx_word' id='word_1_90' title='bbox 142 1606 272 1652; x_wconf 89' lang='lat' dir='ltr'><strong>movere</strong></span> <span class='ocrx_word' id='word_1_91' title='bbox 288 1596 420 1670; x_wconf 88' lang='lat' dir='ltr'><strong>autem,</strong></span> <span class='ocrx_word' id='word_1_92' title='bbox 439 1584 516 1653; x_wconf 78' lang='lat' dir='ltr'><strong>clim</strong></span> <span class='ocrx_word' id='word_1_93' title='bbox 533 1581 652 1652; x_wconf 88' lang='lat' dir='ltr'><strong>veritas</strong></span> <span class='ocrx_word' id='word_1_94' title='bbox 667 1581 769 1674; x_wconf 80' lang='lat' dir='ltr'><strong>vulgo</strong></span> <span class='ocrx_word' id='word_1_95' title='bbox 787 1606 854 1651; x_wconf 90' lang='lat' dir='ltr'><strong>nou</strong></span> <span class='ocrx_word' id='word_1_96' title='bbox 873 1579 1083 1667; x_wconf 79' lang='lat' dir='ltr'><strong>admittatur,</strong></span> <span class='ocrx_word' id='word_1_97' title='bbox 1107 1583 1190 1678; x_wconf 84' lang='lat' dir='ltr'><strong>quin</strong></span> 
     </span>
     <span class='ocr_line' id='line_1_13' title="bbox 140 1685 1280 1782; baseline -0.002 -24"><span class='ocrx_word' id='word_1_98' title='bbox 140 1713 232 1758; x_wconf 89' lang='lat' dir='ltr'><strong>mens</strong></span> <span class='ocrx_word' id='word_1_99' title='bbox 248 1689 383 1758; x_wconf 83' lang='lat' dir='ltr'><strong>interilrs</strong></span> <span class='ocrx_word' id='word_1_100' title='bbox 401 1691 520 1780; x_wconf 84' lang='lat' dir='ltr'><strong>agitata</strong></span> <span class='ocrx_word' id='word_1_101' title='bbox 539 1691 734 1759; x_wconf 86' lang='lat' dir='ltr'><strong>consentiat.</strong></span> <span class='ocrx_word' id='word_1_102' title='bbox 747 1687 858 1757; x_wconf 89' lang='lat' dir='ltr'><strong>Placet</strong></span> <span class='ocrx_word' id='word_1_103' title='bbox 870 1702 980 1758; x_wconf 91' lang='lat' dir='ltr'><strong>autem</strong></span> <span class='ocrx_word' id='word_1_104' title='bbox 998 1690 1115 1757; x_wconf 86' lang='lat' dir='ltr'><strong>Orator</strong></span> <span class='ocrx_word' id='word_1_105' title='bbox 1131 1710 1190 1782; x_wconf 88' lang='lat' dir='ltr'><strong>per</strong></span> <span class='ocrx_word' id='word_1_106' title='bbox 1274 1685 1280 1694; x_wconf 77' lang='grc'><em>’</em></span> 
     </span>
     <span class='ocr_line' id='line_1_14' title="bbox 140 1796 1089 1888; baseline 0 -24"><span class='ocrx_word' id='word_1_107' title='bbox 140 1797 335 1867; x_wconf 88' lang='lat' dir='ltr'><strong>elocutionis</strong></span> <span class='ocrx_word' id='word_1_108' title='bbox 351 1801 563 1884; x_wconf 89' lang='lat' dir='ltr'><strong>Ornamenta,</strong></span> <span class='ocrx_word' id='word_1_109' title='bbox 579 1797 664 1866; x_wconf 88' lang='lat' dir='ltr'><strong>sicut</strong></span> <span class='ocrx_word' id='word_1_110' title='bbox 679 1810 713 1864; x_wconf 87' lang='lat' dir='ltr'><strong>et</strong></span> <span class='ocrx_word' id='word_1_111' title='bbox 727 1820 786 1888; x_wconf 93' lang='lat' dir='ltr'><strong>per</strong></span> <span class='ocrx_word' id='word_1_112' title='bbox 801 1796 949 1865; x_wconf 79' lang='lat' dir='ltr'><strong>Affectus</strong></span> <span class='ocrx_word' id='word_1_113' title='bbox 967 1809 1089 1864; x_wconf 84' lang='lat' dir='ltr'><strong>movet.</strong></span> 
     </span>
    </p>

    <p class='ocr_par' dir='ltr' id='par_1_4' title="bbox 137 1899 1190 2956">
     <span class='ocr_line' id='line_1_15' title="bbox 186 1899 1190 1993; baseline -0.001 -21"><span class='ocrx_word' id='word_1_114' title='bbox 186 1909 231 1972; x_wconf 90' lang='lat'><strong>1⁰.</strong></span> <span class='ocrx_word' id='word_1_115' title='bbox 247 1909 322 1975; x_wconf 92' lang='lat' dir='ltr'><strong>Non</strong></span> <span class='ocrx_word' id='word_1_116' title='bbox 338 1903 459 1972; x_wconf 88' lang='lat' dir='ltr'><strong>desunt</strong></span> <span class='ocrx_word' id='word_1_117' title='bbox 481 1899 537 1971; x_wconf 86' lang='lat' dir='ltr'><strong>illa</strong></span> <span class='ocrx_word' id='word_1_118' title='bbox 559 1901 753 1972; x_wconf 89' lang='lat' dir='ltr'><strong>elocutionis</strong></span> <span class='ocrx_word' id='word_1_119' title='bbox 776 1903 979 1970; x_wconf 75' lang='lat' dir='ltr'><strong>Ornamenta·</strong></span> <span class='ocrx_word' id='word_1_120' title='bbox 1006 1899 1096 1993; x_wconf 92' lang='lat' dir='ltr'><strong>apud</strong></span> <span class='ocrx_word' id='word_1_121' title='bbox 1120 1899 1190 1971; x_wconf 88' lang='lat' dir='ltr'><strong>elo·</strong></span> 
     </span>
     <span class='ocr_line' id='line_1_16' title="bbox 139 2008 1189 2106; baseline 0.002 -28"><span class='ocrx_word' id='word_1_122' title='bbox 139 2026 278 2104; x_wconf 88' lang='lat' dir='ltr'><strong>quentes</strong></span> <span class='ocrx_word' id='word_1_123' title='bbox 294 2010 367 2080; x_wconf 91' lang='lat' dir='ltr'><strong>illos</strong></span> <span class='ocrx_word' id='word_1_124' title='bbox 382 2012 577 2104; x_wconf 84' lang='lat' dir='ltr'><strong>Scriptores,</strong></span> <span class='ocrx_word' id='word_1_125' title='bbox 596 2011 717 2106; x_wconf 88' lang='lat' dir='ltr'><strong>quibus</strong></span> <span class='ocrx_word' id='word_1_126' title='bbox 730 2013 749 2098; x_wconf 75' lang='lat' dir='ltr'><strong>b</strong></span> <span class='ocrx_word' id='word_1_127' title='bbox 763 2011 878 2103; x_wconf 92' lang='lat' dir='ltr'><strong>primis</strong></span> <span class='ocrx_word' id='word_1_128' title='bbox 896 2008 1051 2081; x_wconf 82' lang='lat' dir='ltr'><strong>Ecclesiae</strong></span> <span class='ocrx_word' id='word_1_129' title='bbox 1062 2009 1189 2080; x_wconf 86' lang='lat' dir='ltr'><strong>saeculis</strong></span> 
     </span>
     <span class='ocr_line' id='line_1_17' title="bbox 138 2115 1190 2208; baseline 0.002 -24"><span class='ocrx_word' id='word_1_130' title='bbox 138 2115 626 2208; x_wconf 84' lang='lat' dir='ltr'><strong>gloriaturchristianaReligio.</strong></span> <span class='ocrx_word' id='word_1_131' title='bbox 636 2118 783 2186; x_wconf 87' lang='lat' dir='ltr'><strong>Verbum</strong></span> <span class='ocrx_word' id='word_1_132' title='bbox 796 2117 880 2186; x_wconf 88' lang='lat' dir='ltr'><strong>illud</strong></span> <span class='ocrx_word' id='word_1_133' title='bbox 892 2115 1060 2207; x_wconf 82' lang='lat' dir='ltr'><strong>Evangelii</strong></span> <span class='ocrx_word' id='word_1_134' title='bbox 1074 2147 1081 2187; x_wconf 91' lang='lat'>:</span> <span class='ocrx_word' id='word_1_135' title='bbox 1094 2117 1190 2188; x_wconf 86' lang='lat' dir='ltr'><strong>Par·</strong></span> 
     </span>
     <span class='ocr_line' id='line_1_18' title="bbox 137 2219 1188 2318; baseline 0 -25"><span class='ocrx_word' id='word_1_136' title='bbox 137 2221 243 2294; x_wconf 74' lang='lat' dir='ltr'><strong>volus</strong></span> <span class='ocrx_word' id='word_1_137' title='bbox 259 2234 368 2289; x_wconf 83' lang='lat' dir='ltr'><strong>natus</strong></span> <span class='ocrx_word' id='word_1_138' title='bbox 385 2235 438 2288; x_wconf 83' lang='lat' dir='ltr'><strong>est</strong></span> <span class='ocrx_word' id='word_1_139' title='bbox 461 2219 564 2290; x_wconf 77' lang='lat' dir='ltr'><strong>nobis</strong></span> <span class='ocrx_word' id='word_1_140' title='bbox 572 2277 584 2308; x_wconf 87' lang='lat'><strong>,</strong></span> <span class='ocrx_word' id='word_1_141' title='bbox 603 2222 745 2318; x_wconf 79' lang='lat' dir='ltr'><strong>etfilius</strong></span> <span class='ocrx_word' id='word_1_142' title='bbox 763 2221 870 2294; x_wconf 81' lang='lat' dir='ltr'><strong>datus</strong></span> <span class='ocrx_word' id='word_1_143' title='bbox 888 2239 941 2293; x_wconf 84' lang='lat' dir='ltr'><strong>est</strong></span> <span class='ocrx_word' id='word_1_144' title='bbox 962 2221 1066 2293; x_wconf 80' lang='lat' dir='ltr'><strong>nobis</strong></span> <span class='ocrx_word' id='word_1_145' title='bbox 1081 2227 1113 2310; x_wconf 81' lang='lat'><strong>²,</strong></span> <span class='ocrx_word' id='word_1_146' title='bbox 1131 2249 1188 2294; x_wconf 85' lang='lat' dir='ltr'><strong>ex-</strong></span> 
     </span>
     <span class='ocr_line' id='line_1_19' title="bbox 138 2325 1188 2422; baseline 0.001 -23"><span class='ocrx_word' id='word_1_147' title='bbox 138 2327 333 2422; x_wconf 89' lang='lat' dir='ltr'><strong>ponendum</strong></span> <span class='ocrx_word' id='word_1_148' title='bbox 359 2342 546 2420; x_wconf 87' lang='lat' dir='ltr'><strong>susceperat</strong></span> <span class='ocrx_word' id='word_1_149' title='bbox 572 2325 673 2396; x_wconf 82' lang='lat' dir='ltr'><strong>salsus</strong></span> <span class='ocrx_word' id='word_1_150' title='bbox 697 2332 860 2398; x_wconf 83' lang='lat' dir='ltr'><strong>Eusebius</strong></span> <span class='ocrx_word' id='word_1_151' title='bbox 887 2332 1103 2418; x_wconf 82' lang='lat' dir='ltr'><strong>Emissenus3</strong></span> <span class='ocrx_word' id='word_1_152' title='bbox 1131 2331 1188 2402; x_wconf 89' lang='lat' dir='ltr'><strong>sed</strong></span> 
     </span>
     <span class='ocr_line' id='line_1_20' title="bbox 139 2433 1188 2528; baseline 0.003 -26"><span class='ocrx_word' id='word_1_153' title='bbox 139 2459 207 2505; x_wconf 91' lang='lat' dir='ltr'><strong>non</strong></span> <span class='ocrx_word' id='word_1_154' title='bbox 223 2433 414 2526; x_wconf 92' lang='lat' dir='ltr'><strong>simpliciter</strong></span> <span class='ocrx_word' id='word_1_155' title='bbox 429 2434 514 2502; x_wconf 90' lang='lat' dir='ltr'><strong>illud</strong></span> <span class='ocrx_word' id='word_1_156' title='bbox 527 2435 697 2524; x_wconf 79' lang='lat' dir='ltr'><strong>exscribit3</strong></span> <span class='ocrx_word' id='word_1_157' title='bbox 710 2433 871 2528; x_wconf 89' lang='lat' dir='ltr'><strong>adjunctis</strong></span> <span class='ocrx_word' id='word_1_158' title='bbox 887 2450 997 2504; x_wconf 91' lang='lat' dir='ltr'><strong>autem</strong></span> <span class='ocrx_word' id='word_1_159' title='bbox 1011 2459 1188 2505; x_wconf 91' lang='lat' dir='ltr'><strong>ornamen-</strong></span> 
     </span>
     <span class='ocr_line' id='line_1_21' title="bbox 139 2539 1185 2635; baseline 0.002 -25"><span class='ocrx_word' id='word_1_160' title='bbox 139 2543 179 2610; x_wconf 92' lang='lat' dir='ltr'><strong>tis</strong></span> <span class='ocrx_word' id='word_1_161' title='bbox 189 2541 235 2609; x_wconf 75' lang='lat' dir='ltr'><strong>itb</strong></span> <span class='ocrx_word' id='word_1_162' title='bbox 248 2539 394 2634; x_wconf 92' lang='lat' dir='ltr'><strong>procedit</strong></span> <span class='ocrx_word' id='word_1_163' title='bbox 407 2571 414 2610; x_wconf 91' lang='lat'>:</span> <span class='ocrx_word' id='word_1_164' title='bbox 427 2570 443 2606; x_wconf 76' lang='lat' dir='ltr'><strong>a</strong></span> <span class='ocrx_word' id='word_1_165' title='bbox 456 2545 556 2609; x_wconf 90' lang='lat' dir='ltr'><strong>Datus</strong></span> <span class='ocrx_word' id='word_1_166' title='bbox 567 2556 614 2610; x_wconf 91' lang='lat' dir='ltr'><strong>est</strong></span> <span class='ocrx_word' id='word_1_167' title='bbox 627 2565 667 2610; x_wconf 84' lang='lat' dir='ltr'><strong>ex</strong></span> <span class='ocrx_word' id='word_1_168' title='bbox 676 2543 866 2630; x_wconf 88' lang='lat' dir='ltr'><strong>Divinitate,</strong></span> <span class='ocrx_word' id='word_1_169' title='bbox 877 2557 973 2612; x_wconf 89' lang='lat' dir='ltr'><strong>natus</strong></span> <span class='ocrx_word' id='word_1_170' title='bbox 982 2566 1020 2611; x_wconf 87' lang='lat' dir='ltr'><strong>ex</strong></span> <span class='ocrx_word' id='word_1_171' title='bbox 1030 2543 1164 2634; x_wconf 83' lang='lat' dir='ltr'><strong>Virgine</strong></span> <span class='ocrx_word' id='word_1_172' title='bbox 1176 2577 1185 2635; x_wconf 78' lang='lat'><em>3</em></span> 
     </span>
     <span class='ocr_line' id='line_1_22' title="bbox 140 2647 1184 2740; baseline 0.004 -25"><span class='ocrx_word' id='word_1_173' title='bbox 140 2663 246 2734; x_wconf 91' lang='lat' dir='ltr'><strong>natus,</strong></span> <span class='ocrx_word' id='word_1_174' title='bbox 259 2648 317 2740; x_wconf 92' lang='lat' dir='ltr'><strong>qui</strong></span> <span class='ocrx_word' id='word_1_175' title='bbox 329 2648 464 2716; x_wconf 89' lang='lat' dir='ltr'><strong>sentiret</strong></span> <span class='ocrx_word' id='word_1_176' title='bbox 475 2671 639 2732; x_wconf 87' lang='lat' dir='ltr'><strong>occasum,</strong></span> <span class='ocrx_word' id='word_1_177' title='bbox 652 2647 760 2733; x_wconf 87' lang='lat' dir='ltr'><strong>datus,</strong></span> <span class='ocrx_word' id='word_1_178' title='bbox 773 2651 830 2739; x_wconf 86' lang='lat' dir='ltr'><strong>qui</strong></span> <span class='ocrx_word' id='word_1_179' title='bbox 841 2650 979 2717; x_wconf 90' lang='lat' dir='ltr'><strong>nesciret</strong></span> <span class='ocrx_word' id='word_1_180' title='bbox 995 2649 1184 2740; x_wconf 81' lang='lat' dir='ltr'><strong>exordium3</strong></span> 
     </span>
     <span class='ocr_line' id='line_1_23' title="bbox 139 2755 1186 2850; baseline 0.006 -28"><span class='ocrx_word' id='word_1_181' title='bbox 139 2770 246 2841; x_wconf 88' lang='lat' dir='ltr'><strong>natus,</strong></span> <span class='ocrx_word' id='word_1_182' title='bbox 260 2757 317 2848; x_wconf 89' lang='lat' dir='ltr'><strong>qui</strong></span> <span class='ocrx_word' id='word_1_183' title='bbox 329 2767 361 2822; x_wconf 92' lang='lat' dir='ltr'><strong>et</strong></span> <span class='ocrx_word' id='word_1_184' title='bbox 373 2759 477 2824; x_wconf 86' lang='lat' dir='ltr'><strong>Matre</strong></span> <span class='ocrx_word' id='word_1_185' title='bbox 490 2769 574 2822; x_wconf 85' lang='lat' dir='ltr'><strong>esset</strong></span> <span class='ocrx_word' id='word_1_186' title='bbox 581 2755 706 2850; x_wconf 88' lang='lat' dir='ltr'><strong>junior,</strong></span> <span class='ocrx_word' id='word_1_187' title='bbox 720 2755 828 2840; x_wconf 87' lang='lat' dir='ltr'><strong>datus,</strong></span> <span class='ocrx_word' id='word_1_188' title='bbox 841 2778 909 2846; x_wconf 89' lang='lat' dir='ltr'><strong>quo</strong></span> <span class='ocrx_word' id='word_1_189' title='bbox 921 2777 982 2823; x_wconf 89' lang='lat' dir='ltr'><strong>nec</strong></span> <span class='ocrx_word' id='word_1_190' title='bbox 996 2760 1091 2823; x_wconf 89' lang='lat' dir='ltr'><strong>Patre</strong></span> <span class='ocrx_word' id='word_1_191' title='bbox 1104 2773 1186 2828; x_wconf 89' lang='lat' dir='ltr'><strong>esset</strong></span> 
     </span>
     <span class='ocr_line' id='line_1_24' title="bbox 139 2857 1186 2956; baseline 0 -26"><span class='ocrx_word' id='word_1_192' title='bbox 139 2861 323 2956; x_wconf 69' lang='lat' dir='ltr'><strong>antiquior,</strong></span> <span class='ocrx_word' id='word_1_193' title='bbox 338 2875 446 2946; x_wconf 75' lang='lat' dir='ltr'><strong>natur,</strong></span> <span class='ocrx_word' id='word_1_194' title='bbox 462 2861 519 2953; x_wconf 92' lang='lat' dir='ltr'><strong>qui</strong></span> <span class='ocrx_word' id='word_1_195' title='bbox 529 2874 723 2945; x_wconf 88' lang='lat' dir='ltr'><strong>moreretur,</strong></span> <span class='ocrx_word' id='word_1_196' title='bbox 739 2857 848 2946; x_wconf 89' lang='lat' dir='ltr'><strong>datus,</strong></span> <span class='ocrx_word' id='word_1_197' title='bbox 862 2884 900 2928; x_wconf 84' lang='lat' dir='ltr'><strong>ex</strong></span> <span class='ocrx_word' id='word_1_198' title='bbox 913 2885 980 2954; x_wconf 92' lang='lat' dir='ltr'><strong>quo</strong></span> <span class='ocrx_word' id='word_1_199' title='bbox 991 2861 1057 2931; x_wconf 88' lang='lat' dir='ltr'><strong>vita</strong></span> <span class='ocrx_word' id='word_1_200' title='bbox 1070 2886 1186 2932; x_wconf 90' lang='lat' dir='ltr'><strong>nasce-</strong></span> 
     </span>
    </p>
   </div>
   <div class='ocr_carea' id='block_1_3' title="bbox 139 2967 1287 3062">
    <p class='ocr_par' dir='ltr' id='par_1_5' title="bbox 139 2967 1287 3062">
     <span class='ocr_line' id='line_1_25' title="bbox 139 2967 1287 3062; baseline -0.001 -27"><span class='ocrx_word' id='word_1_201' title='bbox 139 2983 245 3058; x_wconf 82' lang='lat' dir='ltr'><strong>retur3</strong></span> <span class='ocrx_word' id='word_1_202' title='bbox 259 2994 296 3038; x_wconf 88' lang='lat' dir='ltr'><strong>ac</strong></span> <span class='ocrx_word' id='word_1_203' title='bbox 312 2969 357 3038; x_wconf 88' lang='lat' dir='ltr'><strong>sic</strong></span> <span class='ocrx_word' id='word_1_204' title='bbox 372 2967 430 3062; x_wconf 88' lang='lat' dir='ltr'><strong>qui</strong></span> <span class='ocrx_word' id='word_1_205' title='bbox 447 2981 528 3052; x_wconf 87' lang='lat' dir='ltr'><strong>erat,</strong></span> <span class='ocrx_word' id='word_1_206' title='bbox 543 2967 639 3036; x_wconf 89' lang='lat' dir='ltr'><strong>datus</strong></span> <span class='ocrx_word' id='word_1_207' title='bbox 649 2981 713 3054; x_wconf 90' lang='lat' dir='ltr'><strong>est,</strong></span> <span class='ocrx_word' id='word_1_208' title='bbox 726 2967 860 3060; x_wconf 91' lang='lat' dir='ltr'><strong>quinon</strong></span> <span class='ocrx_word' id='word_1_209' title='bbox 871 2969 952 3053; x_wconf 81' lang='lat' dir='ltr'><strong>erat,</strong></span> <span class='ocrx_word' id='word_1_210' title='bbox 968 2983 1064 3040; x_wconf 90' lang='lat' dir='ltr'><strong>natus</strong></span> <span class='ocrx_word' id='word_1_211' title='bbox 1078 2984 1126 3038; x_wconf 90' lang='lat' dir='ltr'><strong>est</strong></span> <span class='ocrx_word' id='word_1_212' title='bbox 1136 2971 1183 3038; x_wconf 84' lang='lat'><strong>³.»</strong></span> <span class='ocrx_word' id='word_1_213' title='bbox 1284 2981 1287 2986; x_wconf 89' lang='grc'><strong>’</strong></span> 
     </span>
    </p>
   </div>
   <div class='ocr_carea' id='block_1_4' title="bbox 134 3073 1185 3810">
    <p class='ocr_par' dir='ltr' id='par_1_6' title="bbox 134 3073 1185 3810">
     <span class='ocr_line' id='line_1_26' title="bbox 138 3073 1185 3168; baseline 0.001 -24"><span class='ocrx_word' id='word_1_214' title='bbox 138 3076 244 3144; x_wconf 88' lang='lat' dir='ltr'><strong>-Sic</strong></span> <span class='ocrx_word' id='word_1_215' title='bbox 265 3075 387 3168; x_wconf 88' lang='lat' dir='ltr'><strong>pariter</strong></span> <span class='ocrx_word' id='word_1_216' title='bbox 409 3073 450 3142; x_wconf 92' lang='lat' dir='ltr'><strong>de</strong></span> <span class='ocrx_word' id='word_1_217' title='bbox 470 3074 632 3144; x_wconf 89' lang='lat' dir='ltr'><strong>occisione</strong></span> <span class='ocrx_word' id='word_1_218' title='bbox 651 3073 827 3143; x_wconf 82' lang='lat' dir='ltr'><strong>infantium</strong></span> <span class='ocrx_word' id='word_1_219' title='bbox 850 3100 911 3168; x_wconf 93' lang='lat' dir='ltr'><strong>pro</strong></span> <span class='ocrx_word' id='word_1_220' title='bbox 927 3077 1058 3146; x_wconf 83' lang='lat' dir='ltr'><strong>Christo</strong></span> <span class='ocrx_word' id='word_1_221' title='bbox 1081 3077 1185 3145; x_wconf 88' lang='lat' dir='ltr'><strong>inter-</strong></span> 
     </span>
     <span class='ocr_line' id='line_1_27' title="bbox 137 3177 1184 3277; baseline 0.004 -29"><span class='ocrx_word' id='word_1_222' title='bbox 137 3177 300 3250; x_wconf 85' lang='lat' dir='ltr'><strong>fectorum</strong></span> <span class='ocrx_word' id='word_1_223' title='bbox 321 3204 504 3249; x_wconf 89' lang='lat' dir='ltr'><strong>sermonem</strong></span> <span class='ocrx_word' id='word_1_224' title='bbox 525 3181 685 3248; x_wconf 86' lang='lat' dir='ltr'><strong>instituit:</strong></span> <span class='ocrx_word' id='word_1_225' title='bbox 708 3210 723 3247; x_wconf 70' lang='grc' dir='ltr'><strong>ι(</strong></span> <span class='ocrx_word' id='word_1_226' title='bbox 742 3183 849 3262; x_wconf 76' lang='lat' dir='ltr'><strong>Quam</strong></span> <span class='ocrx_word' id='word_1_227' title='bbox 873 3183 969 3251; x_wconf 89' lang='lat' dir='ltr'><strong>beata</strong></span> <span class='ocrx_word' id='word_1_228' title='bbox 991 3197 1089 3268; x_wconf 89' lang='lat' dir='ltr'><strong>aetas,</strong></span> <span class='ocrx_word' id='word_1_229' title='bbox 1107 3209 1184 3277; x_wconf 84' lang='lat' dir='ltr'><strong>quac</strong></span> 
     </span>
     <span class='ocr_line' id='line_1_28' title="bbox 136 3287 1184 3382; baseline 0.004 -26"><span class='ocrx_word' id='word_1_230' title='bbox 136 3311 245 3357; x_wconf 89' lang='lat' dir='ltr'><strong>meum</strong></span> <span class='ocrx_word' id='word_1_231' title='bbox 258 3289 427 3359; x_wconf 86' lang='lat' dir='ltr'><strong>Christum</strong></span> <span class='ocrx_word' id='word_1_232' title='bbox 441 3301 548 3380; x_wconf 90' lang='lat' dir='ltr'><strong>potest</strong></span> <span class='ocrx_word' id='word_1_233' title='bbox 564 3287 685 3382; x_wconf 87' lang='lat' dir='ltr'><strong>eloqui,</strong></span> <span class='ocrx_word' id='word_1_234' title='bbox 699 3299 732 3356; x_wconf 91' lang='lat' dir='ltr'><strong>et</strong></span> <span class='ocrx_word' id='word_1_235' title='bbox 740 3289 808 3381; x_wconf 73' lang='lat' dir='ltr'><strong>jam</strong></span> <span class='ocrx_word' id='word_1_236' title='bbox 820 3311 880 3380; x_wconf 89' lang='lat' dir='ltr'><strong>pro</strong></span> <span class='ocrx_word' id='word_1_237' title='bbox 896 3291 1027 3359; x_wconf 90' lang='lat' dir='ltr'><strong>Christo</strong></span> <span class='ocrx_word' id='word_1_238' title='bbox 1039 3306 1184 3360; x_wconf 89' lang='lat' dir='ltr'><strong>meretur</strong></span> 
     </span>
     <span class='ocr_line' id='line_1_29' title="bbox 135 3391 1184 3489; baseline 0.005 -27"><span class='ocrx_word' id='word_1_239' title='bbox 135 3395 294 3464; x_wconf 81' lang='lat' dir='ltr'><strong>interfici!</strong></span> <span class='ocrx_word' id='word_1_240' title='bbox 313 3394 469 3465; x_wconf 82' lang='lat' dir='ltr'><strong>Nondirm</strong></span> <span class='ocrx_word' id='word_1_241' title='bbox 482 3409 667 3486; x_wconf 91' lang='lat' dir='ltr'><strong>opportuna</strong></span> <span class='ocrx_word' id='word_1_242' title='bbox 686 3393 828 3484; x_wconf 86' lang='lat' dir='ltr'><strong>vulneri,</strong></span> <span class='ocrx_word' id='word_1_243' title='bbox 846 3411 879 3464; x_wconf 90' lang='lat' dir='ltr'><strong>et</strong></span> <span class='ocrx_word' id='word_1_244' title='bbox 890 3397 959 3489; x_wconf 79' lang='lat' dir='ltr'><strong>jbm</strong></span> <span class='ocrx_word' id='word_1_245' title='bbox 976 3391 1096 3466; x_wconf 88' lang='lat' dir='ltr'><strong>idonea</strong></span> <span class='ocrx_word' id='word_1_246' title='bbox 1112 3422 1184 3489; x_wconf 91' lang='lat' dir='ltr'><strong>pas·</strong></span> 
     </span>
     <span class='ocr_line' id='line_1_30' title="bbox 135 3498 1183 3596; baseline 0.005 -27"><span class='ocrx_word' id='word_1_247' title='bbox 135 3499 228 3571; x_wconf 89' lang='lat' dir='ltr'><strong>sioni.</strong></span> <span class='ocrx_word' id='word_1_248' title='bbox 246 3506 350 3584; x_wconf 77' lang='lat' dir='ltr'><strong>Quam</strong></span> <span class='ocrx_word' id='word_1_249' title='bbox 366 3501 505 3571; x_wconf 86' lang='lat' dir='ltr'><strong>feliciter</strong></span> <span class='ocrx_word' id='word_1_250' title='bbox 517 3503 586 3569; x_wconf 87' lang='lat' dir='ltr'><strong>nati</strong></span> <span class='ocrx_word' id='word_1_251' title='bbox 601 3503 722 3595; x_wconf 88' lang='lat' dir='ltr'><strong>quibus</strong></span> <span class='ocrx_word' id='word_1_252' title='bbox 734 3501 769 3570; x_wconf 91' lang='lat' dir='ltr'><strong>in</strong></span> <span class='ocrx_word' id='word_1_253' title='bbox 782 3498 888 3596; x_wconf 91' lang='lat' dir='ltr'><strong>primo</strong></span> <span class='ocrx_word' id='word_1_254' title='bbox 901 3503 1055 3572; x_wconf 90' lang='lat' dir='ltr'><strong>nascendi</strong></span> <span class='ocrx_word' id='word_1_255' title='bbox 1069 3503 1183 3574; x_wconf 86' lang='lat' dir='ltr'><strong>limine</strong></span> 
     </span>
     <span class='ocr_line' id='line_1_31' title="bbox 135 3609 1182 3704; baseline 0.005 -27"><span class='ocrx_word' id='word_1_256' title='bbox 135 3623 256 3680; x_wconf 84' lang='lat' dir='ltr'><strong>aeterna</strong></span> <span class='ocrx_word' id='word_1_257' title='bbox 279 3610 346 3679; x_wconf 88' lang='lat' dir='ltr'><strong>vita</strong></span> <span class='ocrx_word' id='word_1_258' title='bbox 367 3611 498 3679; x_wconf 89' lang='lat' dir='ltr'><strong>obviam</strong></span> <span class='ocrx_word' id='word_1_259' title='bbox 519 3609 629 3678; x_wconf 82' lang='lat' dir='ltr'><strong>venit!</strong></span> <span class='ocrx_word' id='word_1_260' title='bbox 649 3615 828 3680; x_wconf 91' lang='lat' dir='ltr'><strong>Incurrunt</strong></span> <span class='ocrx_word' id='word_1_261' title='bbox 851 3609 998 3703; x_wconf 88' lang='lat' dir='ltr'><strong>quidem,</strong></span> <span class='ocrx_word' id='word_1_262' title='bbox 1015 3612 1100 3680; x_wconf 89' lang='lat' dir='ltr'><strong>inter</strong></span> <span class='ocrx_word' id='word_1_263' title='bbox 1112 3611 1182 3704; x_wconf 87' lang='lat' dir='ltr'><strong>ipsa</strong></span> 
     </span>
     <span class='ocr_line' id='line_1_32' title="bbox 134 3715 1180 3810; baseline 0.005 -27"><span class='ocrx_word' id='word_1_264' title='bbox 134 3717 294 3808; x_wconf 86' lang='lat' dir='ltr'><strong>principia</strong></span> <span class='ocrx_word' id='word_1_265' title='bbox 308 3732 449 3810; x_wconf 78' lang='lat' dir='ltr'><strong>acceptae</strong></span> <span class='ocrx_word' id='word_1_266' title='bbox 461 3717 555 3803; x_wconf 90' lang='lat' dir='ltr'><strong>lucis,</strong></span> <span class='ocrx_word' id='word_1_267' title='bbox 569 3715 752 3809; x_wconf 91' lang='lat' dir='ltr'><strong>periculum</strong></span> <span class='ocrx_word' id='word_1_268' title='bbox 764 3732 797 3786; x_wconf 94' lang='lat' dir='ltr'><strong>et</strong></span> <span class='ocrx_word' id='word_1_269' title='bbox 813 3719 911 3786; x_wconf 85' lang='lat' dir='ltr'><strong>linem</strong></span> <span class='ocrx_word' id='word_1_270' title='bbox 924 3715 1037 3786; x_wconf 89' lang='lat' dir='ltr'><strong>salutis</strong></span> <span class='ocrx_word' id='word_1_271' title='bbox 1050 3717 1126 3808; x_wconf 82' lang='lat' dir='ltr'><strong>3sed</strong></span> <span class='ocrx_word' id='word_1_272' title='bbox 1139 3717 1180 3788; x_wconf 89' lang='lat' dir='ltr'><strong>de</strong></span> 
     </span>
    </p>
   </div>
   <div class='ocr_carea' id='block_1_5' title="bbox 132 3862 1178 3999">
    <p class='ocr_par' dir='ltr' id='par_1_7' title="bbox 132 3862 1178 3999">
     <span class='ocr_line' id='line_1_33' title="bbox 169 3862 1178 3932; baseline 0 -18"><span class='ocrx_word' id='word_1_273' title='bbox 169 3866 211 3916; x_wconf 73' lang='lat'><strong>¹8.</strong></span> <span class='ocrx_word' id='word_1_274' title='bbox 231 3867 331 3928; x_wconf 76' lang='lat' dir='ltr'><strong>August.</strong></span> <span class='ocrx_word' id='word_1_275' title='bbox 347 3866 424 3915; x_wconf 82' lang='lat' dir='ltr'><strong>Serm.</strong></span> <span class='ocrx_word' id='word_1_276' title='bbox 439 3879 524 3930; x_wconf 74' lang='lat' dir='ltr'><strong>cornu,</strong></span> <span class='ocrx_word' id='word_1_277' title='bbox 540 3881 566 3916; x_wconf 91' lang='lat' dir='ltr'><strong>n.</strong></span> <span class='ocrx_word' id='word_1_278' title='bbox 581 3879 653 3932; x_wconf 68' lang='grc' dir='ltr'><strong>γυ,</strong></span> <span class='ocrx_word' id='word_1_279' title='bbox 669 3873 723 3900; x_wconf 89' lang='grc'><strong>-·</strong></span> <span class='ocrx_word' id='word_1_280' title='bbox 741 3865 794 3914; x_wconf 77' lang='lat' dir='ltr'><strong>lsai.</strong></span> <span class='ocrx_word' id='word_1_281' title='bbox 808 3881 844 3929; x_wconf 83' lang='lat' dir='ltr'><strong>rx,</strong></span> <span class='ocrx_word' id='word_1_282' title='bbox 858 3869 884 3916; x_wconf 88' lang='lat'><strong>6.</strong></span> <span class='ocrx_word' id='word_1_283' title='bbox 898 3889 931 3903; x_wconf 96' lang='lat'><em>-</em></span> <span class='ocrx_word' id='word_1_284' title='bbox 942 3862 1048 3919; x_wconf 84' lang='lat' dir='ltr'><strong>³Euseb.</strong></span> <span class='ocrx_word' id='word_1_285' title='bbox 1063 3866 1178 3917; x_wconf 86' lang='lat' dir='ltr'><strong>Emissen.</strong></span> 
     </span>
     <span class='ocr_line' id='line_1_34' title="bbox 132 3947 381 3999; baseline 0 -2"><span class='ocrx_word' id='word_1_286' title='bbox 132 3947 221 3998; x_wconf 86' lang='lat' dir='ltr'><strong>Homil.</strong></span> <span class='ocrx_word' id='word_1_287' title='bbox 235 3963 245 3997; x_wconf 90' lang='lat'>1</span> <span class='ocrx_word' id='word_1_288' title='bbox 256 3948 288 3998; x_wconf 85' lang='lat' dir='ltr'><strong>do</strong></span> <span class='ocrx_word' id='word_1_289' title='bbox 298 3947 381 3999; x_wconf 78' lang='lat' dir='ltr'><strong>Nativ.</strong></span> 
     </span>
    </p>
   </div>
   <div class='ocr_carea' id='block_1_6' title="bbox 0 0 1470 4574">
    <p class='ocr_par' dir='ltr' id='par_1_8' title="bbox 0 0 1470 4574">
     <span class='ocr_line' id='line_1_35' title="bbox 0 0 1470 4574; baseline 0 3"><span class='ocrx_word' id='word_1_290' title='bbox 0 0 1470 4574; x_wconf 95' lang='lat' dir='ltr'><strong> </strong></span> 
     </span>
    </p>
   </div>
  </div>
 </body>
</html>
