2992 4574
235 455 338 506 CAPUT
361 461 407 506 tl1.
429 459 471 504 D!
487 457 643 502 ΜΒΤΗΟΒΟ
665 457 702 502 nt
723 455 931 500 conclusurus
953 448 1119 500 lnutmrl.
1146 439 1211 501 389

167 559 277 647 bella,
296 559 363 630 sive
378 555 501 642 sames,
517 556 585 626 sive
610 553 686 625 coeli
708 552 920 623 inclementia
941 541 1099 645 grassanti
1113 555 1213 625 chris·

168 665 431 758 tianaesreligioni
446 663 633 757 persperbm
644 661 888 732 tribuebantur.
906 665 980 733 Non
993 661 1212 755 injucundum

168 778 232 848 erit
241 798 310 846 uno
319 774 494 845 oculorum
506 772 632 842 intuitu
642 793 787 857 cernere,
798 769 968 864 quomodo
978 769 1210 857 Tertullianus,

168 884 344 976 Origenes,
362 881 548 974 Cyprianus
563 892 597 949 ct
612 873 815 970 Augustinus
833 879 919 948 hanc
932 883 1140 970 Paganorum
1155 901 1212 949 oa-

167 990 328 1060 lumniam
341 986 533 1080 repulerint.
554 987 605 1058 Sic
616 987 716 1079 porro
731 983 951 1054 Tertullianus
970 1013 978 1056 ι

215 1125 232 1163 u
256 1095 342 1168 Ciam
357 1094 475 1188 probi,
501 1092 580 1164 crim
595 1092 676 1163 boui
699 1095 840 1177 coeunt,
863 1091 940 1161 edm
955 1089 1018 1184 pii,
1041 1090 1118 1162 edm
1133 1093 1214 1164 casti

166 1216 428 1296 congregantur,
454 1225 523 1272 uon
546 1213 594 1272 est
614 1199 717 1271 factio
740 1197 899 1285 dicenda,
925 1197 984 1269 sed
1006 1199 1107 1268 curia.
1135 1201 1214 1270 Ate

167 1312 334 1384 contrarib
348 1309 413 1381 illis
436 1333 560 1382 nomen
583 1308 735 1380 factionis
754 1307 1072 1378 accommodandum
1087 1322 1137 1380 est
1156 1310 1215 1403 qui

166 1423 204 1490 in
216 1418 331 1490 odium
345 1417 509 1489 bonorum
524 1430 558 1488 et
573 1417 756 1510 proborum
782 1415 986 1507 conspirant,
1010 1416 1070 1508 qui
1093 1396 1229 1487 adver-¹

166 1526 242 1618 siim
267 1527 460 1619 sanguinem
490 1524 719 1595 innocentium
740 1522 971 1608 conclamant,
998 1536 1214 1615 praetexentes

167 1634 246 1703 saue
259 1633 302 1703 ad
325 1631 393 1703 odii
408 1631 634 1702 defensionem
647 1629 738 1700 illam
760 1629 895 1724 quoque
910 1629 1100 1716 vanitatem,
1122 1630 1215 1724 quod

166 1740 352 1810 existiment
365 1740 471 1809 omnis
486 1737 630 1832 publicae
641 1737 766 1823 cladis,
784 1737 890 1807 omnis
904 1737 1072 1830 popularis
1086 1739 1215 1808 incom-

166 1847 259 1917 modi
272 1848 473 1920 Ghristianos
488 1869 557 1917 esse
571 1869 713 1917 causam.
726 1846 762 1916 Si
779 1843 902 1915 Tiberis
914 1844 1060 1918 ascendit
1076 1845 1119 1916 ad
1134 1869 1216 1916 moe-

166 1955 242 2041 nia,
261 1954 288 2023 si
307 1953 401 2025 Nilus
422 1977 492 2024 non
516 1952 663 2023 aseendit
680 1954 716 2022 in
740 1975 837 2039 arva,
861 1951 889 2022 si
914 1950 1037 2022 coelum
1056 1952 1166 2039 stetit,
1188 1952 1216 2021 si

84 2063 85 2067 ’
167 2077 254 2132 terra
269 2061 392 2148 movit,
410 2061 436 2131 si
458 2058 580 2147 sames,
604 2059 631 2130 si
652 2058 742 2145 lues,
760 2058 896 2128 statim:
922 2059 1153 2130 «Christianos
1170 2059 1213 2131 ad

168 2172 358 2236 Leonem.»
384 2173 505 2238 Tantos
530 2166 573 2236 ad
598 2168 729 2236 unum?
743 2167 811 2236 Oro
835 2188 911 2251 vos,
933 2166 1008 2236 ante
1026 2165 1211 2253 Tiberium,
1267 2181 1286 2200 '·

168 2273 298 2360 idest,
329 2287 405 2343 ante
429 2274 550 2345 Christi
576 2273 771 2358 adrentum,
799 2286 933 2365 quantae
964 2271 1073 2342 clades
1098 2275 1214 2344 orbern

167 2395 201 2451 et
225 2383 324 2451 urbes
348 2382 566 2451 cecideruntl-
580 2381 736 2473 Legimus
762 2376 1016 2472 Hieraunapen,
1038 2394 1072 2449 et
1093 2381 1211 2470 Delon,
1301 2469 1303 2474 Δ

167 2504 202 2560 et
224 2487 390 2575 Rhodon,
408 2503 442 2559 et
458 2491 506 2560 (lo
517 2489 640 2558 insulas
654 2486 767 2558 multis
789 2487 864 2558 crim
881 2486 1024 2556 millibus
1038 2489 1213 2559 hominum

167 2619 298 2690 pessum
327 2597 470 2667 abiisse:
495 2609 657 2666 memorat
686 2609 719 2664 et
744 2593 838 2665 Plato
865 2595 1023 2689 majorem
1049 2595 1134 2665 Asiae
1160 2593 1214 2667 vel
1286 2600 1287 2608 ’

155 2701 290 2787 ‚Africae
305 2718 427 2773 terram
451 2699 619 2772 Atlantico
637 2701 721 2769 mari
736 2715 905 2791 ereptam,
922 2702 979 2769 sed
994 2715 1028 2769 et
1043 2725 1133 2771 mare
1148 2705 1214 2774 Co-
1321 2711 1325 2718 '

166 2813 328 2882 cinthium
357 2826 452 2882 terrae
481 2823 592 2880 motus
615 2808 742 2894 ebibit,
772 2821 806 2877 et
830 2807 880 2878 vis
913 2805 1078 2876 undarum
1096 2813 1214 2901 ,Luca-

167 2919 390 2992 niamrltaliae
413 2919 588 2990 abscissam
601 2920 637 2987 in
661 2915 778 2987 Siciliae
804 2938 926 2985 nomen
942 2913 1109 3005 relegavit.
1135 2920 1216 2987 llaec
1333 3009 1345 3018 u

167 3030 284 3124 utique
304 3053 373 3100 non
394 3029 463 3098 sine
488 3028 607 3122 injuriat
623 3025 839 3095 incolentium
855 3022 1003 3094 accidere
1019 3025 1212 3117 potuerunt.

168 3137 232 3206 Ubi
246 3137 325 3208 verb
336 3151 434 3222 tunc,
452 3139 520 3205 non
530 3135 638 3204 dicam
654 3133 792 3203 deorum
807 3146 991 3203 vestrorum
1007 3147 1215 3226 contempto·

167 3269 219 3314 res
232 3246 430 3330 Christiani,
448 3244 504 3312 sed
519 3245 581 3336 ipsi
596 3244 643 3313 dii
658 3242 778 3326 vestri,
802 3241 879 3310 crim
901 3255 1009 3310 totum
1026 3241 1140 3310 orbem
1155 3265 1212 3312 ca-

167 3351 345 3442 taclysmus
368 3349 535 3421 abolevit?
550 3350 623 3435 vel,
641 3363 680 3418 ut
696 3347 791 3417 Pla-to
802 3348 942 3439 putavit,
961 3362 1141 3440 campestre
1163 3371 1214 3420 so·

166 3459 363 3530 lummodb?
379 3458 576 3529 Posteriores
592 3458 680 3526 enim
692 3453 765 3525 illos
778 3453 871 3524 clade
892 3453 1008 3523 diluvii
1023 3469 1212 3526 contestan-

167 3583 224 3638 tur
242 3569 321 3659 ipsae
336 3567 434 3636 urbes
448 3564 614 3658 inquibus
630 3565 698 3634 nati
713 3563 902 3656 mortuique
918 3577 1007 3649 sunt,
1020 3565 1116 3633 etiarn
1132 3587 1214 3657 quas

167 3673 410 3761 condiderunt,
444 3670 663 3764 nequeenim
691 3669 768 3740 alias
794 3669 991 3740 hodiernum
1019 3685 1211 3757 manerent,

58 3815 61 3826 t
167 3782 231 3852 nisi
247 3793 281 3849 et
295 3781 373 3872 ipsae
396 3781 581 3870 posthumae
596 3776 696 3846 cladis
708 3776 806 3846 illius.
829 3776 982 3850 Nondum
1001 3777 1156 3850 Judaeum
1171 3778 1214 3848 ab

169 3891 316 3980 AEgypto
345 3907 481 3954 examen
505 3885 677 3955 Palaestina
710 3896 918 3976 susceperat,
950 3906 1010 3952 nec
1047 3885 1115 3976 jam
1146 3882 1214 3952 illic

113 4021 120 4036 ·
169 3994 356 4064 'christianae
378 4003 476 4060 sectae
489 3991 581 4082 origo
600 3991 808 4076 consederat,
822 3989 899 4077 curn
917 3990 1063 4079 regiones
1078 3989 1119 4058 ad
1134 3990 1215 4058 fines
