2984 4580
228 436 329 483 caros
352 441 398 482 vr.
416 437 457 480 un
480 437 636 479 nurnono
653 437 686 478 ru
711 423 918 478 concionrsus
942 429 1108 478 annanias.
1136 415 1200 478 349

164 537 325 608 cationem
337 536 379 606 ab
390 533 526 604 insontia
542 562 550 604 ε
564 533 664 602 misce
676 554 753 600 cum
768 531 833 600 tuis
849 553 898 620 ea,
914 556 988 624 quae
998 533 1099 624 ipsius
1110 547 1199 620 sunt,

164 669 305 729 crucem,
324 643 534 734 sanguinem,
551 639 706 724 vulnera,
724 661 783 730 per
796 662 872 732 quac
888 640 968 708 salvi
984 638 1062 709 facti
1077 655 1199 711 sumus.

163 755 230 837 Ne,
253 774 385 845 quaeso,
407 750 507 840 longe
527 747 626 818 facias
646 748 665 815 a
686 769 739 814 me
754 747 993 838 protectionem
1016 762 1129 838 tuam,
1147 747 1204 818 sed

164 858 340 952 opitulare,
362 873 395 927 et
420 871 573 950 protege,
601 878 638 924 ac
657 856 776 947 praestd
794 854 836 924 sis
858 877 995 948 semper.
1018 856 1205 926 Debitorem

164 967 249 1036 enim
262 967 364 1036 habes
380 963 487 1050 illum,
505 963 564 1057 qui
579 961 681 1032 dixit:
703 959 863 1038 Honora
874 975 1020 1053 patrem
1037 977 1153 1050 tarum,
1172 977 1208 1032 et

164 1087 320 1144 matrem
338 1086 441 1141 taam
458 1075 481 1138 ¹.
498 1075 542 1139 Et
559 1070 802 1163 qnantbmagis
820 1071 908 1163 ipse,
926 1073 985 1165 qui
1002 1073 1087 1141 inter
1098 1095 1206 1143 servos

164 1178 325 1250 recenseri
336 1175 454 1264 voluit,
472 1177 611 1248 servabit
623 1177 769 1268 gratiam,
784 1179 1021 1274 propriumque
1036 1182 1207 1251 decretum

165 1302 293 1373 tecum,
316 1285 375 1379 qui
393 1286 428 1354 ei
443 1285 588 1354 ministra
602 1284 694 1354 fuisti
715 1287 932 1376 generationis
944 1285 990 1358 'ad
1006 1285 1206 1381 redemptio-

165 1397 264 1464 nem?
279 1387 378 1462 Unde
393 1391 657 1486 quoquehonori
673 1392 734 1460 sibi
750 1392 873 1462 ducens
885 1393 949 1462 tuis
968 1388 1208 1464 intercessioni-

165 1501 230 1571 bus
247 1499 438 1590 indulgere,
461 1499 560 1568 etiam
580 1498 683 1568 veluti
699 1499 827 1569 debitas
842 1499 958 1592 implet
977 1515 1049 1572 tuas
1065 1503 1209 1595 postula·

168 1609 285 1678 tiones.
299 1606 424 1692 Soldm,
438 1631 481 1675 ne
492 1605 649 1700 despicias
661 1607 852 1699 indignum,
871 1632 978 1702 neque
994 1633 1141 1680 mearum
1155 1637 1209 1682 ac·

166 1717 294 1786 tionum
317 1712 482 1787 foeditates
502 1729 595 1784 tuam
618 1716 810 1784 immensam
832 1717 1085 1787 misericordiam
1108 1720 1210 1790 inter-

165 1836 335 1916 rumpent,
350 1821 409 1890 Dei
417 1823 576 1908 Genitrix,
595 1845 706 1890 meum
717 1815 1208 1918 desiderabilissimum‘nomen3

165 1929 251 2000 nihil
263 1931 351 1998 enim
364 1943 413 1998 est
427 1928 553 1998 firmius
564 1943 737 2022 tropaeum,
752 1933 853 2022 quam
869 1945 964 2000 tuum
978 1933 1134 2004 auxilium
1147 1967 1156 2023 3
1173 1951 1211 2005 tu

165 2037 256 2106 enim
272 2033 420 2104 abtulisti
440 2059 553 2106 omnes
573 2033 732 2126 lacrymas
748 2037 767 2104 a
789 2034 872 2106 facie
891 2051 1002 2128 terrae3
1023 2053 1061 2109 tu
1081 2056 1211 2111 creatu·

166 2167 239 2214 ram
261 2141 392 2234 replesti
412 2144 503 2212 omni
523 2167 642 2234 genere
662 2144 830 2230 beneficii,
853 2143 1040 2216 coelestibus
1063 2147 1212 2218 laetitiam

166 2247 323 2335 attulisti,
340 2248 505 2318 terrestria
520 2248 661 2334 salvasti,
675 2250 871 2340 figmentum
887 2253 1037 2338 mutasti,
1055 2255 1212 2348 artifieem

89 2435 90 2445 ,
166 2354 327 2448 placasti,
345 2352 477 2444 angelos
498 2352 676 2440 demisisti,
698 2355 848 2424 homines
863 2357 1030 2442 exaltasti,
1049 2359 1214 2451 superiora

168 2473 273 2558 atque
296 2459 450 2550 inferiora
473 2486 532 2556 per
548 2478 580 2532 te
602 2465 705 2556 ipsam
730 2463 925 2550 conciliasti,
951 2466 1074 2558 optima
1088 2454 1215 2561 praepa·

167 2574 261 2658 rasti,
279 2585 412 2641 mutans
427 2573 538 2642 omnia
553 2573 588 2640 in
605 2572 738 2662 melius,
753 2595 812 2665 per
826 2585 860 2640 te
876 2576 1120 2646 resurrectionis
1136 2601 1214 2647 nos-

168 2694 230 2751 trae
248 2693 404 2748 tesseram
413 2678 624 2746 certissimam
636 2692 803 2768 tenemus3
814 2703 872 2770 per
882 2695 915 2748 te
927 2682 1060 2750 coeleste
1075 2708 1216 2775 regnum

167 2809 232 2857 nos
245 2797 480 2855 consecuturos
497 2807 564 2853 esse
579 2807 768 2875 speramus,
786 2797 819 2852 te
831 2799 951 2854 nostrae
963 2785 1074 2857 salutis
1087 2790 1216 2858 auxilia-

168 2898 294 2966 tricem
316 2893 501 2980 habemus,
523 2907 556 2962 te
576 2893 835 2963 Christianorum
861 2908 967 2964 coetus
996 2897 1216 2967 firmissimum

170 3023 311 3072 murum
326 2999 486 3092 possidet,
504 3014 542 3069 tu
557 2998 696 3092 paradisi
709 2999 847 3071 claustra
863 3002 1031 3095 aperuisti,
1049 3018 1086 3074 tu
1103 3029 1215 3074 ascen·

171 3131 248 3176 sum
268 3105 313 3174 ad
326 3105 429 3174 coelos
441 3105 646 3199 praeparasti,
668 3121 706 3176 tu
721 3107 805 3176 Filio
820 3122 891 3192 tuo,
910 3123 942 3178 et
959 3113 1026 3179 Deo
1038 3111 1217 3204 adoptasti,
1245 3123 1247 3126 ’

170 3240 234 3310 per
253 3230 290 3284 te
313 3213 420 3283 omnis
441 3213 567 3302 gloria,
593 3216 700 3285 honor
722 3230 755 3283 et
778 3217 931 3286 sanctitas
951 3219 997 3302 ,ab
1020 3220 1091 3310 ipso
1113 3221 1219 3310 primo

172 3327 354 3406 Adampet
374 3321 479 3414 usque
500 3321 542 3388 ad
563 3323 878 3394 consummationem
893 3324 1016 3392 saeculi.
1034 3327 1218 3417 Apostolis,

174 3427 365 3524 prophetiS,
380 3427 494 3520 justis,
512 3442 545 3496 et
560 3427 741 3496 humilibus
756 3429 875 3512 corde,
899 3429 968 3499 sola
987 3431 1220 3504 immaculatis-

176 3539 285 3622 sima,
304 3535 449 3604 derivata
464 3547 528 3621 est,
546 3534 712 3604 derivatur
734 3559 771 3606 ac
787 3535 1006 3624 derivabitur,
1025 3553 1124 3632 atque
1139 3541 1175 3610 in
1189 3556 1222 3612 te

178 3643 324 3739 gaudet,
340 3644 443 3734 gratia
459 3642 575 3736 plena,
595 3643 700 3713 omnis
715 3657 874 3714 creatura.
891 3649 934 3713 Et
946 3667 1006 3735 ego
1021 3647 1056 3714 in
1070 3659 1104 3716 te
1119 3651 1224 3718 confi-

178 3752 225 3824 do
241 3763 378 3844 propter
399 3763 450 3836 te,
469 3776 543 3845 quae
565 3751 730 3821 verissima
754 3751 937 3822 secundum
953 3779 1085 3824 carnem
1107 3779 1223 3828 verum

178 3859 290 3932 Deum
306 3856 479 3949 peperisti,
494 3859 548 3928 cui
563 3859 715 3931 convenit
731 3860 835 3930 omnis
850 3861 973 3953 gloria,
986 3863 1108 3951 honor,
1125 3879 1224 3961 atque

219 4001 228 4026 1
243 3983 338 4040 Mallh.
351 3994 404 4048 mx,
420 4001 459 4052 19.
