2930 4582
184 433 286 478 carun
309 437 355 478 vr.
374 435 415 480 nn
433 435 590 478 unrnouo
613 436 648 480 ru
671 437 879 490 sanctoninus
903 435 1069 482 aunrsrrt.
1095 423 1160 484 ate

118 532 218 628 quam
229 545 416 602 nasceretur
422 553 491 602 non
502 545 584 616 erat,
602 544 635 598 et
646 529 739 624 quod
753 530 795 600 de
806 556 875 602 non
887 533 1075 604 extantibus
1090 533 1160 606 sac·

118 653 170 710 tus
186 653 246 728 est,
261 637 315 709 vel
334 662 373 708 ex
386 637 450 708 alisi
472 637 655 707 substantia
671 650 728 706 aut
742 638 900 723 essentia,
918 638 1062 708 dicentes
1077 663 1159 712 con-

117 745 300 816 vertibilem
331 759 365 816 et
393 742 632 814 demutabilem
659 747 798 814 Deum:
822 743 883 814 bos
910 747 1160 820 anathematizat

117 851 277 924 catholica
292 851 450 922 Ecclesia.
470 878 487 916 u

147 964 250 1032 »Non
261 961 316 1030 bic
325 959 526 1029 sanctissima
536 956 916 1048 religiosorumtirorum
927 960 1079 1049 synodus
1091 949 1162 1030 nes·

116 1070 167 1140 cio
182 1092 283 1162 quam
304 1069 467 1160 priorem,
491 1089 567 1158 quae
586 1066 623 1134 in
642 1065 725 1136 duos
746 1064 924 1153 divisasit,
943 1068 1160 1142 substantiam

115 1176 311 1260 introducit,
329 1173 386 1242 sed
402 1171 524 1242 Filium
543 1185 657 1248 natum
673 1173 715 1242 de
730 1173 913 1244 substantia
926 1178 1039 1245 Patris.
1055 1180 1162 1247 Num·

114 1281 198 1376 quid
213 1295 247 1349 et
262 1271 323 1348 nos
331 1279 507 1369 negamus?
522 1292 580 1348 aut
594 1277 676 1371 quid
691 1277 782 1348 aliud
797 1282 1017 1352 confitemur?
1032 1287 1076 1352 Et
1087 1297 1162 1375 post

116 1402 254 1458 caeteras
276 1386 458 1456 communis
478 1384 555 1464 fidei
574 1385 792 1478 expositiones
816 1388 861 1457 ait
889 1417 896 1457 :
918 1393 1076 1459 «Natum
1093 1413 1161 1460 non

113 1483 262 1580 sactum,
277 1495 375 1564 unius
389 1492 579 1563 substantiae
599 1515 675 1564 cum
695 1499 802 1578 Patre,
822 1493 914 1588 quod
927 1496 1031 1586 graece
1045 1496 1162 1566 dicunt

116 1600 340 1670 homousion.
361 1625 377 1662 a
391 1601 471 1681 Quae
490 1599 544 1668 hic
567 1599 692 1669 vitiosae
707 1599 932 1696 intelligentiae
952 1603 1078 1672 occasio
1094 1607 1162 1672 esti

112 1711 218 1778 Natus
234 1693 301 1776 esse
316 1705 358 1774 de
374 1706 557 1804 substantii
576 1706 680 1776 Patris
693 1707 814 1794 Filius,
834 1733 902 1778 non
918 1707 1021 1778 sactus
1038 1709 1160 1801 praedi-

111 1826 208 1882 catur
228 1835 296 1882 :ne
310 1811 462 1880 nativitas
483 1811 683 1899 divinitatis,
701 1811 829 1882 factura
845 1815 887 1882 sit
906 1816 1088 1884 creationis.
1109 1816 1161 1884 Id·

110 1921 200 1990 circd
215 1933 327 1990 autem
343 1947 385 1990 :a
396 1919 499 1988 Unius
510 1919 724 1998 substantiae:
740 1947 756 1986 a
775 1945 844 1990 non
852 1935 891 1991 ut
902 1945 988 1991 unus
1006 1922 1160 1992 subsistat

112 2042 172 2098 aut
186 2026 288 2114 solus,
306 2025 364 2095 sed
379 2040 418 2095 ut
430 2050 468 2094 ex
479 2027 660 2096 substantia
673 2028 732 2096 Dei
743 2043 839 2100 natus
852 2052 920 2098 non
932 2028 1066 2098 aliunde
1083 2030 1163 2098 sub-

112 2136 217 2221 sistat,
232 2157 341 2226 neque
356 2147 396 2202 ut
410 2134 445 2202 in
455 2133 565 2226 aliqud
578 2132 763 2204 dissidentis
773 2136 965 2206 substantiae
977 2137 1163 2208 diversitate

112 2241 280 2312 subsistat.
301 2244 370 2308 Aut
385 2239 550 2332 numquid
566 2263 634 2308 non
648 2240 719 2309 baec
735 2241 816 2310 fides
835 2256 946 2314 nostra
961 2255 1021 2328 est,
1039 2256 1162 2314 utnon

112 2347 249 2417 aliunde
265 2346 436 2432 subsistat,
455 2368 564 2438 neque
576 2345 667 2439 quod
687 2346 885 2417 indissimilis
901 2349 1074 2418 subsistat?
1095 2337 1164 2418 Aut

111 2455 206 2525 aliud
217 2454 271 2524 hic
286 2467 424 2524 testatur
437 2450 662 2541 homousion,
672 2456 772 2548 quiam
786 2467 824 2524 ut
838 2479 904 2526 una
920 2469 1019 2549 atque
1030 2455 1163 2526 indissi-

110 2561 200 2631 milis
211 2561 317 2630 duum
329 2562 370 2629 sit
382 2559 563 2629 secundbm
576 2573 702 2630 naturae
714 2562 906 2653 progeniem
919 2561 1067 2648 essentia,
1084 2565 1163 2657 quia
1251 2570 1254 2574 ’

110 2670 253 2740 essentia
269 2669 345 2738 Filii
361 2669 486 2736 nonsit
502 2667 658 2738 aliunde?
674 2695 750 2760 quae
763 2671 840 2762 quia
856 2670 989 2748 aliunde
1008 2694 1077 2740 non
1094 2687 1160 2758 est,

111 2781 214 2849 unius
230 2778 319 2848 recte
335 2799 403 2844 esse
418 2775 518 2844 ambo
534 2775 709 2844 credentur
728 2777 898 2866 essentiae3
915 2778 992 2869 quia
1007 2779 1163 2848 substan·

112 2888 197 2956 tiam
213 2884 391 2954 nativitatis
412 2881 514 2953 Filius
529 2906 597 2954 non
611 2883 733 2954 babeat
747 2883 809 2954 nisi
822 2883 864 2952 de
882 2898 1028 2976 paternae
1047 2899 1178 2956 aucto--

112 2995 211 3066 ritate
228 3007 355 3062 naturae
368 2993 393 3060 1.
403 3018 419 3056 u

162 3101 214 3170 Sic
230 3115 263 3168 et
274 3101 478 3189 Augustinus
490 3101 606 3169 contra
616 3101 829 3170 Cresconium
841 3101 1039 3171 donatistam
1050 3123 1161 3194 agens,

112 3207 172 3302 qui
188 3206 237 3275 illi
254 3206 473 3300 exprobrabat
487 3207 645 3298 sacrilegii
657 3221 769 3278 notam
786 3209 856 3300 ejus
871 3209 1036 3278 erroribus
1055 3207 1165 3278 incul-
1244 3195 1246 3198 ⁵

114 3328 236 3392 catam,
253 3315 298 3382 sic
314 3312 500 3402 Bagaiensis
517 3313 657 3384 concilii
667 3314 891 3383 testimonium
905 3317 1037 3385 invocat
1053 3345 1060 3385 :

164 3452 180 3488 a
189 3426 244 3492 Me
259 3420 481 3514 disputatione
490 3419 547 3488 tuis
556 3444 624 3488 non
635 3420 679 3488 ob
695 3418 786 3487 aliud
802 3421 1008 3510 arguendum
1024 3421 1164 3490 arbitra·

114 3542 168 3598 tus
184 3552 230 3612 es,
245 3527 308 3596 nisi
320 3528 397 3620 quia
410 3539 568 3596 vestrum
583 3524 649 3594 dixi
658 3523 877 3621 sacrilegum
890 3549 1057 3608 errorem.
1078 3530 1164 3614 Lege
1228 3608 1230 3612 ¹

115 3637 194 3728 ergb
213 3641 390 3725 Bagaicnse
406 3632 603 3704 Concilium.
629 3635 754 3725 Nempe
773 3634 833 3702 ista
854 3633 921 3701 illic
946 3633 1050 3724 prima
1067 3633 1166 3702 verba

115 3755 192 3812 sunt
211 3771 218 3809 :
240 3770 256 3807 a
274 3740 360 3812 etun
377 3739 618 3833 Omnipotentis
639 3740 698 3808 Dei
715 3754 748 3808 et
762 3739 882 3810 Christi
903 3741 973 3832 ejus
991 3737 1165 3820 Salvatoris

152 3901 160 3926 ¹
176 3894 202 3941 S.
217 3888 291 3939 Hilar.
308 3888 338 3938 de
356 3887 444 3951 Synod.
464 3903 489 3937 n.
511 3885 553 3952 ⁸l·
