2930 4582
302 395 366 462 262
457 414 636 462 annuorum
659 412 685 461 s.
711 413 864 476 struunt,
890 414 967 462 atas
990 418 1037 477 ιι,
1063 412 1155 462 tuom·
1172 417 1197 460 r.

298 517 397 600 nibus
419 537 458 584 ex
481 513 653 605 hllegoriis
678 514 779 605 gratia
802 514 904 604 possit
929 537 1114 604 emergere3
1136 515 1190 582 hae
1211 515 1339 590 tantum

301 635 471 692 serventur
480 621 600 710 regulae
613 621 814 690 hVeteribus
827 621 989 711 sapienter
1001 622 1146 690 traditae:
1160 625 1205 688 1⁰.
1217 635 1253 690 ut
1263 621 1340 691 faci·

298 731 363 815 les,
375 753 443 797 non
455 727 893 813 coactae,verisimiles,non
903 727 1017 796 alienae
1025 727 1216 817 videantur3
1236 730 1338 800 inhoc

210 877 213 884 -
298 838 387 906 enim
400 836 546 928 peccavit
557 836 725 925 Origenes,
746 863 761 900 a
774 837 844 928 qui,
857 849 895 903 ut
909 836 953 904 ait
964 839 995 905 S.
1016 837 1249 926 Hieronymus,
1262 836 1339 906 libe·

280 1002 283 1007 .
298 944 340 1012 ris
357 942 479 1034 campis
495 940 667 1032 Allegoriae
681 955 839 1030 vagatur,
857 955 891 1010 et
913 941 1133 1034 interpretatis
1155 945 1339 1012 nominihus
1434 1007 1441 1032 ⁴

299 1048 517 1140 singulorum,
529 1048 697 1137 ingenium
715 1071 812 1116 suum
823 1048 902 1116 l'acit
912 1047 1064 1118 Ecclesiae
1083 1065 1284 1118 sacramenta
1299 1082 1308 1139 3
1321 1079 1334 1114 n

299 1182 367 1251 quo
396 1158 517 1248 pariter
541 1157 637 1240 vitio,
664 1169 701 1223 ut
724 1179 784 1254 suo
809 1155 883 1224 loco
903 1150 1054 1224 notatum
1081 1165 1148 1240 est,
1171 1156 1339 1227 laborave-

298 1279 378 1333 runt
395 1263 527 1355 plurimi
552 1288 590 1330 ex
612 1263 731 1332 sanctis
756 1263 923 1348 Patribus,
946 1287 1088 1355 quorum
1115 1249 1251 1333 menda‘s
1275 1284 1338 1333 non

298 1371 407 1440 mimis
429 1369 542 1461 fugere
557 1369 728 1455 dehemus,
746 1372 845 1462 quhm
859 1369 952 1438 dotes
965 1371 1097 1459 imitari3
1116 1379 1162 1439 2⁰.
1176 1385 1215 1439 ut
1231 1371 1273 1440 ad
1286 1395 1338 1440 ex-

297 1476 451 1570 plicanda
467 1477 596 1545 tautirm
612 1477 783 1565 mysteria,
800 1474 1077 1568 elucidandasque
1093 1497 1224 1545 morum
1244 1497 1338 1568 regu-

299 1583 363 1670 las,
384 1604 453 1652 non
473 1596 583 1652 autem
599 1582 641 1651 ad
658 1583 851 1674 ,probandas
874 1582 1050 1652 catholicas
1071 1583 1222 1652 veritates
1247 1583 1339 1653 adhi-

299 1693 453 1777 beantur,
471 1692 533 1759 nisi
545 1691 598 1760 rel
612 1691 682 1782 ipsd
699 1691 866 1781 Scriptura
878 1691 979 1774 sacrat,
997 1689 1048 1758 vel
1065 1692 1230 1760 constanti
1243 1691 1341 1762 tradi·

299 1797 389 1866 tione
410 1797 603 1866 inconcussa
628 1796 813 1865 stabiliatur
833 1796 1069 1887 interpretatio.
1098 1796 1232 1886 lnlirma
1257 1797 1341 1866 cuim

299 1927 359 1996 per
370 1927 403 1972 se
414 1902 456 1971 ad
473 1901 762 1972 demonstrandam
778 1902 948 1972 veritatem
964 1901 1140 1993 hllegoria,
1160 1904 1341 1994 argumenti

298 2010 366 2080 vim
381 2010 552 2078 desumere
568 2029 635 2078 non
650 2022 768 2100 potest,
787 2009 848 2078 nisi
864 2009 907 2078 ab
923 2012 1075 2078 extranea
1092 2011 1297 2080 auctoritate.

347 2121 409 2183 lll.
431 2115 767 2208 SequiturNarratio,
786 2117 993 2208 quaedicitur
1005 2117 1203 2208 parabolica.
1219 2147 1235 2184 α
1247 2111 1342 2189 Para·
1450 2197 1451 2224 p

301 2222 379 2292 bola
389 2221 780 2314 autemdicitur,quandd
788 2221 886 2292 datur
894 2223 1074 2293 similitudo
1084 2224 1126 2292 de
1136 2225 1342 2319 aliquooujus

301 2329 505 2422 supposititia
518 2329 637 2398 teritur
648 2330 813 2398 historia¹.
828 2335 1001 2410 »Quarum
1019 2321 1154 2423 quidem
1173 2329 1342 2401 Parabola-

303 2459 377 2504 rum
391 2459 488 2504 usum
498 2439 516 2504 h
526 2437 703 2504 christiano
714 2438 851 2504 Oratore
860 2435 1005 2528 legitime
1016 2449 1050 2505 et
1061 2437 1187 2505 utiliter
1196 2438 1343 2506 adhiberi

185 2603 188 2607 .
300 2565 394 2634 posse
407 2554 546 2623 constat,
565 2541 637 2608 tirm
653 2541 779 2609 Veteris
793 2543 991 2610 Testamenti
1004 2543 1171 2634 exemplis,
1184 2545 1257 2612 tirm
1269 2567 1343 2636 prae·

302 2646 413 2715 sertim
426 2645 546 2714 Christi
562 2645 662 2736 ipsius
677 2646 926 2733 consuetudine,
942 2650 1000 2741 qui
1016 2649 1141 2741 populo
1152 2650 1342 2743 plerumque

301 2753 337 2821 in
352 2750 516 2821 Parabolis
528 2751 737 2845 loquebatur.
756 2757 823 2825 Nec
835 2755 997 2824 immerito
1006 2809 1017 2841 ,
1036 2755 1110 2823 crim
1129 2757 1342 2826 ratiocinandi

302 2858 418 2952 partim
434 2883 535 2950 capax
549 2857 743 2957 multitudo,
760 2859 918 2928 Parabolb
935 2862 1161 2931 vehementihs
1177 2867 1279 2955 quam
1294 2887 1342 2932 ar-

303 2977 461 3056 gumento
479 2977 661 3031 moveatur.
681 2965 766 3031 Hinc
779 2979 811 3032 et
823 2965 883 3054 ipsi
909 2968 1031 3059 Pagani
1050 2967 1121 3036 illas
1141 2970 1340 3064 quandoque

302 3071 526 3140 adhibuerunt
543 3068 584 3137 ad
599 3070 788 3139 excitandos
804 3071 908 3162 plebis
921 3075 1058 3159 animos,
1073 3090 1111 3144 ut
1126 3090 1219 3167 patet
1234 3101 1273 3144 ex
1286 3101 1342 3145 no·

301 3176 422 3245 tissima
447 3174 503 3242 itte
518 3176 741 3244 membrorum
765 3191 798 3246 et
821 3180 980 3247 stomachi
1008 3169 1241 3251 similitudine.
1275 3187 1342 3252 Hoc

303 3305 408 3352 unum
424 3281 505 3348 mihi
517 3280 704 3350 mirandum
717 3282 864 3369 videtur,
884 3285 981 3377 quod·
995 3286 1047 3356 via
1064 3286 1119 3355 illa
1135 3291 1154 3356 a
1172 3288 1340 3380 Prophetis

302 3390 499 3482 Christoque
511 3390 581 3481 ipso
593 3405 716 3482 aperta,
731 3393 969 3485 *asequentium
983 3405 1118 3462 aetatum
1132 3395 1340 3487 scriptoribus
1448 3411 1449 3418 ’

300 3523 369 3568 non
385 3497 579 3588 magis'trita
595 3495 706 3564 fuerit.
726 3503 834 3567 Pauca
850 3503 939 3568 enim
957 3501 1040 3568 inter
1054 3505 1213 3570 Doctores
1230 3523 1338 3570 earum
1448 3503 1449 3530 ¹

299 3603 449 3693 exempla
471 3602 697 3692 reperiuntur,
719 3601 794 3671 ideo
810 3602 911 3690 sorte,
934 3606 1011 3698 quia
1035 3621 1068 3674 et
1087 3606 1163 3674 crim
1189 3605 1339 3692 adversirs

297 3711 468 3778 haereticos
481 3707 696 3798 disputarent,
715 3731 783 3776 non
796 3708 973 3802 Parabolis,
999 3711 1055 3780 sed
1071 3713 1271 3801 argumentis
1289 3735 1335 3779 res
1387 3800 1391 3810 Ι

295 3913 298 3920 ἡ
336 3865 344 3891 ¹
357 3859 381 3905 S.
393 3859 490 3920 August.
506 3859 606 3932 Enarrat
617 3855 641 3904 in
653 3855 712 3904 Psal.
730 3873 811 3919 atriu,
826 3859 903 3907 Serm.
917 3875 936 3919 1,
952 3874 975 3906 n.
990 3858 1029 3909 15.
