2984 4580
309 406 373 468 332
455 415 635 464 armonica
658 415 685 462 s.
711 415 863 480 utrumn,
888 414 966 464 arus
988 418 1031 481 ιι,
1056 419 1140 465 sacra
1166 423 1191 464 r.

307 523 406 606 latur,
421 519 551 614 siquod
566 517 686 590 colitur
697 531 847 588 sanctum
859 533 923 605 est,
942 519 1027 590 sicut
1043 517 1127 589 nihil
1138 521 1274 592 interest
1288 545 1346 616 pro

308 627 435 697 diversi
448 625 636 745 linguarum
655 622 910 744 auditorumque
925 627 1159 716 congruentia,
1178 629 1280 720 qu¹am
1296 629 1343 697 di·

283 795 288 802 .
307 734 406 805 versis
421 733 507 803 sonis
522 732 669 816 dicatur,
687 753 715 810 ιι
704 730 820 824 quod
836 723 957 801 dicitur
971 755 1086 802 rerum
1103 733 1273 804 est:·d1im
1285 737 1346 806 hoe

308 842 385 912 sane
408 840 553 926 intersit,
576 837 667 959 quod
696 837 819 930 linguae
838 861 951 927 sonos,
980 840 1134 934 quibus
1124 855 1211 910 mter
1235 865 1346 913 sesua

308 969 401 1016 sensa
417 931 675 1031 communicent,
693 945 792 1014 etiam
812 945 960 1022 homines
975 960 1072 1038 pacto
1086 945 1231 1040 quodam
1248 950 1347 1018 socie-

307 1057 383 1126 tatis
398 1055 489 1124 sibi
480 1055 651 1124 instituere
665 1067 822 1145 possunt·
840 1054 961 1146 quibus
986 1069 1095 1125 autern
1116 1056 1214 1124 sacris
1229 1056 1347 1127 divini-

191 1255 194 1261 Δ
308 1163 367 1232 tati
381 1145 622 1253 congruerent,
642 1158 846 1230 voluntatem
870 1159 930 1258 Dei
945 1162 1048 1230 secuti
1067 1175 1165 1248 sunt,
1186 1187 1246 1256 qm
1236 1163 1347 1258 recti
1387 1221 1391 1226 ,

307 1268 497 1367 sapudrunt.
515 1271 597 1349 Quae
613 1265 748 1336 omnino
763 1267 935 1366 nunqulrm
950 1265 1058 1336 defuit
1072 1267 1114 1337 ad
1129 1267 1269 1337 salutem
1278 1271 1347 1362 jus-

307 1375 387 1445 titiae
403 1373 583 1466 pietatique
597 1371 798 1457 mortalium,
813 1385 846 1442 et
861 1373 888 1442 si
902 1395 967 1465 qua
980 1373 1016 1441 in
1031 1367 1103 1442 aliis
1119 1387 1217 1468 atque
1229 1374 1266 1442 in
1280 1375 1345 1444 aliis

307 1479 453 1586 populis,
467 1479 535 1549 unt
552 1477 733 1571 eademque
753 1478 910 1570 religione
930 1479 1057 1549 sociatis
1071 1479 1160 1550 varie
1177 1479 1347 1551 celebrum·

307 1602 362 1658 tur
369 1585 558 1680 ,quatenus
577 1585 634 1654 fiat
650 1583 830 1678 plurimum
845 1583 961 1672 relert,
981 1587 1049 1678 qud
1070 1599 1104 1654 et
1124 1589 1269 1656 humana
1292 1611 1347 1657 ex-

306 1697 458 1764 hortetur
471 1693 526 1764 vel
540 1691 699 1763 toleretur
714 1693 903 1778 infirmitas,
921 1706 954 1762 et
963 1691 1075 1763 divina
1091 1716 1160 1764 non
1175 1717 1346 1830 oppugne-

306 1815 363 1872 tur
374 1799 592 1870 auctorrtas

351 1906 507 2010 Ejusdem
529 1827 654 1997 genelis
678 1905 885 1974 ratiocinium
914 1853 1056 1975 hahetur
1078 1905 1167 1998 apud
1194 1907 1347 1976 eumdem

306 2015 544 2104 Augustinum,
569 2012 614 2081 sic
634 2010 803 2081 vindicans
827 2011 948 2084 Christi
971 2011 1221 2082 humilitatem
1212 2037 1248 2082 m
1263 2019 1347 2106 Bap-

306 2121 402 2190 tismo
419 2119 555 2189 loannis
572 2120 687 2188 contri
706 2141 761 2188 cos
780 2141 838 2212 qur
828 2117 1008 2187 'dicebant
1026 2147 1034 2188 ι
1055 2145 1072 2184 ιι
1086 2120 1177 2211 Opus
1201 2125 1346 2191 eratllo-

306 2227 398 2298 mino
410 2223 586 2319 baptizarit
598 2251 614 2290 ιι
628 2247 711 2318 quos
725 2225 772 2294 ita
785 2222 906 2296 relellit
924 2253 932 2294 ι

346 2361 363 2402 ι
372 2337 416 2404 Et
430 2356 490 2424 ego
503 2333 708 2426 interrogans
721 2333 787 2404 cito
803 2329 1004 2424 respondeo:
1018 2333 1110 2424 Opus
1125 2347 1196 2404 erat
1206 2335 1346 2405 Domino

306 2441 414 2510 nasci?
424 2463 506 2533 opus
515 2453 585 2509 erat
594 2439 734 2510 Domino
750 2437 1081 2531 crucifigi‘lopuserat
1092 2441 1234 2510 Domino
1244 2443 1347 2511 morit
1364 2485 1366 2489 -

306 2568 389 2638 opus
401 2559 470 2614 erat
480 2545 620 2614 Domino
632 2544 783 2636 sepeliri?
798 2544 831 2614 Si
843 2546 919 2634 ergo
931 2555 1056 2614 tantam
1068 2567 1129 2638 pro
1139 2547 1234 2618 nobis
1244 2571 1346 2616 susce·

306 2651 594 2745 prthumrlrtatem,
603 2651 804 2744 baptismum
813 2673 882 2719 uon
893 2665 963 2720 erat
975 2652 1256 2746 suscepturulet
1267 2655 1347 2748 quid

306 2759 442 2854 profuit,
457 2783 534 2854 quia
540 2773 681 2852 suscepit
693 2758 893 2851 baptismum
906 2761 1012 2830 servi?
1024 2773 1062 2830 ut
1070 2773 1109 2829 tu
1116 2785 1185 2832 non
1194 2760 1347 2902 dedigna-

305 2869 384 2938 reris
400 2869 562 2960 suscipere
574 2866 773 2958 baptismum
791 2867 964 2936 D0m1n12
984 2893 1001 2932 ιι

352 2985 389 3044 ιι
394 2977 407 3016 ⁰
430 2971 690 3047 Simili'tudmes
705 2973 747 3041 ad
767 2972 1031 3042 confirmandum
1046 2987 1104 3043 aut
1126 2973 1344 3045 evolvendum

305 3093 536 3172 argumentum
563 3101 632 3147 non
661 3080 734 3147 raro
763 3079 896 3170 insuper
927 3078 1016 3171 apud
1045 3092 1175 3150 'sanctos
1207 3075 1344 3151 (ιοιιιιο-ι

304 3195 434 3257 aratores
445 3184 685 3277 excogitantur.
703 3185 865 3254 Omnibus
881 3187 957 3255 sane
974 3199 1072 3256 notus
1087 3201 1136 3256 est
1146 3186 1344 3258 admirabilis

304 3291 361 3363 ille
378 3291 632 3362 similitudinum
651 3305 845 3384 congestus,
868 3315 969 3385 quem
990 3293 1079 3386 apud
1102 3308 1255 3364 sanctum
1276 3298 1344 3384 Cy-

304 3403 457 3496 prianum
471 3399 609 3492 legimus
628 3429 649 3472 :·

351 3538 367 3576 ιι
391 3508 536 3580 Ecclesia
551 3531 618 3591 una
634 3522 700 3594 est,
718 3531 793 3601 quac
811 3507 847 3576 in
862 3505 1109 3576 multitudinem
1120 3505 1218 3578 latids
1236 3507 1346 3577 incree

302 3631 416 3688 mento
448 3614 673 3686 foecunditatis
705 3613 902 3682 extenditur.
933 3613 1108 3696 Quomodo
1144 3615 1221 3685 solis
1248 3614 1344 3684 multi

302 3725 401 3810 radii,
416 3721 474 3792 sed
488 3723 602 3792 lumen
617 3741 722 3789 unum
742 3749 750 3788 :
767 3733 801 3788 et
812 3721 893 3790 rami
909 3721 1032 3791 arboris
1048 3721 1156 3807 multi,
1174 3722 1233 3790 sed
1244 3722 1344 3792 robur

305 3853 412 3902 unum
427 3829 535 3900 tenaci
549 3827 658 3896 radice
677 3824 854 3896 fundatum
873 3840 929 3898 :et
945 3825 1019 3896 cirm
1036 3825 1079 3897 de
1093 3824 1186 3898 fonte
1200 3851 1270 3898 uno
1285 3827 1344 3899 rivi

342 3968 351 3996 ¹
370 3961 395 4011 S.
407 3961 507 4024 August.
522 3956 598 4026 Epist.
611 3973 651 4024 cu,
662 3972 688 4008 u·
700 3973 727 4024 9,
747 3973 785 4010 ro.
798 3981 830 3998 ···
844 3956 903 4010 ¹1d.
916 3957 997 4011 Tract.
1007 3971 1041 4023 ιι,
1050 3956 1154 4010 intoan.
1167 3973 1191 4008 n.
1208 3956 1250 4009 13.
