2930 4582
303 442 367 502 260
450 449 629 500 anurorrct
652 451 679 496 ε.
705 450 858 513 errauit,
884 449 961 498 atas
983 457 1034 515 11,
1058 454 1144 500 sacr.
1169 456 1193 497 1.

300 557 381 624 tiam
401 555 477 639 Dei,
495 578 557 623 nec
584 553 626 622 de
650 552 814 644 prioribus
834 552 970 644 justitiae
986 555 1109 623 meritis
1135 553 1212 624 vere
1233 566 1336 645 potest

253 727 256 734 .
299 662 474 755 quisquam
490 659 662 752 gloriari...
679 661 840 752 Aquibus
855 661 956 752 coepit
971 660 1127 746 Ecclesia,
1143 661 1223 730 boni
1235 676 1334 748 erant,
1401 737 1405 750 ,

299 782 334 837 et
344 769 412 836 sin'e
424 767 632 836 simulatione
642 764 841 856 diligebant,
855 768 969 858 poste‘a
981 766 1146 836 simulatio
1155 767 1337 860 coepitope·

300 874 364 944 rari
379 875 415 942 in
427 871 572 942 Ecclesid
589 901 596 942 :
611 885 644 940 et
655 872 729 940 ideo
744 871 876 942 dilectio
888 873 978 964 prior
991 874 1128 965 peperit.
1149 872 1273 944 Triduo
1287 898 1337 944 au·

299 993 368 1049 tem
390 981 493 1072 major
512 992 561 1047 est
581 976 708 1046 fructus
726 975 927 1064 dilectionis,
946 991 984 1046 ut
1002 980 1071 1071 jam
1090 980 1192 1072 possit
1215 980 1338 1070 agnosci

300 1085 515 1170 continentia,
528 1098 562 1152 et
565 1083 703 1177 justitia,
718 1095 752 1150 et
765 1085 947 1176 expectatio
957 1082 1156 1154 futurorum.
1172 1086 1337 1156 Simulatio

299 1194 378 1266 vero
401 1192 460 1261 etsi
486 1191 666 1283 pepererit,
690 1186 803 1274 idest,
821 1190 946 1260 etiamsi
967 1189 1009 1260 ad
1035 1192 1191 1284 exiguum
1214 1208 1336 1286 tempus

300 1312 509 1393 peccatorum
526 1295 714 1365 remissione
726 1293 836 1364 laetata
851 1296 968 1383 fuerit,
982 1301 1141 1391 tanquam
1153 1323 1269 1368 somno
1281 1323 1336 1368 sae·

281 1395 416 1475 'cularis
428 1402 617 1496 cupiditatis
632 1423 796 1493 oppressa,
809 1401 886 1471 ciam
898 1402 940 1471 de
952 1427 1009 1495 spe
1022 1403 1206 1474 coelestium
1216 1406 1337 1498 dejecta

297 1512 510 1606 praemiorum
526 1509 562 1576 in
578 1522 739 1576 terrenam
756 1509 902 1599 requiem
916 1525 1049 1601 gravato
1064 1511 1163 1580 corde
1179 1513 1335 1598 reliditur,

298 1620 392 1714 quasi
404 1617 569 1687 dormiens
581 1615 702 1684 effocat
712 1614 965 1706 indulgentiam,
980 1643 1080 1711 quam
1096 1618 1263 1689 credendo
1278 1643 1338 1690 me·

297 1725 519 1796 rueratTales
529 1739 640 1793 autem
649 1723 799 1792 homines
811 1721 938 1792 malunt
943 1726 1078 1818 justitiae
1086 1727 1232 1813 nomine,
1244 1731 1337 1822 quam

296 1833 433 1902 veritate
449 1825 613 1922 gaudere,
636 1830 829 1922 bonumque
851 1853 934 1922 opus
949 1832 1093 1901 alienum
1110 1857 1168 1926 per
1189 1836 1338 1904 obscuras

296 1939 459 2024 fallacias,
479 1939 572 2031 quasi
590 1960 649 2028 per
666 1952 814 2023 noctem,
832 1939 944 2008 vivum
960 1940 1065 2009 filium
1088 1942 1279 2012 mentiendo
1300 1945 1338 2011 ad

294 2069 329 2114 se
339 2031 514 2114 transferre
533 2056 707 2113 conantur.
721 2047 788 2113 Nec
804 2043 911 2113 sollrm
925 2045 1063 2115 aliorum
1074 2048 1161 2118 bona
1174 2072 1273 2140 opera
1281 2049 1338 2118 sibi

296 2165 474 2242 usurpant,
487 2149 545 2219 sed
557 2149 627 2218 aliis
643 2149 742 2218 etiarn
756 2149 916 2242 objiciunt
930 2151 1052 2221 scelera
1068 2177 1143 2233 sua,
1161 2156 1253 2247 quasi
1260 2180 1339 2225 mor·

297 2257 392 2327 tuum
413 2258 520 2326 filium
546 2269 810 2348 supponentes...
836 2259 978 2340 Quando
992 2275 1102 2330 autem
1120 2263 1284 2333 simulatio
1297 2265 1340 2332 ita

298 2364 468 2456 regnabit,
485 2363 547 2431 nisi
563 2361 639 2432 clun
649 2361 834 2452 refrigescet
849 2366 989 2434 charitas
1005 2367 1209 2454 multorum,
1223 2369 1259 2439 id
1274 2385 1338 2456 est,

297 2474 404 2564 operis
416 2470 581 2562 spiritalis,
597 2473 758 2562 tauquam
773 2471 838 2538 vivi
853 2473 960 2563 pueri,
975 2490 1081 2544 mater
1093 2477 1336 2546 obdormiett...

299 2579 352 2649 Sic
377 2577 531 2645 dormivit
553 2577 625 2642 haec
646 2589 766 2660 mater,
791 2591 921 2647 utnon
946 2581 1109 2651 occideret
1137 2582 1262 2669 filium,
1287 2583 1341 2652 sed

297 2698 409 2753 tamen
420 2680 594 2751 fraudibus
606 2680 821 2750 simulationis
833 2681 960 2754 dederit
969 2685 1091 2756 locum.
1109 2689 1173 2759 Sed
1189 2713 1341 2782 experge-

296 2791 425 2875 facta„
445 2788 574 2883 pacifici
589 2786 713 2856 Judicis
729 2787 885 2880 implorat
903 2792 1071 2863 auxilium.
1088 2798 1171 2865 Nam
1190 2798 1341 2866 Salomon

297 2898 454 2993 pacificus
479 2897 732 2986 interpretatur,
759 2920 857 2988 quem
890 2900 1039 2968 videmus
1063 2900 1145 2971 duas
1169 2905 1341 2995 protulisse

297 3004 485 3088 sententias,
499 3003 635 3090 primam
646 3003 804 3092 tanquam
815 3004 1008 3092 ignorantis,
1020 3007 1256 3079 ultimamverd
1268 3032 1342 3079 cum

296 3107 470 3179 manifestat
485 3105 671 3196 cognitione
689 3105 876 3198 judicantis,
900 3114 1073 3182 Certamen
1090 3116 1218 3206 pietatis
1242 3118 1342 3208 prima

296 3215 469 3308 proponit3
488 3214 544 3282 dat
564 3213 739 3304 praemium
759 3215 903 3284 secunda
918 3219 1060 3290 victori:
1087 3221 1121 3287 in
1141 3224 1247 3312 prima
1267 3245 1342 3316 pro·

296 3324 396 3393 batur
419 3336 544 3410 mater3
567 3321 601 3388 in
617 3319 733 3390 ultimd
757 3319 915 3393 laetatur:
940 3327 978 3393 in·
994 3329 1099 3420 prima
1116 3327 1221 3422 flens
1238 3329 1343 3400 mitat

297 3453 420 3500 semen
429 3451 553 3512 runnu
562 3429 596 3496 in
610 3427 753 3497 secunda
762 3451 844 3498 cum
856 3429 1079 3502 exultatione
1091 3451 1256 3528 reportat
1267 3461 1343 3506 ma-

297 3533 441 3628 nipulos
456 3556 539 3602 suos
554 3536 577 3601 ¹.
597 3533 695 3614 Quod
708 3535 850 3624 pertinet
865 3536 907 3606 ad
923 3539 991 3607 duo
1007 3554 1154 3633 tempora
1170 3543 1341 3628 Ecclesiae,

296 3669 372 3738 quae
389 3644 546 3713 Dominus
562 3640 710 3710 Christus
720 3641 824 3732 judex
840 3645 995 3736 pacificus
1011 3648 1222 3740 moderatur3
1239 3673 1343 3720 unum

294 3750 388 3842 quod
403 3773 492 3818 nunc
505 3761 572 3832 est,
589 3744 740 3832 alterum,
760 3751 851 3842 quod
867 3749 1017 3825 luturum
1035 3771 1084 3827 est
1106 3786 1114 3828 ι
1132 3759 1168 3827 in
1184 3758 1248 3829 isto
1263 3781 1342 3853 pro-

296 3853 428 3942 bamur,
447 3856 483 3926 in
499 3854 557 3925 illo
573 3877 771 3926 coronamur
787 3863 812 3927 ².
834 3886 849 3923 >r
885 3919 888 3928 ,

332 3979 413 4035 'ruat
427 3998 502 4048 cxxv,
517 3982 543 4036 6.
558 4006 591 4022 -
607 3985 653 4056 ’5.
667 3987 767 4050 August.
783 3988 860 4040 serm.
870 4001 898 4056 x,
911 4003 937 4040 n.
956 3988 972 4043 5
987 3998 1013 4042 et
1025 4008 1048 4058 7.
1084 3974 1089 3984 i
1165 4023 1172 4032 ·
