<?xml version="1.0" encoding="UTF-8"?>
<!DOCTYPE html PUBLIC "-//W3C//DTD XHTML 1.0 Transitional//EN"
    "http://www.w3.org/TR/xhtml1/DTD/xhtml1-transitional.dtd">
<html xmlns="http://www.w3.org/1999/xhtml" xml:lang="en" lang="en">
 <head>
  <title>
</title>
<meta http-equiv="Content-Type" content="text/html;charset=utf-8" />
  <meta name='ocr-system' content='tesseract 3.04.00' />
  <meta name='ocr-capabilities' content='ocr_page ocr_carea ocr_par ocr_line ocrx_word'/>
</head>
<body>
  <div class='ocr_page' id='page_1' title='image "./rhetoricasancto00cailgoog_0376.png"; bbox 0 0 2984 4580; ppageno 0'>
   <div class='ocr_carea' id='block_1_1' title="bbox 242 410 1218 509">
    <p class='ocr_par' dir='ltr' id='par_1_1' title="bbox 242 410 1218 509">
     <span class='ocr_line' id='line_1_1' title="bbox 242 410 1218 509; baseline -0.009 -20"><span class='ocrx_word' id='word_1_1' title='bbox 242 442 347 490; x_wconf 75' lang='lat' dir='ltr'>staur</span> <span class='ocrx_word' id='word_1_2' title='bbox 370 445 416 490; x_wconf 84' lang='lat' dir='ltr'>vr.</span> <span class='ocrx_word' id='word_1_3' title='bbox 439 445 481 488; x_wconf 82' lang='lat' dir='ltr'>arr</span> <span class='ocrx_word' id='word_1_4' title='bbox 496 443 653 509; x_wconf 77' lang='lat' dir='ltr'>uurnouo</span> <span class='ocrx_word' id='word_1_5' title='bbox 676 443 712 490; x_wconf 83' lang='lat' dir='ltr'>nr</span> <span class='ocrx_word' id='word_1_6' title='bbox 734 435 942 488; x_wconf 78' lang='lat' dir='ltr'>conmortuus</span> <span class='ocrx_word' id='word_1_7' title='bbox 963 433 1129 484; x_wconf 75' lang='lat' dir='ltr'>tuntum.</span> <span class='ocrx_word' id='word_1_8' title='bbox 1155 410 1218 483; x_wconf 71' lang='lat'>877</span> 
     </span>
    </p>
   </div>
   <div class='ocr_carea' id='block_1_2' title="bbox 92 535 1322 960">
    <p class='ocr_par' dir='ltr' id='par_1_2' title="bbox 92 535 1322 960">
     <span class='ocr_line' id='line_1_2' title="bbox 92 535 1220 638; baseline -0.008 -25"><span class='ocrx_word' id='word_1_9' title='bbox 92 569 94 572; x_wconf 91' lang='lat'>·</span> <span class='ocrx_word' id='word_1_10' title='bbox 176 541 262 612; x_wconf 89' lang='lat' dir='ltr'>dinis</span> <span class='ocrx_word' id='word_1_11' title='bbox 282 542 512 638; x_wconf 85' lang='lat' dir='ltr'>splendorem,</span> <span class='ocrx_word' id='word_1_12' title='bbox 539 555 573 611; x_wconf 88' lang='lat' dir='ltr'>et</span> <span class='ocrx_word' id='word_1_13' title='bbox 597 541 739 611; x_wconf 88' lang='lat' dir='ltr'>vestium</span> <span class='ocrx_word' id='word_1_14' title='bbox 758 538 942 630; x_wconf 82' lang='lat' dir='ltr'><strong>fulgorem,</strong></span> <span class='ocrx_word' id='word_1_15' title='bbox 958 559 1089 608; x_wconf 87' lang='lat' dir='ltr'>necnon</span> <span class='ocrx_word' id='word_1_16' title='bbox 1107 535 1220 628; x_wconf 82' lang='lat' dir='ltr'>l’ulgur</span> 
     </span>
     <span class='ocr_line' id='line_1_3' title="bbox 175 642 1220 742; baseline -0.006 -22"><span class='ocrx_word' id='word_1_17' title='bbox 175 651 382 720; x_wconf 83' lang='lat' dir='ltr'>conscientiae</span> <span class='ocrx_word' id='word_1_18' title='bbox 397 650 557 742; x_wconf 87' lang='lat' dir='ltr'>ipsorum.</span> <span class='ocrx_word' id='word_1_19' title='bbox 570 656 742 716; x_wconf 89' lang='lat' dir='ltr'>Possemus</span> <span class='ocrx_word' id='word_1_20' title='bbox 754 645 901 739; x_wconf 85' lang='lat' dir='ltr'>exempla</span> <span class='ocrx_word' id='word_1_21' title='bbox 917 642 1062 738; x_wconf 89' lang='lat' dir='ltr'>prolerre</span> <span class='ocrx_word' id='word_1_22' title='bbox 1071 659 1220 715; x_wconf 85' lang='lat' dir='ltr'>veterum</span> 
     </span>
     <span class='ocr_line' id='line_1_4' title="bbox 175 749 1220 848; baseline -0.004 -22"><span class='ocrx_word' id='word_1_23' title='bbox 175 779 371 848; x_wconf 85' lang='lat' dir='ltr'>magnorum</span> <span class='ocrx_word' id='word_1_24' title='bbox 384 769 484 848; x_wconf 92' lang='lat' dir='ltr'>atque</span> <span class='ocrx_word' id='word_1_25' title='bbox 497 750 699 836; x_wconf 89' lang='lat' dir='ltr'>mirabilium</span> <span class='ocrx_word' id='word_1_26' title='bbox 712 752 886 822; x_wconf 92' lang='lat' dir='ltr'>hominum</span> <span class='ocrx_word' id='word_1_27' title='bbox 896 782 905 842; x_wconf 78' lang='lat'>3</span> <span class='ocrx_word' id='word_1_28' title='bbox 916 749 975 820; x_wconf 90' lang='lat' dir='ltr'>sed</span> <span class='ocrx_word' id='word_1_29' title='bbox 983 752 1062 844; x_wconf 87' lang='lat' dir='ltr'>quia</span> <span class='ocrx_word' id='word_1_30' title='bbox 1073 749 1220 822; x_wconf 88' lang='lat' dir='ltr'><strong>rudiores</strong></span> 
     </span>
     <span class='ocr_line' id='line_1_5' title="bbox 175 855 1322 960; baseline -0.004 -28"><span class='ocrx_word' id='word_1_31' title='bbox 175 862 342 957; x_wconf 88' lang='lat' dir='ltr'>exempla,</span> <span class='ocrx_word' id='word_1_32' title='bbox 357 886 433 955; x_wconf 86' lang='lat' dir='ltr'>quae</span> <span class='ocrx_word' id='word_1_33' title='bbox 449 861 511 931; x_wconf 88' lang='lat' dir='ltr'>suh</span> <span class='ocrx_word' id='word_1_34' title='bbox 531 857 645 931; x_wconf 91' lang='lat' dir='ltr'>oculos</span> <span class='ocrx_word' id='word_1_35' title='bbox 667 856 810 945; x_wconf 90' lang='lat' dir='ltr'>cadunt,</span> <span class='ocrx_word' id='word_1_36' title='bbox 827 858 928 950; x_wconf 86' lang='lat' dir='ltr'>magis</span> <span class='ocrx_word' id='word_1_37' title='bbox 944 857 1127 942; x_wconf 85' lang='lat' dir='ltr'>concitant,</span> <span class='ocrx_word' id='word_1_38' title='bbox 1145 855 1220 928; x_wconf 79' lang='lat' dir='ltr'>ideo</span> <span class='ocrx_word' id='word_1_39' title='bbox 1320 950 1322 960; x_wconf 67' lang='lat'>,</span> 
     </span>
    </p>
   </div>
   <div class='ocr_carea' id='block_1_3' title="bbox 62 963 1220 1040">
    <p class='ocr_par' dir='ltr' id='par_1_3' title="bbox 62 963 1220 1040">
     <span class='ocr_line' id='line_1_6' title="bbox 62 963 1220 1040; baseline -0.006 0"><span class='ocrx_word' id='word_1_40' title='bbox 62 967 64 970; x_wconf 70' lang='grc'><strong>’</strong></span> <span class='ocrx_word' id='word_1_41' title='bbox 174 993 232 1040; x_wconf 93' lang='lat' dir='ltr'>vos</span> <span class='ocrx_word' id='word_1_42' title='bbox 247 970 289 1038; x_wconf 88' lang='lat' dir='ltr'>ad</span> <span class='ocrx_word' id='word_1_43' title='bbox 305 966 518 1040; x_wconf 87' lang='lat' dir='ltr'>tabernacula</span> <span class='ocrx_word' id='word_1_44' title='bbox 536 969 731 1038; x_wconf 89' lang='lat' dir='ltr'>Sanctorum</span> <span class='ocrx_word' id='word_1_45' title='bbox 750 966 888 1035; x_wconf 89' lang='lat' dir='ltr'>istorum</span> <span class='ocrx_word' id='word_1_46' title='bbox 903 964 1011 1035; x_wconf 91' lang='lat' dir='ltr'>mitto.</span> <span class='ocrx_word' id='word_1_47' title='bbox 1026 963 1116 1035; x_wconf 90' lang='lat' dir='ltr'>Nihil</span> <span class='ocrx_word' id='word_1_48' title='bbox 1132 965 1220 1034; x_wconf 90' lang='lat' dir='ltr'>enim</span> 
     </span>
    </p>
   </div>
   <div class='ocr_carea' id='block_1_4' title="bbox 110 1069 1294 1808">
    <p class='ocr_par' dir='ltr' id='par_1_4' title="bbox 110 1069 1294 1808">
     <span class='ocr_line' id='line_1_7' title="bbox 173 1069 1221 1167; baseline -0.006 -21"><span class='ocrx_word' id='word_1_49' title='bbox 173 1077 265 1147; x_wconf 90' lang='lat' dir='ltr'>triste</span> <span class='ocrx_word' id='word_1_50' title='bbox 284 1076 432 1163; x_wconf 75' lang='lat' dir='ltr'>habent,</span> <span class='ocrx_word' id='word_1_51' title='bbox 447 1071 506 1143; x_wconf 90' lang='lat' dir='ltr'>sed</span> <span class='ocrx_word' id='word_1_52' title='bbox 522 1073 637 1167; x_wconf 72' lang='lat' dir='ltr'>utpote</span> <span class='ocrx_word' id='word_1_53' title='bbox 649 1073 704 1166; x_wconf 88' lang='lat' dir='ltr'>qui</span> <span class='ocrx_word' id='word_1_54' title='bbox 722 1073 757 1141; x_wconf 92' lang='lat' dir='ltr'>in</span> <span class='ocrx_word' id='word_1_55' title='bbox 772 1071 865 1142; x_wconf 84' lang='lat' dir='ltr'>coelis</span> <span class='ocrx_word' id='word_1_56' title='bbox 882 1072 1016 1164; x_wconf 85' lang='lat' dir='ltr'>tuguria</span> <span class='ocrx_word' id='word_1_57' title='bbox 1030 1093 1088 1140; x_wconf 90' lang='lat' dir='ltr'>sua</span> <span class='ocrx_word' id='word_1_58' title='bbox 1102 1069 1221 1141; x_wconf 86' lang='lat' dir='ltr'>sunda·</span> 
     </span>
     <span class='ocr_line' id='line_1_8' title="bbox 110 1178 1221 1274; baseline -0.005 -21"><span class='ocrx_word' id='word_1_59' title='bbox 110 1181 112 1186; x_wconf 70' lang='grc'>’</span> <span class='ocrx_word' id='word_1_60' title='bbox 172 1185 301 1270; x_wconf 87' lang='lat' dir='ltr'>verint,</span> <span class='ocrx_word' id='word_1_61' title='bbox 320 1183 365 1251; x_wconf 91' lang='lat' dir='ltr'>sic</span> <span class='ocrx_word' id='word_1_62' title='bbox 390 1179 507 1274; x_wconf 91' lang='lat' dir='ltr'>procul</span> <span class='ocrx_word' id='word_1_63' title='bbox 526 1204 567 1250; x_wconf 81' lang='lat' dir='ltr'>ex</span> <span class='ocrx_word' id='word_1_64' title='bbox 582 1181 680 1274; x_wconf 86' lang='lat' dir='ltr'>hujus</span> <span class='ocrx_word' id='word_1_65' title='bbox 700 1179 776 1251; x_wconf 84' lang='lat' dir='ltr'>vitae</span> <span class='ocrx_word' id='word_1_66' title='bbox 792 1179 928 1249; x_wconf 91' lang='lat' dir='ltr'>miseriis</span> <span class='ocrx_word' id='word_1_67' title='bbox 943 1179 1113 1264; x_wconf 89' lang='lat' dir='ltr'>habitant,</span> <span class='ocrx_word' id='word_1_68' title='bbox 1133 1178 1221 1248; x_wconf 91' lang='lat' dir='ltr'>mili·</span> 
     </span>
     <span class='ocr_line' id='line_1_9' title="bbox 173 1286 1220 1381; baseline -0.003 -22"><span class='ocrx_word' id='word_1_69' title='bbox 173 1303 279 1360; x_wconf 87' lang='lat' dir='ltr'>tantes</span> <span class='ocrx_word' id='word_1_70' title='bbox 307 1291 422 1360; x_wconf 71' lang='lat' dir='ltr'>contra</span> <span class='ocrx_word' id='word_1_71' title='bbox 447 1286 637 1374; x_wconf 90' lang='lat' dir='ltr'>diabolum,</span> <span class='ocrx_word' id='word_1_72' title='bbox 660 1301 694 1356; x_wconf 88' lang='lat' dir='ltr'>et</span> <span class='ocrx_word' id='word_1_73' title='bbox 716 1287 809 1381; x_wconf 92' lang='lat' dir='ltr'>quasi</span> <span class='ocrx_word' id='word_1_74' title='bbox 832 1287 967 1357; x_wconf 86' lang='lat' dir='ltr'>choreas</span> <span class='ocrx_word' id='word_1_75' title='bbox 993 1299 1148 1378; x_wconf 84' lang='lat' dir='ltr'>agentes,</span> <span class='ocrx_word' id='word_1_76' title='bbox 1174 1287 1220 1356; x_wconf 90' lang='lat' dir='ltr'>sic</span> 
     </span>
     <span class='ocr_line' id='line_1_10' title="bbox 173 1392 1293 1488; baseline -0.002 -24"><span class='ocrx_word' id='word_1_77' title='bbox 173 1395 301 1466; x_wconf 92' lang='lat' dir='ltr'>bellum</span> <span class='ocrx_word' id='word_1_78' title='bbox 324 1409 443 1488; x_wconf 82' lang='lat' dir='ltr'>gerunt</span> <span class='ocrx_word' id='word_1_79' title='bbox 458 1394 611 1464; x_wconf 82' lang='lat' dir='ltr'>advershs</span> <span class='ocrx_word' id='word_1_80' title='bbox 628 1416 734 1486; x_wconf 64' lang='lat' dir='ltr'>eum.v</span> <span class='ocrx_word' id='word_1_81' title='bbox 748 1392 828 1463; x_wconf 84' lang='lat' dir='ltr'>Ideh</span> <span class='ocrx_word' id='word_1_82' title='bbox 852 1393 1046 1463; x_wconf 85' lang='lat' dir='ltr'>constructis</span> <span class='ocrx_word' id='word_1_83' title='bbox 1068 1392 1218 1483; x_wconf 83' lang='lat' dir='ltr'>tuguriis,</span> <span class='ocrx_word' id='word_1_84' title='bbox 1277 1463 1293 1486; x_wconf 61' lang='lat'>,</span> 
     </span>
     <span class='ocr_line' id='line_1_11' title="bbox 174 1497 1218 1593; baseline -0.001 -24"><span class='ocrx_word' id='word_1_85' title='bbox 174 1503 295 1587; x_wconf 89' lang='lat' dir='ltr'>urbes,</span> <span class='ocrx_word' id='word_1_86' title='bbox 320 1500 446 1587; x_wconf 86' lang='lat' dir='ltr'>forum,</span> <span class='ocrx_word' id='word_1_87' title='bbox 464 1501 587 1570; x_wconf 80' lang='lat' dir='ltr'>&#39;domos</span> <span class='ocrx_word' id='word_1_88' title='bbox 612 1498 763 1592; x_wconf 68' lang='lat' dir='ltr'>lugiunt,</span> <span class='ocrx_word' id='word_1_89' title='bbox 787 1501 865 1568; x_wconf 73' lang='lat' dir='ltr'>nim</span> <span class='ocrx_word' id='word_1_90' title='bbox 885 1499 945 1593; x_wconf 91' lang='lat' dir='ltr'>qui</span> <span class='ocrx_word' id='word_1_91' title='bbox 970 1497 1096 1568; x_wconf 88' lang='lat' dir='ltr'>bellum</span> <span class='ocrx_word' id='word_1_92' title='bbox 1118 1499 1218 1590; x_wconf 84' lang='lat' dir='ltr'>gerit,</span> 
     </span>
     <span class='ocr_line' id='line_1_12' title="bbox 173 1604 1221 1699; baseline 0 -23"><span class='ocrx_word' id='word_1_93' title='bbox 173 1631 242 1678; x_wconf 93' lang='lat' dir='ltr'>non</span> <span class='ocrx_word' id='word_1_94' title='bbox 254 1609 353 1676; x_wconf 88' lang='lat' dir='ltr'>debet</span> <span class='ocrx_word' id='word_1_95' title='bbox 365 1606 455 1677; x_wconf 88' lang='lat' dir='ltr'>domi</span> <span class='ocrx_word' id='word_1_96' title='bbox 471 1605 605 1696; x_wconf 72' lang='lat' dir='ltr'>sedere,</span> <span class='ocrx_word' id='word_1_97' title='bbox 619 1604 677 1675; x_wconf 91' lang='lat' dir='ltr'>sed</span> <span class='ocrx_word' id='word_1_98' title='bbox 688 1607 840 1699; x_wconf 78' lang='lat' dir='ltr'>prompte</span> <span class='ocrx_word' id='word_1_99' title='bbox 853 1619 1004 1698; x_wconf 90' lang='lat' dir='ltr'>paratum</span> <span class='ocrx_word' id='word_1_100' title='bbox 1016 1605 1221 1676; x_wconf 85' lang='lat' dir='ltr'>domicilium</span> 
     </span>
     <span class='ocr_line' id='line_1_13' title="bbox 172 1709 1294 1808; baseline 0.002 -26"><span class='ocrx_word' id='word_1_101' title='bbox 172 1715 294 1784; x_wconf 90' lang='lat' dir='ltr'>habeat</span> <span class='ocrx_word' id='word_1_102' title='bbox 309 1709 458 1808; x_wconf 87' lang='lat' dir='ltr'>oportet,</span> <span class='ocrx_word' id='word_1_103' title='bbox 474 1728 514 1784; x_wconf 91' lang='lat' dir='ltr'>ut</span> <span class='ocrx_word' id='word_1_104' title='bbox 534 1715 593 1807; x_wconf 90' lang='lat' dir='ltr'>qui</span> <span class='ocrx_word' id='word_1_105' title='bbox 609 1714 676 1784; x_wconf 86' lang='lat' dir='ltr'>eith</span> <span class='ocrx_word' id='word_1_106' title='bbox 691 1713 853 1806; x_wconf 86' lang='lat' dir='ltr'>proficisci</span> <span class='ocrx_word' id='word_1_107' title='bbox 873 1713 1004 1784; x_wconf 89' lang='lat' dir='ltr'>debeat.</span> <span class='ocrx_word' id='word_1_108' title='bbox 1027 1711 1120 1783; x_wconf 88' lang='lat' dir='ltr'>Tales</span> <span class='ocrx_word' id='word_1_109' title='bbox 1144 1725 1222 1784; x_wconf 90' lang='lat' dir='ltr'>sunt</span> <span class='ocrx_word' id='word_1_110' title='bbox 1289 1728 1294 1737; x_wconf 88' lang='grc'><strong>“</strong></span> 
     </span>
    </p>
   </div>
   <div class='ocr_carea' id='block_1_5' title="bbox 67 1820 1221 1916">
    <p class='ocr_par' dir='ltr' id='par_1_5' title="bbox 67 1820 1221 1916">
     <span class='ocr_line' id='line_1_14' title="bbox 67 1820 1221 1916; baseline -0.005 -20"><span class='ocrx_word' id='word_1_111' title='bbox 67 1893 69 1896; x_wconf 85' lang='grc'><strong>,</strong></span> <span class='ocrx_word' id='word_1_112' title='bbox 170 1820 220 1890; x_wconf 94' lang='lat' dir='ltr'>illi</span> <span class='ocrx_word' id='word_1_113' title='bbox 235 1844 348 1894; x_wconf 91' lang='lat' dir='ltr'>omnes</span> <span class='ocrx_word' id='word_1_114' title='bbox 363 1824 478 1894; x_wconf 73' lang='lat' dir='ltr'>contra</span> <span class='ocrx_word' id='word_1_115' title='bbox 488 1825 588 1916; x_wconf 71' lang='lat' dir='ltr'>quim</span> <span class='ocrx_word' id='word_1_116' title='bbox 600 1845 659 1892; x_wconf 89' lang='lat' dir='ltr'>nos</span> <span class='ocrx_word' id='word_1_117' title='bbox 675 1843 798 1891; x_wconf 87' lang='lat' dir='ltr'>sumus.</span> <span class='ocrx_word' id='word_1_118' title='bbox 816 1825 882 1892; x_wconf 90' lang='lat' dir='ltr'>Nos</span> <span class='ocrx_word' id='word_1_119' title='bbox 897 1821 1034 1915; x_wconf 76' lang='lat' dir='ltr'>quippe,</span> <span class='ocrx_word' id='word_1_120' title='bbox 1046 1845 1116 1890; x_wconf 93' lang='lat' dir='ltr'>non</span> <span class='ocrx_word' id='word_1_121' title='bbox 1131 1821 1221 1890; x_wconf 91' lang='lat' dir='ltr'>utin</span> 
     </span>
    </p>
   </div>
   <div class='ocr_carea' id='block_1_6' title="bbox 120 1925 1221 2130">
    <p class='ocr_par' dir='ltr' id='par_1_6' title="bbox 120 1925 1221 2130">
     <span class='ocr_line' id='line_1_15' title="bbox 171 1925 1221 2023; baseline -0.001 -25"><span class='ocrx_word' id='word_1_122' title='bbox 171 1930 339 2016; x_wconf 80' lang='lat' dir='ltr'>exercitu,</span> <span class='ocrx_word' id='word_1_123' title='bbox 365 1929 423 1998; x_wconf 91' lang='lat' dir='ltr'>sed</span> <span class='ocrx_word' id='word_1_124' title='bbox 443 1931 535 2023; x_wconf 84' lang='lat' dir='ltr'>quasi</span> <span class='ocrx_word' id='word_1_125' title='bbox 558 1930 594 1998; x_wconf 93' lang='lat' dir='ltr'>in</span> <span class='ocrx_word' id='word_1_126' title='bbox 613 1950 695 2022; x_wconf 88' lang='lat' dir='ltr'>pace</span> <span class='ocrx_word' id='word_1_127' title='bbox 711 1925 856 2000; x_wconf 83' lang='lat' dir='ltr'>fruentes</span> <span class='ocrx_word' id='word_1_128' title='bbox 870 1927 954 1996; x_wconf 91' lang='lat' dir='ltr'>urbe</span> <span class='ocrx_word' id='word_1_129' title='bbox 969 1927 1121 1998; x_wconf 85' lang='lat' dir='ltr'>vivimus.</span> <span class='ocrx_word' id='word_1_130' title='bbox 1140 1926 1221 2010; x_wconf 83' lang='lat' dir='ltr'>Quis</span> 
     </span>
     <span class='ocr_line' id='line_1_16' title="bbox 120 2032 1221 2130; baseline 0.002 -28"><span class='ocrx_word' id='word_1_131' title='bbox 120 2033 126 2046; x_wconf 84' lang='lat'><em>&#39;</em></span> <span class='ocrx_word' id='word_1_132' title='bbox 171 2037 259 2104; x_wconf 92' lang='lat' dir='ltr'>enim</span> <span class='ocrx_word' id='word_1_133' title='bbox 283 2037 431 2130; x_wconf 67' lang='lat' dir='ltr'>unquam</span> <span class='ocrx_word' id='word_1_134' title='bbox 456 2035 493 2129; x_wconf 91' lang='lat' dir='ltr'>in</span> <span class='ocrx_word' id='word_1_135' title='bbox 514 2036 657 2105; x_wconf 81' lang='lat' dir='ltr'>exercitu</span> <span class='ocrx_word' id='word_1_136' title='bbox 677 2033 892 2104; x_wconf 85' lang='lat' dir='ltr'>fundamenta</span> <span class='ocrx_word' id='word_1_137' title='bbox 911 2035 1005 2129; x_wconf 85' lang='lat' dir='ltr'>jacit,</span> <span class='ocrx_word' id='word_1_138' title='bbox 1034 2048 1068 2104; x_wconf 93' lang='lat' dir='ltr'>et</span> <span class='ocrx_word' id='word_1_139' title='bbox 1082 2032 1221 2104; x_wconf 88' lang='lat' dir='ltr'>domum</span> 
     </span>
    </p>
   </div>
   <div class='ocr_carea' id='block_1_7' title="bbox 170 2130 1334 2235">
    <p class='ocr_par' dir='ltr' id='par_1_7' title="bbox 170 2130 1334 2235">
     <span class='ocr_line' id='line_1_17' title="bbox 170 2130 1334 2235; baseline 0.002 -26"><span class='ocrx_word' id='word_1_140' title='bbox 170 2143 348 2227; x_wconf 88' lang='lat' dir='ltr'>construit,</span> <span class='ocrx_word' id='word_1_141' title='bbox 376 2165 477 2234; x_wconf 89' lang='lat' dir='ltr'>quam</span> <span class='ocrx_word' id='word_1_142' title='bbox 497 2130 673 2235; x_wconf 83' lang='lat' dir='ltr'>paulopost</span> <span class='ocrx_word' id='word_1_143' title='bbox 699 2141 872 2210; x_wconf 87' lang='lat' dir='ltr'>relicturus</span> <span class='ocrx_word' id='word_1_144' title='bbox 896 2143 968 2212; x_wconf 84' lang='lat' dir='ltr'>estt</span> <span class='ocrx_word' id='word_1_145' title='bbox 981 2145 1087 2212; x_wconf 87' lang='lat' dir='ltr'>Nemo</span> <span class='ocrx_word' id='word_1_146' title='bbox 1109 2141 1219 2211; x_wconf 72' lang='lat' dir='ltr'>sane:</span> <span class='ocrx_word' id='word_1_147' title='bbox 1329 2141 1334 2148; x_wconf 82' lang='grc'><strong><em>’</em></strong></span> 
     </span>
    </p>
   </div>
   <div class='ocr_carea' id='block_1_8' title="bbox 110 2245 1263 3614">
    <p class='ocr_par' dir='ltr' id='par_1_8' title="bbox 110 2245 1263 3614">
     <span class='ocr_line' id='line_1_18' title="bbox 170 2245 1221 2341; baseline 0 -27"><span class='ocrx_word' id='word_1_148' title='bbox 170 2245 229 2315; x_wconf 91' lang='lat' dir='ltr'>sed</span> <span class='ocrx_word' id='word_1_149' title='bbox 245 2260 284 2316; x_wconf 83' lang='lat' dir='ltr'>et·</span> <span class='ocrx_word' id='word_1_150' title='bbox 293 2248 320 2315; x_wconf 91' lang='lat' dir='ltr'>si</span> <span class='ocrx_word' id='word_1_151' title='bbox 332 2247 405 2341; x_wconf 93' lang='lat' dir='ltr'>quis</span> <span class='ocrx_word' id='word_1_152' title='bbox 419 2247 455 2316; x_wconf 92' lang='lat' dir='ltr'>id</span> <span class='ocrx_word' id='word_1_153' title='bbox 472 2248 661 2333; x_wconf 83' lang='lat' dir='ltr'>tentaverit,</span> <span class='ocrx_word' id='word_1_154' title='bbox 678 2262 719 2318; x_wconf 89' lang='lat' dir='ltr'>ut</span> <span class='ocrx_word' id='word_1_155' title='bbox 734 2246 882 2340; x_wconf 88' lang='lat' dir='ltr'>proditor</span> <span class='ocrx_word' id='word_1_156' title='bbox 898 2246 1070 2316; x_wconf 88' lang='lat' dir='ltr'>occiditur.</span> <span class='ocrx_word' id='word_1_157' title='bbox 1092 2247 1170 2329; x_wconf 86' lang='lat' dir='ltr'>Quis</span> <span class='ocrx_word' id='word_1_158' title='bbox 1186 2246 1221 2316; x_wconf 93' lang='lat' dir='ltr'>in</span> 
     </span>
     <span class='ocr_line' id='line_1_19' title="bbox 110 2343 1222 2448; baseline -0.003 -26"><span class='ocrx_word' id='word_1_159' title='bbox 110 2343 111 2350; x_wconf 7' lang='grc' dir='ltr'>ἵ</span> <span class='ocrx_word' id='word_1_160' title='bbox 170 2355 316 2424; x_wconf 86' lang='lat' dir='ltr'>exercitu</span> <span class='ocrx_word' id='word_1_161' title='bbox 341 2369 440 2424; x_wconf 81' lang='lat' dir='ltr'>terrae</span> <span class='ocrx_word' id='word_1_162' title='bbox 462 2356 578 2448; x_wconf 81' lang='lat' dir='ltr'>jugera</span> <span class='ocrx_word' id='word_1_163' title='bbox 610 2356 710 2442; x_wconf 90' lang='lat' dir='ltr'>emit,</span> <span class='ocrx_word' id='word_1_164' title='bbox 739 2369 773 2424; x_wconf 91' lang='lat' dir='ltr'>et</span> <span class='ocrx_word' id='word_1_165' title='bbox 801 2355 1040 2446; x_wconf 81' lang='lat' dir='ltr'>negotiationes</span> <span class='ocrx_word' id='word_1_166' title='bbox 1065 2355 1222 2447; x_wconf 73' lang='lat' dir='ltr'>apparat?</span> 
     </span>
     <span class='ocr_line' id='line_1_20' title="bbox 169 2451 1218 2555; baseline -0.003 -24"><span class='ocrx_word' id='word_1_167' title='bbox 169 2461 276 2531; x_wconf 87' lang='lat' dir='ltr'>Nemo</span> <span class='ocrx_word' id='word_1_168' title='bbox 291 2461 391 2546; x_wconf 78' lang='lat' dir='ltr'>certe,</span> <span class='ocrx_word' id='word_1_169' title='bbox 410 2475 444 2530; x_wconf 89' lang='lat' dir='ltr'>et</span> <span class='ocrx_word' id='word_1_170' title='bbox 456 2463 533 2555; x_wconf 87' lang='lat' dir='ltr'>jure</span> <span class='ocrx_word' id='word_1_171' title='bbox 547 2459 683 2553; x_wconf 91' lang='lat' dir='ltr'>quidem</span> <span class='ocrx_word' id='word_1_172' title='bbox 702 2489 710 2532; x_wconf 76' lang='grc' dir='ltr'><strong>ι</strong></span> <span class='ocrx_word' id='word_1_173' title='bbox 728 2461 805 2530; x_wconf 81' lang='lat' dir='ltr'>nhm</span> <span class='ocrx_word' id='word_1_174' title='bbox 822 2451 863 2530; x_wconf 92' lang='lat' dir='ltr'>ad</span> <span class='ocrx_word' id='word_1_175' title='bbox 879 2458 1073 2530; x_wconf 84' lang='lat' dir='ltr'>bellandum</span> <span class='ocrx_word' id='word_1_176' title='bbox 1088 2458 1218 2546; x_wconf 91' lang='lat' dir='ltr'>venisti,</span> 
     </span>
     <span class='ocr_line' id='line_1_21' title="bbox 169 2565 1218 2660; baseline 0.001 -25"><span class='ocrx_word' id='word_1_177' title='bbox 169 2589 239 2636; x_wconf 89' lang='lat' dir='ltr'>non</span> <span class='ocrx_word' id='word_1_178' title='bbox 262 2567 304 2637; x_wconf 91' lang='lat' dir='ltr'>ad</span> <span class='ocrx_word' id='word_1_179' title='bbox 330 2567 580 2660; x_wconf 85' lang='lat' dir='ltr'>negotiandum.</span> <span class='ocrx_word' id='word_1_180' title='bbox 606 2568 692 2652; x_wconf 84' lang='lat' dir='ltr'>Quid</span> <span class='ocrx_word' id='word_1_181' title='bbox 716 2568 815 2660; x_wconf 84' lang='lat' dir='ltr'>igitur</span> <span class='ocrx_word' id='word_1_182' title='bbox 837 2567 967 2636; x_wconf 87' lang='lat' dir='ltr'>laboras</span> <span class='ocrx_word' id='word_1_183' title='bbox 983 2567 1068 2638; x_wconf 72' lang='lat' dir='ltr'>circa</span> <span class='ocrx_word' id='word_1_184' title='bbox 1084 2565 1218 2654; x_wconf 89' lang='lat' dir='ltr'>locum,</span> 
     </span>
     <span class='ocr_line' id='line_1_22' title="bbox 168 2672 1219 2766; baseline 0 -24"><span class='ocrx_word' id='word_1_185' title='bbox 168 2695 272 2766; x_wconf 92' lang='lat' dir='ltr'>quem</span> <span class='ocrx_word' id='word_1_186' title='bbox 296 2672 474 2764; x_wconf 86' lang='lat' dir='ltr'>paulopost</span> <span class='ocrx_word' id='word_1_187' title='bbox 494 2674 667 2742; x_wconf 90' lang='lat' dir='ltr'>relicturus</span> <span class='ocrx_word' id='word_1_188' title='bbox 687 2677 743 2742; x_wconf 75' lang='lat' dir='ltr'>es?</span> <span class='ocrx_word' id='word_1_189' title='bbox 759 2673 845 2744; x_wconf 80' lang='lat' dir='ltr'>cum</span> <span class='ocrx_word' id='word_1_190' title='bbox 864 2676 899 2741; x_wconf 91' lang='lat' dir='ltr'>in</span> <span class='ocrx_word' id='word_1_191' title='bbox 919 2675 1058 2765; x_wconf 90' lang='lat' dir='ltr'>patriam</span> <span class='ocrx_word' id='word_1_192' title='bbox 1088 2673 1219 2743; x_wconf 86' lang='lat' dir='ltr'>veneri-</span> 
     </span>
     <span class='ocr_line' id='line_1_23' title="bbox 169 2763 1217 2872; baseline 0.002 -26"><span class='ocrx_word' id='word_1_193' title='bbox 169 2799 260 2863; x_wconf 75' lang='lat' dir='ltr'>muS,</span> <span class='ocrx_word' id='word_1_194' title='bbox 273 2776 309 2846; x_wconf 95' lang='lat' dir='ltr'>id</span> <span class='ocrx_word' id='word_1_195' title='bbox 320 2777 432 2846; x_wconf 89' lang='lat' dir='ltr'>facito.</span> <span class='ocrx_word' id='word_1_196' title='bbox 446 2763 773 2872; x_wconf 79' lang='lat' dir='ltr'>Cluuio-supernam</span> <span class='ocrx_word' id='word_1_197' title='bbox 790 2778 957 2847; x_wconf 90' lang='lat' dir='ltr'>civitatem</span> <span class='ocrx_word' id='word_1_198' title='bbox 969 2778 1217 2864; x_wconf 85' lang='lat' dir='ltr'>advenerimus,</span> 
     </span>
     <span class='ocr_line' id='line_1_24' title="bbox 168 2883 1219 2979; baseline 0.004 -27"><span class='ocrx_word' id='word_1_199' title='bbox 168 2883 358 2955; x_wconf 85' lang='lat' dir='ltr'>his-fruere.</span> <span class='ocrx_word' id='word_1_200' title='bbox 379 2888 458 2954; x_wconf 88' lang='lat' dir='ltr'>Haec</span> <span class='ocrx_word' id='word_1_201' title='bbox 472 2884 533 2954; x_wconf 89' lang='lat' dir='ltr'>tibi</span> <span class='ocrx_word' id='word_1_202' title='bbox 548 2909 637 2955; x_wconf 91' lang='lat' dir='ltr'>nunc</span> <span class='ocrx_word' id='word_1_203' title='bbox 655 2886 747 2976; x_wconf 70' lang='lat' dir='ltr'>dico,</span> <span class='ocrx_word' id='word_1_204' title='bbox 764 2884 841 2955; x_wconf 83' lang='lat' dir='ltr'>cirm</span> <span class='ocrx_word' id='word_1_205' title='bbox 853 2908 1030 2979; x_wconf 83' lang='lat' dir='ltr'>supernam</span> <span class='ocrx_word' id='word_1_206' title='bbox 1042 2886 1219 2978; x_wconf 89' lang='lat' dir='ltr'>possessio·</span> 
     </span>
     <span class='ocr_line' id='line_1_25' title="bbox 169 2990 1219 3078; baseline 0.004 -20"><span class='ocrx_word' id='word_1_207' title='bbox 169 3013 248 3060; x_wconf 91' lang='lat' dir='ltr'>nem</span> <span class='ocrx_word' id='word_1_208' title='bbox 268 2991 357 3070; x_wconf 80' lang='lat' dir='ltr'>nacti</span> <span class='ocrx_word' id='word_1_209' title='bbox 378 2990 552 3078; x_wconf 81' lang='lat' dir='ltr'>lucrinus,</span> <span class='ocrx_word' id='word_1_210' title='bbox 577 3006 658 3062; x_wconf 92' lang='lat' dir='ltr'>tunc</span> <span class='ocrx_word' id='word_1_211' title='bbox 678 2990 714 3061; x_wconf 93' lang='lat' dir='ltr'>id</span> <span class='ocrx_word' id='word_1_212' title='bbox 734 2990 846 3067; x_wconf 84' lang='lat' dir='ltr'>facito.</span> <span class='ocrx_word' id='word_1_213' title='bbox 870 2993 942 3062; x_wconf 82' lang='lat' dir='ltr'>lmh</span> <span class='ocrx_word' id='word_1_214' title='bbox 960 2991 1043 3062; x_wconf 91' lang='lat' dir='ltr'>nihil</span> <span class='ocrx_word' id='word_1_215' title='bbox 1066 2993 1128 3062; x_wconf 92' lang='lat' dir='ltr'>tibi</span> <span class='ocrx_word' id='word_1_216' title='bbox 1152 2992 1219 3062; x_wconf 88' lang='lat' dir='ltr'>illic</span> 
     </span>
     <span class='ocr_line' id='line_1_26' title="bbox 168 3087 1220 3192; baseline 0.006 -28"><span class='ocrx_word' id='word_1_217' title='bbox 168 3093 284 3166; x_wconf 87' lang='lat' dir='ltr'>labore</span> <span class='ocrx_word' id='word_1_218' title='bbox 299 3113 382 3188; x_wconf 88' lang='lat' dir='ltr'>opus</span> <span class='ocrx_word' id='word_1_219' title='bbox 398 3097 482 3168; x_wconf 90' lang='lat' dir='ltr'>erit:</span> <span class='ocrx_word' id='word_1_220' title='bbox 499 3121 555 3166; x_wconf 89' lang='lat' dir='ltr'>rex</span> <span class='ocrx_word' id='word_1_221' title='bbox 568 3087 657 3166; x_wconf 89' lang='lat' dir='ltr'>enim</span> <span class='ocrx_word' id='word_1_222' title='bbox 674 3098 859 3170; x_wconf 86' lang='lat' dir='ltr'>omniailllc</span> <span class='ocrx_word' id='word_1_223' title='bbox 871 3113 1037 3192; x_wconf 89' lang='lat' dir='ltr'>operatur.</span> <span class='ocrx_word' id='word_1_224' title='bbox 1052 3099 1114 3170; x_wconf 85' lang='lat' dir='ltr'>Hic</span> <span class='ocrx_word' id='word_1_225' title='bbox 1124 3099 1220 3170; x_wconf 91' lang='lat' dir='ltr'>nobis</span> 
     </span>
     <span class='ocr_line' id='line_1_27' title="bbox 170 3202 1220 3297; baseline 0.007 -27"><span class='ocrx_word' id='word_1_226' title='bbox 170 3207 248 3274; x_wconf 88' lang='lat' dir='ltr'>satis</span> <span class='ocrx_word' id='word_1_227' title='bbox 263 3217 312 3274; x_wconf 89' lang='lat' dir='ltr'>est</span> <span class='ocrx_word' id='word_1_228' title='bbox 326 3202 448 3273; x_wconf 86' lang='lat' dir='ltr'>fossam</span> <span class='ocrx_word' id='word_1_229' title='bbox 465 3228 597 3297; x_wconf 87' lang='lat' dir='ltr'>parare,</span> <span class='ocrx_word' id='word_1_230' title='bbox 616 3204 745 3276; x_wconf 81' lang='lat' dir='ltr'>vallum·</span> <span class='ocrx_word' id='word_1_231' title='bbox 756 3207 856 3296; x_wconf 85' lang='lat' dir='ltr'>figere</span> <span class='ocrx_word' id='word_1_232' title='bbox 875 3231 882 3271; x_wconf 91' lang='lat'>:</span> <span class='ocrx_word' id='word_1_233' title='bbox 901 3206 1032 3277; x_wconf 86' lang='lat' dir='ltr'>aedilicii</span> <span class='ocrx_word' id='word_1_234' title='bbox 1046 3205 1138 3276; x_wconf 89' lang='lat' dir='ltr'>nulla</span> <span class='ocrx_word' id='word_1_235' title='bbox 1158 3230 1220 3277; x_wconf 89' lang='lat' dir='ltr'>ne-</span> 
     </span>
     <span class='ocr_line' id='line_1_28' title="bbox 170 3308 1263 3403; baseline 0.005 -26"><span class='ocrx_word' id='word_1_236' title='bbox 170 3311 301 3379; x_wconf 90' lang='lat' dir='ltr'>cessitas</span> <span class='ocrx_word' id='word_1_237' title='bbox 317 3323 378 3378; x_wconf 90' lang='lat' dir='ltr'>est.</span> <span class='ocrx_word' id='word_1_238' title='bbox 398 3308 487 3379; x_wconf 78' lang='lat' dir='ltr'>Audi</span> <span class='ocrx_word' id='word_1_239' title='bbox 503 3333 656 3402; x_wconf 87' lang='lat' dir='ltr'>quaenam</span> <span class='ocrx_word' id='word_1_240' title='bbox 668 3312 709 3380; x_wconf 88' lang='lat' dir='ltr'>sit</span> <span class='ocrx_word' id='word_1_241' title='bbox 726 3311 1004 3382; x_wconf 80' lang='lat' dir='ltr'>flamaxohimum</span> <span class='ocrx_word' id='word_1_242' title='bbox 1022 3313 1220 3403; x_wconf 87' lang='lat' dir='ltr'>Scytharum</span> <span class='ocrx_word' id='word_1_243' title='bbox 1261 3349 1263 3354; x_wconf 87' lang='grc'><em>·</em></span> 
     </span>
     <span class='ocr_line' id='line_1_29' title="bbox 170 3413 1252 3512; baseline 0.005 -27"><span class='ocrx_word' id='word_1_244' title='bbox 170 3415 265 3501; x_wconf 84' lang='lat' dir='ltr'>vira,</span> <span class='ocrx_word' id='word_1_245' title='bbox 300 3413 391 3510; x_wconf 93' lang='lat' dir='ltr'>qnod</span> <span class='ocrx_word' id='word_1_246' title='bbox 425 3415 613 3487; x_wconf 89' lang='lat' dir='ltr'>Nomadum</span> <span class='ocrx_word' id='word_1_247' title='bbox 637 3415 826 3485; x_wconf 92' lang='lat' dir='ltr'>institutum</span> <span class='ocrx_word' id='word_1_248' title='bbox 853 3415 941 3486; x_wconf 89' lang='lat' dir='ltr'>vitae.</span> <span class='ocrx_word' id='word_1_249' title='bbox 971 3417 1023 3488; x_wconf 88' lang='lat' dir='ltr'>Sic</span> <span class='ocrx_word' id='word_1_250' title='bbox 1054 3432 1221 3512; x_wconf 91' lang='lat' dir='ltr'>oporteret</span> <span class='ocrx_word' id='word_1_251' title='bbox 1246 3413 1252 3426; x_wconf 81' lang='lat'>&#39;</span> 
     </span>
     <span class='ocr_line' id='line_1_30' title="bbox 172 3522 1221 3614; baseline 0.004 -24"><span class='ocrx_word' id='word_1_252' title='bbox 172 3523 374 3592; x_wconf 83' lang='lat' dir='ltr'>Christianos</span> <span class='ocrx_word' id='word_1_253' title='bbox 390 3523 512 3608; x_wconf 86' lang='lat' dir='ltr'>vivere,</span> <span class='ocrx_word' id='word_1_254' title='bbox 528 3544 587 3614; x_wconf 88' lang='lat' dir='ltr'>per</span> <span class='ocrx_word' id='word_1_255' title='bbox 601 3522 716 3592; x_wconf 89' lang='lat' dir='ltr'>orbem</span> <span class='ocrx_word' id='word_1_256' title='bbox 732 3522 905 3592; x_wconf 86' lang='lat' dir='ltr'>circumire</span> <span class='ocrx_word' id='word_1_257' title='bbox 919 3527 1033 3594; x_wconf 76' lang='lat' dir='ltr'>contra</span> <span class='ocrx_word' id='word_1_258' title='bbox 1049 3523 1221 3594; x_wconf 89' lang='lat' dir='ltr'>diabolum</span> 
     </span>
    </p>
   </div>
   <div class='ocr_carea' id='block_1_9' title="bbox 172 3627 1323 3722">
    <p class='ocr_par' dir='ltr' id='par_1_9' title="bbox 172 3627 1323 3722">
     <span class='ocr_line' id='line_1_31' title="bbox 172 3627 1323 3722; baseline 0.003 -24"><span class='ocrx_word' id='word_1_259' title='bbox 172 3644 375 3722; x_wconf 87' lang='lat' dir='ltr'>pugnantes,</span> <span class='ocrx_word' id='word_1_260' title='bbox 400 3629 546 3722; x_wconf 88' lang='lat' dir='ltr'>captivos</span> <span class='ocrx_word' id='word_1_261' title='bbox 566 3629 608 3698; x_wconf 89' lang='lat' dir='ltr'>ab</span> <span class='ocrx_word' id='word_1_262' title='bbox 632 3627 689 3700; x_wconf 93' lang='lat' dir='ltr'>illo</span> <span class='ocrx_word' id='word_1_263' title='bbox 711 3629 862 3701; x_wconf 90' lang='lat' dir='ltr'>detentos</span> <span class='ocrx_word' id='word_1_264' title='bbox 881 3629 1075 3719; x_wconf 84' lang='lat' dir='ltr'>liberantes,</span> <span class='ocrx_word' id='word_1_265' title='bbox 1101 3632 1222 3702; x_wconf 89' lang='lat' dir='ltr'>relictis</span> <span class='ocrx_word' id='word_1_266' title='bbox 1321 3635 1323 3638; x_wconf 77' lang='grc'><strong>’</strong></span> 
     </span>
    </p>
   </div>
   <div class='ocr_carea' id='block_1_10' title="bbox 166 3735 1346 4048">
    <p class='ocr_par' dir='ltr' id='par_1_10' title="bbox 166 3735 1346 4048">
     <span class='ocr_line' id='line_1_32' title="bbox 175 3735 1222 3831; baseline 0.009 -29"><span class='ocrx_word' id='word_1_267' title='bbox 175 3735 330 3804; x_wconf 92' lang='lat' dir='ltr'>omnihus</span> <span class='ocrx_word' id='word_1_268' title='bbox 338 3736 550 3806; x_wconf 84' lang='lat' dir='ltr'>saecularibus</span> <span class='ocrx_word' id='word_1_269' title='bbox 563 3735 673 3806; x_wconf 90' lang='lat' dir='ltr'>rebus.</span> <span class='ocrx_word' id='word_1_270' title='bbox 687 3739 755 3807; x_wconf 85' lang='lat' dir='ltr'>Gur</span> <span class='ocrx_word' id='word_1_271' title='bbox 765 3735 901 3807; x_wconf 91' lang='lat' dir='ltr'>domum</span> <span class='ocrx_word' id='word_1_272' title='bbox 910 3761 1057 3831; x_wconf 86' lang='lat' dir='ltr'>apparas,</span> <span class='ocrx_word' id='word_1_273' title='bbox 1072 3739 1222 3811; x_wconf 76' lang='lat' dir='ltr'>chomor</span> 
     </span>
     <span class='ocr_line' id='line_1_33' title="bbox 174 3841 1222 3936; baseline 0.008 -27"><span class='ocrx_word' id='word_1_274' title='bbox 174 3843 228 3910; x_wconf 69' lang='lat' dir='ltr'>dn</span> <span class='ocrx_word' id='word_1_275' title='bbox 243 3855 284 3910; x_wconf 91' lang='lat' dir='ltr'>ut</span> <span class='ocrx_word' id='word_1_276' title='bbox 298 3841 441 3935; x_wconf 89' lang='lat' dir='ltr'>teipsum</span> <span class='ocrx_word' id='word_1_277' title='bbox 455 3846 556 3936; x_wconf 82' lang='lat' dir='ltr'>magis</span> <span class='ocrx_word' id='word_1_278' title='bbox 574 3844 721 3914; x_wconf 80' lang='lat' dir='ltr'>vincias?</span> <span class='ocrx_word' id='word_1_279' title='bbox 740 3867 799 3914; x_wconf 90' lang='lat' dir='ltr'>cur</span> <span class='ocrx_word' id='word_1_280' title='bbox 818 3847 1010 3916; x_wconf 80' lang='lat' dir='ltr'>thesaurum</span> <span class='ocrx_word' id='word_1_281' title='bbox 1026 3845 1170 3935; x_wconf 85' lang='lat' dir='ltr'>deludis,</span> <span class='ocrx_word' id='word_1_282' title='bbox 1187 3861 1222 3918; x_wconf 91' lang='lat' dir='ltr'>et</span> 
     </span>
     <span class='ocr_line' id='line_1_34' title="bbox 166 3944 1346 4048; baseline 0.006 -32"><span class='ocrx_word' id='word_1_283' title='bbox 166 3944 337 4019; x_wconf 87' lang='lat' dir='ltr'>inimicum</span> <span class='ocrx_word' id='word_1_284' title='bbox 359 3950 475 4022; x_wconf 71' lang='lat' dir='ltr'>contra</span> <span class='ocrx_word' id='word_1_285' title='bbox 489 3963 523 4020; x_wconf 85' lang='lat' dir='ltr'>te</span> <span class='ocrx_word' id='word_1_286' title='bbox 538 3951 679 4034; x_wconf 78' lang='lat' dir='ltr'>incitas?</span> <span class='ocrx_word' id='word_1_287' title='bbox 702 3974 763 4022; x_wconf 86' lang='lat' dir='ltr'>cur</span> <span class='ocrx_word' id='word_1_288' title='bbox 785 3973 897 4026; x_wconf 90' lang='lat' dir='ltr'>muros</span> <span class='ocrx_word' id='word_1_289' title='bbox 922 3951 1062 4024; x_wconf 83' lang='lat' dir='ltr'>aedificas</span> <span class='ocrx_word' id='word_1_290' title='bbox 1072 3955 1137 4048; x_wconf 66' lang='lat' dir='ltr'>,let</span> <span class='ocrx_word' id='word_1_291' title='bbox 1157 3953 1219 4024; x_wconf 90' lang='lat' dir='ltr'>tibi</span> <span class='ocrx_word' id='word_1_292' title='bbox 1341 3991 1346 4004; x_wconf 94' lang='lat'>·</span> 
     </span>
    </p>
   </div>
   <div class='ocr_carea' id='block_1_11' title="bbox 0 0 1496 4580">
    <p class='ocr_par' dir='ltr' id='par_1_11' title="bbox 0 0 1496 4580">
     <span class='ocr_line' id='line_1_35' title="bbox 0 0 1496 4580; baseline 0 0"><span class='ocrx_word' id='word_1_293' title='bbox 0 0 1496 4580; x_wconf 95' lang='lat' dir='ltr'> </span> 
     </span>
    </p>
   </div>
  </div>
 </body>
</html>
