2984 4580
289 400 352 461 366
441 411 620 461 nnnromct
643 412 668 458 s.
695 408 848 480 carnum,
874 401 950 458 plns
972 413 1017 473 11,
1041 411 1125 456 seor.
1151 415 1175 454 1.

286 530 320 586 te
336 516 476 601 redemi,
494 517 581 585 inter
600 513 712 607 epulas
722 513 889 606 acquisivi.
907 514 1007 582 Venit
1023 512 1176 597 ambitio,
1195 525 1229 580 et
1248 511 1328 584 dicit

285 621 347 691 tibi
366 650 373 691 :
393 619 494 690 Plane
517 643 610 690 meus
626 643 682 709 es3
698 617 802 688 nescis
822 617 912 710 qubd
929 619 1005 688 ideb
1023 620 1183 711 imperare
1203 617 1273 687 aliis
1294 633 1327 690 te
1389 694 1393 698 ,

285 726 365 812 feci,
384 740 423 796 ut
437 727 517 794 mihi
538 727 606 818 ipse
626 723 780 796 servires?
800 723 904 793 nescis
927 723 1019 816 qubd
1033 723 1109 794 idel>
1131 738 1327 818 potestatem
1438 775 1440 782 ,

285 834 363 904 inte
374 833 521 920 contuli,
538 848 578 903 ut
591 856 673 902 meae
688 845 722 902 te
733 831 925 924 subjicerem
941 833 1122 924 potestatil.
1181 835 1328 904 Veniunt

285 941 397 1012 omnia
411 940 506 1027 vitia,
521 940 692 1032 etsingula
701 938 817 1010 dicunt
832 967 840 1008 :
854 941 947 1010 Meus
957 962 1001 1009 es.
1022 943 1129 1023 Quem
1138 939 1222 1036 tanti
1236 963 1328 1012 com·

285 1037 531 1141 petuntqubm
545 1045 611 1118 vile
626 1045 827 1141 mancipium
844 1044 908 1114 est!

331 1182 348 1220 r
374 1154 550 1239 Quomodb
564 1155 641 1244 crgb
663 1166 702 1222 tu
722 1153 781 1246 qui
805 1151 997 1244 hujusmodi
1012 1174 1062 1238 es,
1080 1166 1182 1245 potes
1193 1151 1324 1224 dicere:

290 1260 390 1334 Iuro
403 1263 506 1330 sum?
521 1258 748 1352 Respondebit
763 1258 824 1327 tibi
836 1257 892 1328 ille
914 1286 922 1328 ι
940 1262 1015 1330 Non
1030 1259 1232 1352 quicumque
1249 1261 1328 1330 dicit

215 1408 217 1413 ·
284 1369 366 1438 mihi
385 1397 396 1439 :-
418 1367 589 1454 Domine,
615 1365 790 1452 Domtize,
819 1363 970 1435 intrabit
992 1367 1029 1435 in
1051 1390 1202 1463 reguum
1217 1365 1289 1436 coel
1311 1407 1327 1420 -

285 1477 397 1554 ruml.
409 1477 483 1546 Non
499 1471 701 1568 quicumque
720 1471 801 1553 dicit
816 1473 918 1542 mihi:
937 1471 1035 1542 Tuus
1051 1497 1142 1560 sum,
1158 1487 1251 1544 meus
1266 1488 1324 1544 est.

284 1585 379 1654 Meus
394 1579 492 1674 plane
511 1603 566 1666 es,
585 1581 612 1650 si
632 1603 747 1662 vocem
770 1603 838 1650 non
861 1577 1036 1670 redarguat
1060 1583 1276 1668 conscientia,
1303 1578 1329 1650 si

191 1679 195 1684 ¹
284 1711 470 1760 sermonem
488 1702 584 1758 tuum
604 1687 731 1756 animus
754 1701 812 1756 aut
834 1710 932 1780 opera
952 1711 1020 1758 non
1041 1685 1226 1772 refutent...
1243 1687 1328 1760 Nolo

283 1794 407 1864 babere
426 1795 593 1865 servulum
612 1793 763 1886 pluribus
782 1791 923 1862 dominis
939 1793 1175 1862 servientem..
1189 1795 1265 1865 Non
1281 1807 1329 1862 est

284 1925 398 1988 meus,
417 1925 518 1996 quem
537 1899 640 1972 libido
655 1899 845 1990 succendit3
862 1890 940 1992 quia
955 1923 1027 1969 mea
1040 1914 1088 1969 est
1100 1888 1240 1970 castitas.
1254 1905 1329 1973 Non

285 2023 334 2080 est
348 2031 453 2095 meus,
463 2030 563 2102 quem
578 2030 657 2076 cura
666 2005 826 2098 spoliandi
838 2007 981 2077 minores
992 2007 1241 2101 exagitat;,quia
1255 2031 1330 2078 mea

284 2115 455 2206 integritas
470 2128 529 2184 est.
547 2117 622 2185 Non
638 2127 687 2182 est
701 2135 793 2182 meus
814 2135 914 2206 quem
929 2115 977 2183 ira
993 2114 1124 2184 mobilis
1143 2114 1327 2207 inquietat3

284 2223 363 2315 quia
388 2245 461 2292 mea
476 2218 695 2314 tranquillitas
718 2235 778 2290 cst.
810 2223 885 2292 Non
913 2235 963 2290 est
988 2243 1081 2291 meus
1105 2221 1175 2291 vini
1195 2221 1330 2315 crapuld

272 2329 487 2401 ‘temulentus
501 2329 538 2399 in
552 2327 678 2416 lucem,
696 2329 875 2399 ambitione
889 2329 1001 2420 gloriae
1014 2329 1180 2400 saecularis
1199 2329 1326 2415 ebrium

284 2437 344 2529 qui
363 2437 397 2504 in
417 2433 602 2528 periculum
621 2459 690 2504 non
705 2435 806 2526 possit
821 2435 938 2504 sobriae
953 2435 1186 2505 moderationis
1202 2459 1329 2507 servare

284 2542 470 2631 vestigium.
490 2547 556 2609 Pax
569 2563 643 2610 sum
658 2563 731 2630 ego,
747 2540 873 2630 litigare
883 2564 952 2610 non
974 2529 1063 2613 novi.
1079 2541 1166 2624 Quid
1182 2534 1264 2611 mihi
1286 2541 1329 2614 ad

285 2669 362 2716 eum
386 2645 428 2717 de
450 2669 519 2740 quo
538 2647 649 2717 veniat
663 2645 830 2734 diabolus,
856 2661 890 2718 et
912 2648 1000 2720 dicat
1020 2653 1140 2720 :Meus
1162 2663 1228 2740 θεῖς
1251 2652 1328 2722 nam
1355 2731 1357 2735 ,

284 2753 366 2824 mihi
380 2777 439 2824 sua
454 2751 538 2823 colla
554 2754 714 2841 curvavit,
732 2777 805 2824 mea
817 2754 853 2824 in
864 2755 922 2826 illo
934 2755 1029 2850 plura
1039 2757 1166 2850 reperio
1184 2781 1328 2829 :nomen

278 2862 347 2946 sibi
360 2875 457 2932 tuum
471 2859 636 2947 vindicat,
653 2875 687 2930 et
697 2884 946 2956 meum-munus
958 2867 995 2933 2ἱ)
1020 2891 1037 2928 u

330 2973 386 3038 33⁰
397 2969 627 3060 Prosopopoeis
637 2968 744 3039 vicina
759 2982 808 3038 est
819 2955 875 3038 illa
886 2969 991 3060 figura
1009 2993 1085 3064 quae
1094 2969 1327 3043 Sermoeina·

287 3077 336 3147 tio
349 3075 482 3161 dicitur,
492 3098 635 3169 quaeque
647 3075 681 3142 in
691 3097 731 3144 eo
746 3075 904 3162 consistit,
919 3077 1010 3170 qubd
1021 3076 1247 3170 producantur
1258 3101 1327 3170 per·

286 3207 375 3254 sonae
391 3184 477 3253 inter
492 3207 527 3252 se
541 3182 766 3276 colloquentes
779 3197 836 3253 aut
851 3185 950 3254 etiam
966 3186 1180 3256 admonentes
1193 3188 1323 3280 seipsas.

286 3292 394 3384 Hujus
414 3292 540 3384 generis
562 3291 644 3360 nihil
666 3304 776 3384 potest
800 3291 975 3384 excogitari
995 3295 1203 3386 praestantius
1227 3297 1327 3388 qulm

285 3396 371 3469 illud
390 3411 510 3468 sanctae
534 3399 710 3490 Scripturas
733 3397 920 3486 oraculum,
946 3400 1038 3492 quod
1057 3415 1125 3471 non
1144 3399 1247 3472 semel
1266 3399 1326 3470 ad-

285 3505 455 3576 duxerunt
464 3505 554 3576 beati
568 3509 749 3576 Doctores:
1286 3595 1291 3604 .

330 3611 522 3708 Eoerguum
535 3624 589 3681 est
606 3623 737 3699 etcum
753 3609 860 3681 trodio
877 3625 1016 3705 tempus
1028 3613 1111 3684 vitre
1124 3627 1275 3702 nostroe,
1293 3625 1327 3682 et

286 3743 359 3788 non
381 3731 435 3788 est
455 3717 683 3814 refrigerium
703 3719 741 3786 in
750 3721 833 3813 fine
858 3715 1032 3806 bominis,
1051 3734 1087 3790 et
1105 3725 1248 3791 nonest
1267 3719 1330 3812 qui

286 3828 428 3921 agnitus
453 3827 501 3896 rit
517 3847 676 3897 reversus
698 3823 747 3895 ab
764 3825 919 3921 abjert's;
945 3827 1032 3916 quio
1052 3853 1101 3898 ear
1119 3825 1234 3899 ntlu‘lo
1248 3825 1330 3898 nati

321 3956 432 4020 tMattb.
444 3973 489 4022 vn,
503 3972 543 4008 ar.
560 3977 592 3993 -·
605 3959 652 4009 ²S.
666 3956 776 4008 llmbros.
791 3959 874 4008 Enarr.
888 3957 912 4008 in
922 3957 983 4010 Psal.
997 3967 1076 4012 caeru.
