2930 4582
134 411 137 415 ·
191 395 295 444 error
318 399 364 444 vr.
382 397 424 441 un
440 398 595 442 uurnono
618 396 654 442 m
675 394 883 442 coucromuus
905 386 1071 438 tumeret.
1098 373 1163 438 303

50 507 52 512 ’
78 503 86 518 “
123 514 338 608 criptionibus
363 535 472 584 rerum
490 512 630 597 habeas,
649 535 781 604 quaeso,
808 511 873 580 hoc
892 509 997 580 sancti
1016 507 1166 600 Gregorii

122 621 315 690 Nazianzeni
336 617 559 712 fragmentum
570 619 647 688 vitae
659 615 927 726 pontemplativae
942 614 1167 709 tranquillita-

124 737 190 796 tem
204 725 416 796 describentis
431 753 440 796 z

142 844 145 852 ’
171 859 188 898 «
209 829 298 902 Nihil
314 831 396 902 mihi
410 833 478 900 ttur
495 828 679 922 optandum
701 826 858 919 cuiquam
881 848 950 896 esse
972 823 1167 912 videbatur,

125 938 225 1034 quim
241 952 280 1008 ut
295 936 433 1008 occlusis
450 935 599 1006 sensibus
614 946 712 1028 atquc
727 934 817 1002 extri
836 955 969 1002 curnem
988 930 1171 1000 mundum-

127 1068 192 1140 que
203 1046 354 1137 positus,
372 1056 405 1112 et
419 1042 501 1110 inse
516 1040 620 1132 ipsum
638 1037 816 1123 collectus,
832 1061 914 1126 nec,
932 1037 993 1108 nisi
1008 1037 1172 1130 quuntlrm

51 1155 57 1169 ¹
124 1150 301 1219 necessitas
313 1148 424 1238 exigit,
436 1144 618 1240 quidquam
630 1145 850 1214 humanarum
866 1167 977 1216 rerum
992 1144 1170 1234 attingens,

128 1271 356 1352 atquesecum
373 1255 463 1346 ipse,
482 1265 515 1322 et
538 1270 614 1320 cum
632 1256 699 1320 Deo
714 1249 945 1344 colloquens²‚
970 1250 1173 1342 superiorem

128 1361 167 1430 iis
185 1361 285 1432 rebus
298 1413 307 1448 ,
322 1383 398 1453 quse
415 1359 449 1426 in
465 1371 630 1450 aspectum
646 1355 788 1442 cadunt,
804 1359 903 1426 vitem
927 1370 1014 1450 agat,
1027 1356 1170 1426 divinus·

130 1463 197 1562 que
213 1467 334 1562 specics
348 1487 445 1558 purus
456 1486 599 1556 semper,
614 1486 674 1534 nec
691 1462 826 1532 terrenis
846 1461 922 1534 ullis
938 1477 971 1532 et
985 1462 1172 1532 errantibus

131 1572 245 1644 lormis
269 1573 428 1644 admixtas
443 1625 453 1660 ,
470 1571 506 1642 in
529 1595 562 1640 se
585 1573 654 1666 ipso
669 1569 905 1657 circumierat,
925 1570 1056 1663 Deique
1072 1594 1110 1640 ae
1126 1593 1176 1638 re·

132 1705 206 1748 rum
220 1679 422 1766 divinarum,
441 1701 562 1772 purum
577 1679 713 1750 onrninb
728 1678 901 1774 speculum
917 1680 975 1763 sit,
993 1680 1029 1748 in
1041 1677 1177 1770 diesque

131 1783 318 1873 efficiatur,
339 1809 377 1854 ae
392 1783 502 1854 lucem
522 1807 582 1876 per
604 1783 715 1855 luceru
738 1784 897 1876 excipiat,
924 1783 1093 1852 clariorem
1118 1805 1177 1876 per

131 1891 356 1960 obscuriorem
375 1891 530 1984 :jlmque
545 1888 649 1960 futuri
661 1891 722 1960 aevi
739 1891 865 1960 bouum
880 1913 937 1983 spe
952 1889 1124 1984 percipiat,
1145 1902 1180 1960 et

131 2021 210 2067 euru
227 1993 351 2088 angelis
366 2010 532 2081 versetur,
548 2019 584 2066 ac
600 1995 678 2066 licet
691 1994 800 2066 adhue
815 1997 848 2068 in
865 1995 957 2070 terris
977 1998 1036 2083 sit,
1054 2010 1175 2066 terram

133 2103 263 2178 deserat
284 2116 384 2198 atque
410 2103 429 2171 d
454 2103 577 2196 Spiritu
597 2103 726 2174 sursirm
749 2103 940 2176 collocetur.
960 2104 1086 2197 Siquis
1105 2125 1180 2172 ves·

134 2211 226 2280 trium
241 2203 308 2281 boc
328 2233 439 2282 amore
454 2224 623 2306 correptus
640 2225 794 2298 tenetur,
817 2211 900 2306 quid
920 2211 1039 2296 dicam,
1054 2207 1181 2280 intelli·

80 2350 85 2354 ·
135 2317 206 2408 git,
230 2327 330 2410 atque
349 2313 484 2385 affectui
507 2317 556 2403 ei,
585 2317 620 2386 in
641 2341 741 2412 quem
768 2317 840 2390 tiuu
861 2317 985 2422 incidi,
1010 2315 1105 2388 facile
1129 2316 1187 2407 iga

134 2426 285 2493 noscet2.
306 2449 322 2486 n
1116 2434 1120 2438 '

182 2533 250 2599 Nee
267 2526 375 2596 minius
391 2526 501 2596 vivide
524 2527 619 2598 divus
634 2529 819 2622 Cyprianus
840 2527 1060 2622 quarumdam
1075 2526 1184 2598 loemi-
1238 2571 1242 2574 -
1334 2527 1337 2532 '

136 2657 259 2704 narum
275 2631 440 2702 lasciviam
460 2633 511 2702 his
525 2633 634 2704 verbis
647 2649 858 2728 repraesentat
876 2665 884 2706 ε

187 2773 203 2810 «
226 2739 393 2826 Quasdam
416 2765 484 2812 non
502 2739 607 2834 pudet
623 2743 825 2812 nubentibus
848 2744 1025 2828 iuteresse,
1045 2757 1079 2812 et
1097 2745 1184 2812 inter

135 2850 232 2922 illam
244 2847 465 2916 lascivientem
476 2845 661 2916 libertatem
673 2871 875 2934 sermonum,
885 2849 1049 2943 colloquia
1063 2849 1186 2918 incesta

138 2957 299 3044 miseere;
313 2952 445 3038 audire,
464 2953 555 3048 quod
566 2977 633 3022 non
648 2953 743 3024 decet
756 2985 765 3044 ς
778 2955 869 3050 quod
881 2980 949 3028 non
961 2957 1038 3027 lieet
1051 2954 1159 3028 dicere
1175 2983 1185 3026 ι

141 3063 335 3148 observare,
350 3072 383 3127 et
402 3081 470 3128 csse
488 3078 662 3154 praesentes
674 3060 760 3131 inter
784 3063 881 3154 uerba
900 3064 1008 3156 turpia
1026 3076 1060 3132 et
1075 3075 1189 3132 tumu-

141 3167 235 3238 lenta
250 3163 411 3250 eonvivia‚
423 3163 543 3257 quibus
553 3164 727 3236 libidinum
741 3165 845 3238 fomes
855 3169 1059 3254 succenditur,
1071 3191 1190 3262 sponsa

144 3273 189 3346 ad
214 3271 406 3370 patientium
432 3273 554 3362 stupri,
584 3273 626 3340 ud
652 3274 823 3345 audaciam
850 3299 987 3367 sponsus
1011 3277 1188 3346 animatur.

146 3383 229 3468 Quis
243 3379 292 3448 illi
307 3380 342 3450 in
359 3375 482 3471 nuptiis
504 3376 595 3448 locus
615 3394 680 3468 est,
698 3381 753 3450 cui
769 3381 896 3450 animus
912 3382 954 3454 ud
975 3383 1107 3473 nuptias
1123 3405 1193 3452 uon

148 3492 222 3562 est?
237 3493 306 3558 llut
323 3484 518 3557 voluntariae
532 3483 600 3554 illic
615 3500 649 3556 et
660 3485 756 3568 ,laerae
777 3511 845 3558 esse
868 3512 944 3581 quae
961 3502 1116 3580 possunt,
1133 3487 1195 3559 ubi

150 3611 185 3668 et
200 3595 309 3666 studia
326 3609 358 3664 et
381 3607 459 3664 vota
477 3592 604 3664 diversa
626 3599 726 3667 sunt?
751 3595 840 3680 Quid
866 3595 933 3666 illic
948 3596 1086 3682 dieitur,
1113 3593 1196 3688 quid

150 3703 311 3775 videtur?
326 3699 524 3788 Quantbml
539 3702 706 3798 proposito
725 3726 785 3776 suo
807 3703 898 3796 virgo
913 3701 1039 3790 deluit,
1060 3700 1196 3797 quaudb

192 3859 201 3888 ¹
220 3853 302 3908 teor.
313 3864 369 3914 xer,
380 3836 519 3914 immitis
529 3847 788 3920 lamundum
798 3850 1198 3922 cruentatione-Mue-
1220 3806 1227 3818 Ι
1258 3831 1260 3841 ¹

155 3949 208 4002 gor.
223 3931 306 3985 Theoi.
320 3933 390 3985 Oret.
404 3946 432 3994 n,
445 3946 469 3980 u.
484 3945 509 3996 7.
