2984 4580
251 379 315 438 372
394 388 572 452 nnuuonrct
595 387 621 432 S.
648 389 795 450 aurnum,
821 387 896 434 alus
920 393 969 448 11,
995 389 1079 432 sacr.
1106 390 1128 431 r.

245 506 295 561 tes
311 490 484 574 orationes,
502 487 627 557 oriente
642 485 726 572 sole,
745 486 864 577 singuli
879 485 921 556 ad
936 509 1034 555 suum
1054 507 1136 575 opus
1152 507 1186 552 sc
1204 507 1286 554 con-

245 597 377 682 ferunt,
391 598 469 667 lrlnc
484 617 640 685 magnum
652 594 760 685 egenis
775 608 971 686 proventum
988 606 1151 686 parantes.

291 731 306 769 u
326 703 390 772 Ubi
415 715 492 770 sunt
512 724 603 770 nunc
625 699 754 794 itti‘qui
784 699 953 768 diabolicis
969 699 1077 769 choris
1099 719 1133 766 se
1157 697 1288 767 dedunt

244 809 500 902 meretriciisque
534 807 715 893 cantibus,
750 818 784 876 et
808 805 844 874 in
870 805 1004 876 theatris
1036 804 1184 875 sedent?
1211 808 1287 875 Non

243 916 313 986 sint
337 914 464 1008 pudore
489 912 563 984 illos
590 935 771 982 memorare
801 935 956 1004 possum,
988 910 1047 982 sed
1077 911 1121 980 ob
1146 909 1286 980 infirmi-

207 1025 211 1032 ’
241 1035 343 1093 tatem
362 1037 503 1094 vestram
519 1021 556 1090 id
577 1019 685 1090 lacere
706 1020 979 1114 operui-pretium
1001 1017 1112 1090 fuerit.
1135 1020 1218 1089 me
1241 1019 1287 1089 ait

201 1133 210 1144 '
243 1123 1286 1222 Paulus:Sicutigitureoelribur'str'smembraoestraseruire

242 1233 494 1320 immundities,
508 1231 562 1302 irat
577 1256 673 1304 nunc
688 1232 855 1304 exbibete
871 1231 934 1303 illa
945 1235 1076 1305 seruire
1084 1233 1238 1329 justitiis
1248 1235 1286 1302 in

241 1341 567 1436 sanctificationem
577 1344 600 1408 ¹.
613 1343 679 1412 Nos
690 1341 803 1434 itaque
812 1342 951 1411 chorum
964 1341 1059 1412 illum
1074 1341 1286 1410 meretricum

239 1449 416 1523 mulierum
428 1447 645 1542 exploremus,
660 1471 790 1519 necnon
802 1463 1033 1542 corruptorum
1038 1452 1212 1543 juvenum,
1226 1449 1285 1542 qui

238 1573 326 1630 stant
347 1559 382 1626 in
403 1559 521 1644 scena,
540 1571 574 1627 et
589 1563 815 1650 comparemus
839 1580 894 1626 eos
910 1557 1052 1627 cumbis
1068 1557 1172 1628 beatis
1188 1557 1282 1643 viris,

239 1663 332 1758 quod
352 1663 395 1733 ad
413 1662 618 1755 voluptatem
638 1663 781 1756 pertinet
804 1693 812 1733 ι
834 1657 1089 1756 qubvoluptate
1108 1663 1284 1756 capiuntur

238 1771 334 1842 multi
346 1773 535 1864 juvenescit
551 1770 853 1862 negligentioribus,
868 1770 1002 1840 illorum
1014 1773 1138 1842 artibus
1152 1772 1281 1840 irretiti.

239 1878 382 1970 Tantum
393 1878 481 1946 enirn
496 1879 583 1946 inter
595 1892 752 1971 utrosque
765 1878 940 1959 discrimen
952 1879 1162 1972 reperiemus
1177 1902 1283 1972 quan-

236 1999 309 2055 tum
324 1985 409 2053 inter
425 1983 559 2074 angelos
574 1984 609 2052 in
625 1983 709 2052 coelo
725 1999 896 2070 canentes,
915 1999 948 2054 et
962 2007 1095 2056 suavem
1111 1983 1202 2054 illam
1213 2008 1282 2054 mc·

236 2091 361 2163 lodiam
377 2091 579 2177 emittentes,
602 2105 635 2160 ct
650 2114 747 2160 canes
767 2115 949 2186 porcosque
965 2094 1000 2161 in
1021 2093 1101 2163 fimo
1117 2093 1281 2180 ululantes

167 2224 171 2234 ‘
238 2213 272 2268 et
288 2197 513 2290 grunnientes.
531 2202 593 2266 Per
602 2197 722 2278 horum
731 2199 819 2267 enim
831 2221 888 2268 ora
900 2199 1060 2286 Christus,
1077 2223 1137 2292 per
1147 2199 1282 2271 illorum

235 2304 384 2396 linguam
400 2303 552 2374 diabolus
572 2301 732 2400 loquitur.
751 2305 854 2374 Tibiae
867 2304 931 2376 illis
946 2307 1114 2377 incondita
1129 2330 1209 2378 voce
1226 2331 1281 2378 so-

235 2425 329 2497 nant,
347 2409 633 2503 injucundumque
646 2419 815 2502 aspectum
830 2411 954 2481 inllatae
971 2435 1064 2504 genae
1085 2427 1119 2483 et
1136 2414 1282 2484 distracti

234 2517 328 2587 nervi
345 2515 495 2586 efficiunt
519 2545 526 2586 :
552 2516 668 2586 verbm
684 2516 738 2586 hic
762 2518 864 2608 gratia
887 2519 1028 2610 Spiritds
1050 2521 1202 2608 insonat,
1221 2545 1281 2614 pro

241 2621 336 2710 tibia,
363 2624 488 2692 cithara
510 2637 544 2692 et
568 2624 725 2714 syringe,
746 2639 934 2696 sanctorum
958 2621 1095 2698 vocibus
1114 2653 1184 2698 usa.
1209 2631 1280 2700 Imb

239 2729 446 2826 quantalibet
467 2729 635 2819 dicamus,
662 2754 731 2802 non
760 2755 932 2825 possumus
961 2735 1051 2804 illam
1075 2737 1281 2828 voluptatem

237 2835 422 2910 describere
450 2839 639 2909 hominibus
669 2839 741 2909 luto
773 2853 806 2910 et
836 2841 978 2912 lateritio
1004 2844 1095 2934 operi
1128 2841 1277 2912 addictis·

239 2952 344 3028 Quare
355 2945 474 3015 vellem
486 2946 675 3038 quempiam
690 2968 730 3014 ex
744 2929 979 3017 insanientium
994 2948 1127 3018 illorum
1141 2973 1280 3019 numero
1348 2995 1351 3002 ·

160 3125 161 3128 ,
238 3051 318 3120 illuc
327 3049 502 3135 adducere,
517 3064 555 3118 ut
567 3053 706 3119 chorum
717 3049 811 3120 illum
821 3055 1159 3140 sanctorumvidcret,
1174 3078 1282 3148 neque

237 3157 319 3226 mihi
333 3155 413 3224 tunc
424 3155 533 3226 verbis
550 3169 633 3224 esset
647 3179 741 3248 opus.
760 3159 926 3228 uaetertm
936 3161 995 3231 etsi
1009 3159 1117 3232 luteos
1132 3161 1281 3232 homines

239 3262 467 3358 alloquamur,
490 3286 529 3332 ex
549 3262 622 3335 luto
637 3263 716 3358 illos,
727 3278 759 3334 et
775 3289 814 3334 ex
827 3291 924 3338 coeno
939 3269 1100 3361 paulatim
1116 3270 1282 3340 abducere

240 3371 451 3446 tentabimus.
473 3369 544 3442 llllc
560 3371 733 3463 enimigne
748 3373 869 3464 impuri
886 3377 1002 3444 amoris
1022 3379 1132 3446 statim
1156 3377 1282 3446 inflam-

241 3483 351 3548 matur
364 3475 494 3546 auditor
514 3505 522 3547 :
544 3479 620 3546 narn
636 3479 729 3570 quasi
744 3501 813 3548 non
828 3479 903 3548 satis
915 3479 998 3550 esset
1012 3480 1054 3550 ad
1070 3483 1217 3551 animum
1228 3481 1282 3550 in-

241 3587 478 3655 flammandum
494 3585 672 3654 meretricis
688 3599 853 3676 aspectus,
872 3611 912 3656 ex
927 3599 1007 3658 v'oce
1023 3591 1156 3682 quoque
1173 3589 1282 3682 perni-

241 3695 325 3764 ciem
341 3693 508 3787 adjiciunt.
528 3695 590 3763 Hic
611 3707 721 3762 autem
737 3694 763 3762 si
779 3695 860 3788 quid
874 3695 977 3763 simile
992 3698 1136 3766 hauserit
1153 3697 1280 3783 anima,

239 3800 349 3870 statim
361 3800 509 3892 deponit.
523 3804 637 3892 Neque
652 3823 716 3872 vox
733 3799 860 3872 tantum
876 3799 1024 3888 illorum,
1042 3802 1099 3872 sed
1116 3805 1214 3874 etiarn
1230 3827 1281 3873 as·

278 3929 369 3978 ¹llom.
382 3942 415 3991 rr,
431 3927 470 3978 13.
