2992 4590
252 458 355 508 otrus·
376 461 659 510 vasionensium
682 463 718 508 ur
739 463 947 510 corromrurus
970 460 1137 511 aurarum.
1164 447 1226 512 171

187 579 300 631 omues
315 559 468 648 erudivit,
483 575 521 632 ac
540 543 727 631 sublimiter
741 561 835 654 loqui
845 561 972 650 docuit,
989 565 1229 659 hominumque

186 667 310 736 animos
326 669 346 736 a
360 667 458 760 rebus
471 667 688 760 praesentibus
703 665 882 736 abstractos
897 668 938 736 ad
947 667 1059 739 lutura
1070 671 1226 742 traduxit.

231 799 249 838 u
273 772 443 844 Laudatur
458 773 548 867 apud
563 771 720 843 Davidem
731 770 806 840 solis
817 771 1044 865 pulchritudo,
1062 778 1229 868 utmagni-

185 882 287 968 tudo,
306 895 339 951 et
359 882 475 952 oursfis
497 882 660 966 celeritas,
678 893 712 948 et
725 880 773 950 vis
789 904 826 950 oc
851 878 1006 972 incultam
1029 883 1153 975 quippe
1171 885 1229 978 qui

168 1073 169 1080 ἵ
184 1013 339 1083 sponsum
356 990 550 1082 splendore,
574 987 738 1080 gigantem
760 987 989 1078 magnitudine
1009 985 1129 1060 referat
1146 993 1174 1076 ²,
1192 1013 1230 1060 ao

184 1097 284 1192 longe
306 1097 441 1190 lateque
455 1091 715 1188 progrediendo,
736 1106 863 1163 tantam
883 1095 950 1162 vim
966 1094 1107 1179 habent,
1127 1107 1166 1164 ut
1187 1097 1229 1165 ab

184 1196 341 1274 extremis
351 1219 497 1273 extrema
507 1202 602 1296 aeque
613 1201 793 1287 collustret,
811 1221 872 1270 neo
886 1199 1035 1281 locorum
1050 1202 1229 1273 intervallis

183 1312 287 1404 ipsius
308 1311 398 1380 calor
410 1309 480 1379 ullo
500 1309 599 1378 modo
619 1309 798 1378 minuatur.
817 1309 936 1379 Basilio
952 1321 1063 1378 autem
1078 1311 1228 1403 pulchri·

183 1417 286 1503 tudo,
306 1418 409 1486 virtus
422 1415 502 1504 fuitg
519 1413 729 1506 magnitudo,
751 1413 938 1506 theologia,
956 1439 1090 1501 cursus,
1108 1439 1228 1510 perpe-

183 1519 243 1592 tua
262 1521 378 1592 mentis
405 1523 554 1612 agitatio,
579 1545 638 1614 per
659 1521 869 1614 quotidianos
893 1545 1043 1592 aseensus
1063 1522 1107 1592 ad
1122 1529 1228 1594 Deum

169 1627 307 1718 „ferens3
325 1629 491 1720 potentia,
511 1627 671 1722 doctrinae
692 1651 804 1698 semen
830 1651 867 1698 ao
888 1629 1087 1700 distributio.
1111 1633 1228 1724 Itaque

180 1760 224 1805 ne
243 1723 307 1806 hoc
326 1733 462 1830 quidem
485 1737 567 1804 mihi
591 1731 701 1806 dicero
722 1736 905 1806 verendum
928 1751 992 1822 est,
1017 1735 1067 1807 In
1083 1761 1228 1809 omnem

182 1832 456 1912 terramsonum
466 1840 561 1912 illius
578 1843 721 1930 exiisse,
735 1856 845 1934 atque
857 1843 997 1938 infines
1012 1841 1110 1912 orbis
1122 1858 1227 1915 terrce

179 1951 248 2020 vim
270 1949 357 2019 illius
377 1950 555 2020 verborum
578 1955 609 2038 ²3
627 1949 719 2044 quod
741 1949 784 2019 de
806 1949 961 2042 apostolis
980 1949 1102 2020 Paulus
1116 1953 1225 2038 dixit,

181 2056 338 2127 aDavide
349 2071 532 2130 mutuatus.
555 2062 717 2141 Quaenam
737 2058 837 2129 hodie
853 2057 915 2128 alia
930 2057 1030 2127 ullius
1046 2060 1228 2130 conventias

180 2164 318 2234 laetitia?
334 2189 409 2260 quae
421 2166 647 2236 conviviorum
659 2163 833 2256 voluptas?
844 2186 920 2257 quaa
937 2162 1019 2233 sori?
1030 2189 1105 2257 quae
1122 2165 1228 2235 ecole-

10 2287 11 2340 1
73 2355 77 2360 Ι
181 2271 327 2340 siarum?
340 2295 416 2364 quae
430 2271 617 2363 principum
633 2284 666 2338 et
680 2271 883 2362 privatorum
901 2269 1051 2339 deliciae?
1065 2283 1140 2364 quae
1155 2295 1228 2340 mo-

181 2379 378 2464 nachorum,
395 2391 452 2447 aut
464 2401 590 2464 eorum,
605 2377 664 2470 qui
678 2377 833 2447 societate
846 2377 1011 2469 gaudent?
1025 2403 1100 2472 quae
1112 2401 1227 2448 eorum

179 2484 287 2577 quise
302 2486 321 2553 a
334 2485 472 2574 negotiis
490 2485 717 2570 removerunt,
735 2483 789 2555 vel
807 2483 1039 2576 eorumquiin
1057 2485 1155 2554 rebus
1171 2509 1227 2578 ge-

180 2591 291 2670 rendis
310 2595 501 2662 versantur?
524 2616 600 2685 quae
625 2613 738 2661 eornm
763 2592 821 2685 qui
842 2591 1008 2684 profanae,
1034 2591 1087 2662 vel
1112 2617 1226 2664 eorum

179 2698 239 2791 qui
262 2711 383 2768 nostrae
404 2697 585 2789 disciplinae
604 2698 749 2765 studium
768 2699 985 2789 profitentur?
1001 2703 1092 2784 Una,
1108 2714 1149 2796 et
1168 2723 1227 2792 per

180 2805 308 2889 omnia,
327 2817 360 2873 et
372 2804 512 2872 maxima
527 2802 720 2888 oblectatio,
735 2801 1004 2872 illius‘volumina
1020 2818 1053 2871 et
1067 2803 1226 2874 lucubra-

178 2911 298 2980 tiones.
323 2914 390 2980 Nec
411 2909 624 3002 scriptorih‘us
645 2909 781 2978 materia
805 2907 874 2979 nlla
900 2908 962 2978 alia
986 2923 1019 2978 et
1038 2911 1132 3002 copia
1155 2927 1230 3004 post

174 3041 280 3104 eum,
302 3018 547 3111 praeteripsius
568 3019 711 3110 scripta,
737 3017 893 3110 suppetit.
930 3017 1072 3089 Silentur
1096 3033 1225 3105 vetera,

179 3149 400 3222 quaecumque
424 3126 461 3194 in
491 3125 679 3196 divinorum
708 3126 926 3196 Otaoulorum
956 3126 1226 3223 explanatiopea

179 3231 379 3328 quibusdam
401 3231 567 3302 elaborata
587 3245 664 3323 sunt
683 3260 690 3300 :
709 3256 795 3301 nova
819 3233 1060 3324 praedicantum
1083 3249 1182 3328 atque
1200 3237 1227 3304 is

180 3339 272 3433 apud
294 3363 353 3409 nos
376 3339 614 3408 eruditissimus
636 3338 795 3422 habetur,
814 3339 873 3430 qui
893 3337 994 3406 libros
1010 3340 1109 3431 ipsius
1125 3345 1225 3434 quarn

178 3447 323 3516 maxime
342 3444 511 3537 intelligit,
531 3469 569 3514 ac
583 3443 697 3535 lingua
715 3456 839 3529 versat,
858 3443 1058 3536 auribusque
1074 3446 1221 3516 instillat.

180 3557 274 3622 Unus
289 3553 389 3638 enim,
407 3553 556 3622 oninium
570 3550 660 3636 locu,
678 3550 829 3620 studiosis
845 3550 886 3618 ad
903 3548 1121 3622 eruditionem
1138 3575 1225 3620 oom-

178 3661 359 3754 parandam
375 3659 496 3730 sufficit
509 3662 534 3728 ³.
555 3685 589 3726 u,
1138 3751 1140 3756 ,
1168 3717 1170 3719 ,

225 3771 274 3836 7⁰.
299 3767 469 3853 Basiliam,
489 3789 588 3861 quem
609 3767 678 3859 jam
697 3763 740 3834 de
765 3765 919 3836 omnibus
943 3763 1107 3852 laudarit,
1126 3789 1222 3836 oom-

217 3921 225 3948 ¹
237 3911 299 3962 Psal.
314 3927 387 3976 rvur,
398 3911 424 3962 6.
437 3935 469 3948 ·-
481 3921 491 3946 ²
503 3910 566 3961 Ibid.
581 3909 606 3976 5,
621 3917 648 3962 et
661 3914 731 3963 Rom.
745 3925 770 3974 x,
783 3913 821 3962 18.
833 3937 865 3948 -
880 3909 890 3949 ³
902 3913 926 3963 S.
942 3914 1042 3978 Gregor.
1057 3911 1139 3966 Theoi.
1149 3910 1221 3965 Orat.

180 4009 249 4061 mu,
261 4012 287 4046 n.
301 3995 344 4061 65,
361 3995 404 4045 66.
