2930 4582
273 420 336 484 256
420 433 599 482 ιιιιιιιοιιιιι
621 435 647 480 s.
674 432 829 494 carrusa,
852 431 928 482 slus
950 440 1000 497 ιι,
1025 438 1109 482 scer.
1135 442 1159 482 1.

273 535 498 609 Sanctusantb
514 527 627 605 omnes
642 533 862 623 Hieronymus
884 536 1064 628 Synagogae
1084 549 1118 605 et
1136 537 1308 624 Ecclesiae,

270 637 1248 738 quoddeduabusillismulieribusrelertur,noninleliciter
1261 643 1313 713 his

270 751 378 825 verbis
393 745 642 822 accommodat:
1027 828 1029 831 Ι

329 854 605 954 «interpretatio
623 855 741 950 judicii
764 855 946 930 Salomonis
969 880 1073 952 super
1103 858 1214 954 jurgio
1235 850 1313 930 du‘a·

270 969 344 1039 rum
372 966 551 1038 mulierum
575 963 787 1034 meretricum
803 967 840 1052 ¹,
866 964 1029 1059 quantum
1057 965 1101 1035 ad
1130 965 1313 1059 simplicem

269 1075 438 1148 historiam
456 1073 618 1168 pertinet,
639 1073 812 1166 perspicua
834 1085 917 1143 est:
935 1073 1028 1167 qubd
1049 1095 1133 1165 puer
1150 1097 1314 1145 annorum

269 1183 445 1255 duodecim
470 1182 583 1252 contra
606 1179 711 1248 aetatis
733 1203 802 1249 suae
825 1202 1014 1250 mensuram
1037 1179 1080 1249 de
1104 1181 1223 1252 intimo
1247 1182 1312 1252 hu·

268 1314 375 1362 manac
391 1303 518 1360 naturae
529 1261 685 1382 judlcdrit
700 1286 835 1358 affectu
854 1286 949 1356 Unde
966 1301 1000 1356 et
1017 1285 1195 1359 admiratus
1210 1302 1260 1359 est
1281 1303 1314 1360 et

267 1397 439 1494 pertimuit
452 1394 548 1466 illum
563 1393 794 1480 οιιιιιίιΙιιιόΙ,
812 1392 1130 1488 qubdsoiliceteum
1140 1393 1312 1466 manifesta
1352 1415 1357 1424 ’

268 1531 337 1579 non
358 1506 526 1599 lugerent,
544 1504 602 1598 qui
625 1504 693 1573 tam
716 1501 898 1596 prudenter
912 1503 1336 1597 absconditadeprehen?

268 1615 378 1687 disset.
402 1611 571 1698 Quantum
592 1625 703 1682 autem
728 1611 770 1680 ad
786 1613 914 1704 typicos
937 1614 1080 1705 pertinet
1102 1611 1309 1699 intellectus,

268 1723 401 1793 dicente
416 1719 597 1814 Apostolo:
615 1719 711 1790 Hoec
726 1721 850 1792 omnia
867 1722 1038 1818 r'nfigurd
1050 1717 1313 1818 bontrhgebant

268 1828 351 1917 illis,
367 1831 506 1921 scripta
517 1840 601 1897 sunt
612 1841 736 1898 autem
751 1825 798 1897 de
813 1825 929 1914 nobes,
948 1829 986 1897 in
1001 1851 1091 1919 quos
1094 1830 1194 1924 fines
1204 1851 1312 1898 soeorr»

268 1936 385 2010 lorum
409 1933 684 2022 decurrerem,
700 1933 837 2029 quidam
852 1937 1044 2006 Graecorum
1059 1949 1233 2006 autumant
1242 1945 1246 1954 '
1256 1960 1311 2006 su-

266 2069 326 2140 per
343 2043 517 2135 synagoga
529 2055 562 2128 et
577 2039 722 2112 Ecclesia
737 2040 963 2128 sentiendum,
981 2056 1015 2112 et
1029 2041 1071 2112 ad
1084 2041 1168 2112 illud
1182 2056 1310 2136 tempus

266 2164 386 2223 cuncta
402 2147 586 2235 reserenda,
600 2148 734 2240 quando
750 2162 822 2237 post
835 2167 967 2233 crucem
978 2162 1012 2218 et
1023 2150 1305 2235 resurrectionem,

266 2247 386 2330 tamin
406 2255 522 2343 lsrael,
540 2257 640 2350 quam
652 2255 687 2323 in
704 2254 853 2347 gentium
871 2255 996 2349 populo
1018 2278 1114 2326 verus
1136 2256 1306 2344 Salomon,

265 2366 365 2437 idest
381 2365 559 2454 Pacificus,
577 2383 712 2453 regnare
732 2361 882 2456 coeperit.
900 2363 999 2446 Quod
1019 2377 1130 2433 autem
1151 2363 1308 2434 adulterae

244 2488 299 2548 ¹et
320 2469 524 2555 meretrices,
549 2472 719 2558 synagoga
737 2482 772 2537 et
794 2467 940 2538 Ecclesia
963 2468 1117 2540 dicantur
1140 2471 1174 2540 in
1201 2472 1310 2564 Scrip-

148 2636 150 2640 ,
265 2580 365 2666 turis,
387 2575 480 2650 nulla
501 2573 667 2643 dubitatio
686 2587 752 2664 est,
778 2586 812 2643 et
833 2575 897 2644 hoc
917 2574 1025 2668 prima
1046 2574 1157 2646 fronte
1179 2577 1309 2648 videtur

265 2709 334 2757 esse
348 2683 589 2776 blasphemum.

311 2821 328 2859 ι
353 2789 519 2864 Caeterirm
544 2787 571 2858 si
589 2807 795 2866 recurramus
815 2787 858 2856 ad
881 2788 1080 2880 Prophetas,
1097 2790 1197 2876 Osee,
1215 2789 1306 2860 vide-

168 2939 172 2949 ν
263 2901 353 2987 licet,
377 2899 435 2993 qui
458 2895 585 2989 accepit
603 2916 739 2964 uxorem
759 2891 982 2994 fornicariam,
1009 2907 1042 2963 et
1059 2909 1200 2987 ‘generat
1223 2895 1306 2967 filios

235 3079 237 3086 ,
263 3003 509 3088 fornicationis,
528 3015 562 3070 et
576 2999 696 3069 deinde
708 2998 892 3070 adulteram
908 3001 943 3091 ³3
960 3013 994 3069 et
1015 2999 1058 3070 ad
1075 3003 1229 3072 Ezechiel
1248 3003 1305 3098 qui

264 3113 445 3200 Jerusalem
472 3109 568 3204 quasi
596 3107 802 3177 meretricem
828 3108 936 3199 arguit
959 3109 989 3196 ⁴,
1007 3109 1100 3202 qubd
1122 3123 1235 3180 secuta
1264 3111 1306 3180 sit

212 3295 214 3300 ,
264 3235 425 3294 amatores
449 3241 537 3302 snos,
565 3229 599 3285 et
619 3213 846 3286 divaricaverit
866 3214 957 3284 omni
978 3217 1161 3285 transeunti
1184 3216 1302 3310 pedes,
1325 3272 1330 3288 .

263 3331 470 3424 lupanarque
499 3325 534 3394 in
549 3321 624 3393 loco
643 3321 770 3392 celebri
786 3321 984 3410 extruxerit,
1007 3321 1304 3393 animadvertemus

263 3440 432 3514 Christum
447 3434 569 3505 ideircb
587 3431 712 3503 venisse
725 3443 765 3499 ut
779 3429 965 3518 meretrices
980 3427 1119 3500 donaret
1132 3431 1303 3502 matrimo-

263 3549 331 3635 nio,
348 3546 438 3616 etde
453 3541 584 3612 duobus
600 3537 754 3630 gregibus
769 3559 874 3605 unum
887 3535 978 3607 ovile
983 3533 1105 3606 faceret
1107 3536 1304 3633 m,edioque

263 3655 387 3749 pariete
401 3651 590 3732 destructo,
612 3643 649 3711 in
664 3640 792 3711 easdem
808 3639 917 3712 caulas
937 3665 1013 3713 oves
1028 3641 1119 3734 priris
1139 3643 1303 3714 morbidus

263 3770 488 3852 congregaret.
507 3757 568 3824 11ae
583 3762 661 3820 sunt
675 3747 794 3818 duae
763 3771 874 3840 vrrgae,
888 3773 964 3842 quae
971 3750 1159 3842 junguntur
1173 3754 1209 3820 in
1221 3755 1304 3821 Eze-

247 3866 361 3952 chiel,
384 3877 418 3934 et
440 3858 618 3954 dequibus
638 3879 698 3949 per
714 3856 903 3946 Zachariam
919 3856 1076 3925 Dominus
1094 3854 1228 3927 relert:
1250 3855 1303 3928 Et
1378 3909 1383 3916 .

234 3997 237 4009 ’
299 4006 307 4034 ι
323 3995 347 4046 3,
360 3997 422 4058 fleg.
435 4004 473 4042 nr.
487 3996 544 4026 -ι
560 4001 571 4038 ι
585 3988 644 4038 (lore
661 4001 687 4050 r,
702 4000 744 4059 ιι.
758 4007 790 4021 -
804 3980 815 4020 ³
828 3983 899 4036 csso.
914 4001 938 4036 r.
951 4007 984 4022 ·-
999 3986 1013 4030 ⁶
1029 3985 1149 4038 Ezsdrial.
1167 4002 1217 4038 rvr.
