2930 4582
222 467 324 514 staur
347 475 392 515 vr.
411 473 452 514 mr
469 441 626 515 massono
651 473 685 515 m
708 471 914 515 concionibus
937 467 1103 514 anniam.
1130 453 1196 514 ata

154 568 220 637 hirc
239 565 389 638 leniendi
398 567 622 638 necessitatem
637 567 817 652 attulerint,
833 567 1043 653 nos'scilicet‚
1055 581 1088 638 et
1100 589 1192 658 grex,

153 687 186 743 et
201 690 323 766 pastor,
338 699 414 766 age,
430 699 491 768 pro
501 700 540 744 eo
556 674 734 744 curationis
749 675 876 766 spiritu,
891 699 958 766 quo
973 673 1131 767 praeditus
1147 699 1192 761 es,

153 803 240 866 eam,
259 806 333 873 quae
355 783 476 874 cuique
490 789 565 873 apta'
582 781 638 866 sit,
654 779 850 848 medicinam
868 777 1003 863 adhibe,
1021 804 1058 848 ac
1070 805 1195 851 sermo·

152 911 228 956 nem
241 911 317 956 curn
329 888 455 981 judicio
467 888 615 978 dispone,
632 911 699 980 quo
716 900 749 956 te
761 885 929 976 sapientiae
945 887 1079 954 nominc
1095 889 1195 978 magis

151 991 362 1062 admiremur.
378 998 530 1076 Quonam
541 1007 651 1062 autem
667 990 765 1060 modo
777 991 950 1082 dispones?
966 989 1017 1060 sd
1034 1004 1196 1081 pastorem

149 1098 243 1191 quod
255 1100 384 1184 attinet,
400 1101 427 1166 si
440 1098 534 1167 illum
545 1101 589 1167 ob
605 1099 773 1182 virtutem,
792 1111 830 1166 ut
845 1121 903 1188 par
919 1111 979 1180 est,
998 1095 1193 1183 laudaveris,

148 1225 219 1272 non
245 1205 352 1273 solinu
375 1219 414 1274 ut
438 1227 523 1296 puro
548 1227 664 1294 puram
688 1203 890 1287 orationem,
921 1203 1024 1270 instar
1048 1202 1196 1271 funebris

149 1311 324 1404 cujusdam
348 1313 506 1395 muneris,
525 1309 663 1400 inseras3
677 1311 733 1380 sed
754 1324 792 1379 ut
808 1311 906 1379 etiam
928 1309 996 1380 aliis
1014 1309 1102 1378 illius
1118 1310 1194 1378 vitae

150 1420 330 1502 rationem,
354 1419 508 1510 tanquam
535 1417 664 1508 pietatis
690 1416 832 1486 formam
856 1431 890 1486 et
913 1415 1192 1504 admonitionem,

150 1528 325 1614 proponas.
341 1528 405 1594 Nos
421 1525 498 1592 verb
514 1523 605 1616 quod
622 1538 768 1615 spectat,
787 1523 814 1592 si
826 1521 868 1592 de
882 1524 948 1592 vital
964 1537 997 1608 et
1013 1537 1133 1607 morte,
1152 1522 1194 1592 de

151 1629 270 1696 animae
294 1643 392 1721 atque
413 1631 557 1720 corporis
577 1631 811 1722 conjunctione
832 1654 868 1698 ae
894 1629 1129 1720 disjunctione,
1152 1626 1194 1696 de

147 1732 280 1802 duobus
291 1736 437 1819 mundis,
447 1736 511 1804 hoc
527 1750 587 1820 est,
604 1736 645 1802 de
658 1736 811 1827 praesenti
824 1757 861 1803 ac
876 1735 966 1803 fluxo
976 1749 1008 1802 et
1026 1732 1142 1824 fragili,
1161 1750 1195 1804 et

146 1838 190 1907 de
207 1839 266 1926 eo,
289 1842 346 1932 qui
362 1841 473 1910 animo
489 1855 523 1909 et
545 1853 654 1908 mente
675 1839 871 1930 intelligitur
886 1864 923 1908 ac
943 1853 1070 1923 manet,
1087 1861 1194 1932 pauca

145 1945 355 2036 disserueris3
375 1948 536 2040 nobisque
550 1947 757 2038 persuaseris,
772 1960 810 2016 ut
831 1945 963 2040 alterius
979 1945 1113 2038 quidem
1127 1947 1193 2016 im·

144 2067 327 2145 pasturam,
336 2068 369 2122 et
379 2055 659 2145 perturbationem
673 2069 771 2147 atque
781 2054 1046 2138 inconstantiam,
1055 2077 1091 2122 ac
1101 2052 1194 2123 velut

144 2158 181 2226 in
194 2159 309 2242 undis,
325 2159 453 2228 surslrm
466 2159 686 2252 deorsumque
696 2161 909 2253 jactationem
924 2174 1190 2249 contemnamus,

143 2266 188 2334 ad
200 2265 341 2333 alterum
353 2281 479 2350 antem,
494 2268 553 2358 qui
567 2268 692 2351 firmus,
707 2283 740 2336 et
755 2266 895 2351 stabilis,
909 2291 946 2335 ac
960 2266 1092 2334 divinus
1104 2290 1191 2334 sem-

143 2388 271 2464 perque
283 2372 335 2440 sui
347 2373 464 2462 similis·
473 2387 539 2458 est,
553 2387 652 2464 atque
664 2374 754 2442 omni
769 2373 1017 2465 perturbatione
1029 2385 1062 2440 et
1073 2371 1192 2442 corisu-

141 2479 236 2546 sione
252 2492 365 2564 vacat,
384 2493 470 2548 totos
482 2503 541 2548 nos
558 2479 786 2572 adjungamus.
807 2481 857 2549 Sic
873 2481 961 2548 enim
982 2479 1023 2564 ii,
1041 2480 1099 2572 qui
1112 2481 1190 2550 binc

140 2585 235 2678 priris
260 2588 473 2672 excesserint,
492 2586 600 2662 minias
622 2588 717 2656 nobis
738 2587 888 2656 moeroris
909 2586 1102 2675 attulerint,
1123 2587 1190 2657 imb

140 2693 241 2761 etiam
253 2693 363 2760 laetitia
374 2717 433 2761 nos
446 2695 626 2778 affecerint,
640 2695 665 2761 si
675 2719 733 2763 nos
744 2695 849 2762 oratio
859 2696 938 2762 binc
951 2694 1111 2762 abductos
1120 2720 1190 2764 sur-

139 2799 215 2868 stun
237 2799 392 2884 collocet,
411 2814 510 2892 atque
531 2799 584 2884 id,
603 2801 695 2892 quod
710 2801 743 2868 in
763 2801 920 2894 praesenti
934 2800 1108 2867 molestum
1121 2816 1185 2887 est,
1268 2848 1270 2852 -

138 2908 175 2975 in
189 2905 293 2976 luturi
303 2908 526 2999 expectatione
538 2907 694 2992 occultet,
715 2907 875 2999 nobisque
885 2905 970 2974 illud
980 2906 1185 2998 persuadeat,

138 3012 232 3106 qubd
255 3013 316 3104 ipsi
332 3015 466 3106 quoque
483 3014 525 3082 ad
541 3013 668 3082 bonum
689 3015 866 3082 Dominum
883 3035 1117 3106 properemus,
1138 3027 1188 3083 at-

137 3143 206 3212 que
227 3119 388 3190 habitatio
414 3119 674 3212 peregrinatione
696 3120 812 3189 melior
838 3135 871 3190 et
896 3121 1103 3214 praestantior
1123 3121 1184 3202 sit;

137 3225 297 3319 quodque
316 3227 544 3316 navigantibus
565 3227 760 3319 tranquillus
776 3242 890 3319 portus
906 3243 970 3312 est,
988 3229 1052 3298 hoc
1072 3230 1110 3298 iis
1126 3231 1184 3322 qui

117 3410 120 3414 ,
137 3334 236 3426 hujus
253 3334 328 3402 vitae
345 3334 495 3425 procellis
507 3335 682 3423 agitantur,
700 3335 852 3424 migratio
867 3335 1064 3404 adalteram
1081 3337 1184 3404 vitam

137 3441 253 3509 existat
274 3469 281 3508 2
300 3441 473 3509 autetiam
492 3439 773 3533 quemadmodirm
789 3441 846 3533 qui
860 3439 996 3531 longum
1014 3443 1075 3510 iter
1095 3444 1183 3533 prio·
1259 3434 1279 3499 s

136 3569 186 3614 res
210 3543 444 3630 confecerunt,
459 3545 566 3613 mimis
584 3545 786 3614 dillicultatis
810 3571 847 3616 ac
863 3547 1018 3615 molestiae
1034 3547 1180 3632 habent,

136 3654 235 3743 quam
249 3652 306 3744 qui
322 3650 430 3720 adbirc
447 3652 510 3720 iter
525 3649 671 3735 faciunt,
695 3667 795 3744 atque
809 3653 843 3720 in
859 3653 971 3721 labore
991 3667 1179 3742 versantur3

136 3756 180 3825 ita
196 3757 396 3826 tolerabilior
411 3771 444 3826 et
463 3755 577 3841 melior
592 3781 706 3826 eorum
724 3757 870 3828 conditio
879 3759 944 3850 sit,
963 3759 1021 3851 qui
1038 3759 1080 3828 ad
1096 3758 1181 3830 illud

135 3863 312 3956 hospitium
320 3866 389 3957 jam
406 3865 637 3956 pervenerunt,
656 3867 755 3957 quam
769 3868 827 3960 qui
841 3863 1010 3936 sinuosum
1024 3865 1132 3938 adhtc
1146 3882 1179 3937 et

137 3989 279 4063 praeceps
292 3972 391 4062 hujus
406 3969 483 4040 vitae
499 3970 561 4039 iter
576 3971 791 4041 emetiuntur.
