2992 4590
237 426 341 472 creos
363 431 409 488 vt,
429 429 471 488 prs
493 430 701 482 suessonum
723 430 930 490 concinuisse
953 425 1120 486 tdursrra.
1149 409 1212 493 tdlt

175 530 265 595 Tunc
280 526 381 617 igitur
395 527 509 612 invicti
523 526 572 596 illi
587 550 624 604 ac
638 527 764 606 strenui
779 528 899 601 Christi
910 527 1028 606 milites
1043 520 1213 620 prodeun-

172 644 219 700 tes
235 631 271 700 in
292 631 454 718 medium,
473 629 668 710 ostendente
684 629 840 724 praesecto
853 631 1055 724 imperatoris
1068 632 1210 720 litteras,

151 762 153 767 ·
173 761 208 806 ac
224 734 455 822 obedientiam
469 737 636 830 exigente,
657 735 763 817 liberal
779 759 879 822 voce,
897 738 1100 813 confidenter
1115 731 1212 812 lortiss

172 857 286 940 terque
297 841 407 928 ,nihil
427 856 668 914 tormentorum
686 855 820 936 aspectu
842 827 1086 936 perterrefacti,
1104 829 1213 936 nequo

172 951 274 1021 minas
301 948 535 1034 formidantem,
563 972 632 1017 essc
647 973 681 1017 se
696 940 895 1032 Christianos
918 947 1058 1028 confessi
1081 951 1213 1026 eunti)

171 1055 282 1125 beatas
294 1055 435 1148 linguas,
448 1080 524 1157 quae
537 1078 659 1124 sacram
675 1052 764 1150 illam
779 1077 895 1124 vocem
907 1055 1102 1140 emiserunt,
1113 1079 1214 1148 quam

171 1162 247 1248 crim
272 1169 328 1231 aer
351 1161 491 1259 recepit,
519 1161 737 1246 sanctificatus
752 1174 824 1250 est,
845 1161 912 1254 qul
926 1161 1037 1235 audiit
1061 1159 1213 1256 plausuru

172 1270 359 1353 excitdruut
383 1267 515 1363 Angeli,
533 1265 683 1350 diabolus
706 1269 804 1352 verb,
826 1270 986 1352 unacum
1009 1267 1214 1352 daemonibus

171 1377 336 1446 sauciatus
348 1391 396 1446 est
413 1406 420 1446 :
439 1399 536 1470 quam
553 1375 695 1470 denique
708 1372 867 1459 Dominus
883 1375 1045 1470 inscripsit
1060 1377 1095 1444 in
1107 1373 1210 1448 coelis.
1284 1444 1287 1449 .

227 1511 243 1549 s
275 1483 388 1577 Itaque
416 1482 642 1576 unusquisque
667 1507 783 1553 eorum
806 1483 842 1552 in
867 1483 1013 1566 medium
1036 1483 1210 1576 prodiens,

174 1590 281 1659 dixit:
305 1587 531 1658 Christianus
542 1613 633 1660 sum.
643 1595 687 1658 Et
699 1589 979 1686 quemadmodum
988 1591 1022 1676 iu
1034 1591 1160 1675 studiis,
1171 1589 1214 1688 ad

170 1711 334 1766 certamen
352 1698 410 1790 qui
426 1697 607 1783 accedunt,
624 1695 723 1770 simul
738 1699 855 1768 dicunt
869 1700 1003 1777 nomina
1019 1722 1100 1786 sua,
1118 1711 1151 1768 et
1170 1699 1213 1781 ad

169 1805 354 1875 certaminis
364 1805 474 1875 locum
483 1820 655 1887 transeunt
668 1837 674 1876 :
689 1807 734 1876 itt
747 1821 780 1880 et
794 1808 829 1876 bi
839 1807 973 1902 quoque
983 1821 1063 1878 tunc
1075 1831 1125 1891 ea,
1137 1831 1214 1901 quae
1261 1847 1265 1856 ·

170 1914 231 1982 sibi
247 1927 337 1983 ortus
353 1911 529 2003 indiderat,
541 1909 675 1998 nomina
694 1913 902 2007 abjicientes,
920 1916 938 1984 a
954 1914 1123 1984 communi
1141 1911 1213 1987 sat-

170 2034 281 2090 vatore
294 2043 391 2104 suum
403 2020 543 2113 quisque
555 2044 677 2090 nomen
690 2017 911 2114 desumpsdre,
923 2019 1024 2114 idque
1036 2019 1214 2106 fecdresin-

172 2125 251 2220 guli,
265 2124 347 2194 aded
363 2140 400 2202 ut
412 2150 552 2219 sequens
560 2127 661 2220 priori
675 2141 778 2212 semet
788 2125 993 2218 adjungeret.
1009 2129 1057 2195 Ex
1070 2150 1138 2223 quo
1148 2123 1214 2199 fac·

127 2311 130 2319 Ι
171 2245 241 2299 tum
258 2245 307 2301 est
320 2232 468 2299 omniurn
481 2255 602 2324 nomen
618 2255 723 2304 unum
742 2231 886 2326 :quippe
895 2233 964 2326 j'am
980 2256 1048 2300 non
1060 2247 1129 2300 erat
1138 2231 1211 2304 talis

172 2335 1213 2428 auttalis,sedChristianivocabanturomnchuidigiturtunc
1299 2347 1303 2351 ’
1371 2419 1373 2430 Ι

173 2443 367 2540 praelectus?
377 2446 459 2513 Nbrn
475 2441 613 2512 callidus
628 2458 699 2513 erat
715 2458 747 2514 et
762 2445 890 2538 varius,
907 2443 977 2514 tlun
993 2460 1031 2514 ut
1046 2444 1215 2527 seduceret

172 2549 364 2634 blanditiis,
387 2551 459 2618 uim
480 2563 518 2618 ut
538 2549 635 2620 minis
662 2549 877 2622 subverteret.
907 2547 1054 2622 Primum
1078 2551 1214 2646 quidem

173 2651 562 2748 blanditiis'pelliciebat,
583 2657 772 2729 firmitatem
788 2657 916 2749 pietatis
940 2673 1039 2755 atque
1058 2673 1213 2728 constan-

172 2763 252 2830 tiam
266 2760 418 2854 frangere
443 2775 579 2830 conatus
601 2765 842 2830 :iuventutem
861 2777 1004 2832 vestram
1031 2787 1073 2832 ne
1097 2765 1214 2856 proda-
1276 2799 1278 2804 ’

139 2898 144 2904 ·
172 2869 224 2954 tis,
237 2893 321 2938 neve
336 2892 412 2938 curn
426 2883 531 2960 morte
543 2869 772 2960 intempestivi
781 2869 879 2962 hujus
889 2869 965 2936 vitae
977 2869 1215 2939 'ucunditatem
1327 2957 1329 2962 ι

173 2975 393 3046 commutetis.
405 2979 493 3045 N'am
507 2965 573 3046 abs
594 2999 629 3044 re
644 2974 744 3066 fuerit
763 3000 836 3064 eos,
855 2976 912 3070 qui
924 2977 958 3044 in
973 2893 1070 3044 bellis
1087 2973 1215 3047 sortiter

174 3109 270 3178 agere
285 3085 544 3168 consuevdrunt,
560 3083 784 3174 maleficorum
792 3100 898 3156 morte
910 3085 1058 3171 interire.
1077 3087 1128 3170 dd
1143 3085 1214 3174 haec

174 3189 393 3283 pollicebatur
407 3191 573 3281 pecunias.
594 3189 721 3279 Rursus
744 3189 845 3260 dabat
860 3191 1001 3260 honores
1016 3193 1058 3262 ab
1074 3191 1216 3289 impera-

174 3310 266 3382 tore,
282 3296 549 3393 dignitatumque
565 3295 832 3384 distributiones,
851 3310 950 3393 gtque
962 3299 1120 3370 sexcentis
1131 3299 1217 3394 ipsos

174 3403 325 3472 versutiis
345 3425 534 3496 expugnare
556 3401 734 3470 nitebatur.
754 3399 838 3488 (irim
863 3417 972 3472 autem
989 3403 1072 3470 nihil
1087 3403 1217 3485 emolli·

175 3525 289 3578 rentur
306 3511 369 3579 hoc
381 3510 572 3595 tentamine,
584 3508 699 3598 transit
711 3505 752 3576 ad
766 3507 856 3576 aliud
872 3507 999 3577 artificii
1016 3533 1128 3600 genus.
1148 3511 1218 3598 Pla·

177 3639 231 3710 gas
249 3617 293 3684 eis
310 3627 516 3708 mortemque
540 3627 573 3699 et
599 3613 836 3706 suppliciorum
855 3613 1111 3702 intolerabilium
1129 3617 1218 3708 peri·
1261 3675 1264 3679 .
1307 3703 1309 3707 Ι
1395 3627 1397 3631 ’

176 3723 289 3794 culum
305 3724 457 3790 intentat.
477 3725 519 3790 Et
537 3721 591 3804 hic
605 3721 739 3812 quidem
752 3721 849 3815 talia,
868 3725 1029 3810 Martyres
1043 3724 1121 3790 verb
1133 3748 1218 3820 qua-

173 3827 242 3898 lia?
258 3829 368 3916 Quid,
389 3830 563 3924 inquiunt,
581 3827 757 3898 offerendis
773 3829 965 3898 muneribus
981 3829 1064 3916 tuiS,
1082 3829 1102 3898 ὃ
1118 3832 1219 3902 hostis

175 3935 256 4020 Deil
271 3937 396 4030 inescas
412 3959 493 4029 nos,
510 3949 549 4006 ut
564 3933 753 4030 secedamus
766 3937 869 4031 {Deo
883 3937 1015 4022 vivente
1025 3947 1086 4034 ,iet
1101 3939 1219 4011 exitio-
