2992 4590
326 431 391 492 10⁰
473 440 654 504 ιιιιιοιιιι
674 439 704 488 ι.
726 440 885 505 ianm,
907 439 985 488 rm
1007 443 1054 505 ιι,
1078 431 1164 489 ster.
1190 442 1215 488 1.

324 544 506 637 praesertim
527 543 615 614 inter
629 541 762 616 ¹anticos
780 571 788 612 ι
815 541 947 634 etquid
962 541 1108 612 effecerit
1124 555 1261 610 mutnus
1277 563 1368 612 amor
1477 565 1478 630 3

196 642 201 648 ’
323 652 358 720 in
373 651 434 722 sibi
450 649 685 742 praescntibus,
702 649 820 718 horror
839 647 965 716 indicat
975 648 1210 740 separationis,
1227 659 1261 716 et
1273 647 1368 718 dolor
1476 663 1478 746 ξ

323 757 365 826 de
380 756 521 826 invicem
533 754 699 846 separatis.
719 753 823 823 Doleo
837 775 935 846 super
949 767 995 838 te,
1013 753 1150 823 Girarde
1167 754 1366 840 charissime,
1476 801 1478 846 ,

323 886 392 934 non
402 863 483 956 quia
494 859 669 944 dolendus,
683 857 742 928 sed
756 859 834 952 quia
847 858 989 928 ablatus.
1007 863 1051 928 Et
1062 859 1137 929 ideo
1153 857 1297 928 fortassis
1308 859 1370 930 do·
1476 853 1478 910 ἕ

323 966 462 1038 lendum
478 966 560 1036 mihi
576 964 686 1058 potiits
700 987 798 1056 super
812 987 877 1049 me,
891 965 951 1058 qui
964 966 1044 1036 bibo
1059 964 1193 1035 calicem
1210 967 1370 1036 amaritu-

326 1073 424 1146 dinis
447 1077 492 1142 Et
506 1073 594 1142 solus
613 1070 793 1156 dolendus,
817 1073 894 1164 quia
910 1071 998 1140 solus
1022 1071 1128 1141 bibo:
1119 1089 1216 1141 ·non
1231 1071 1321 1140 enim
1338 1085 1371 1142 et
1476 1071 1477 1078 '

325 1193 374 1249 tu.
398 1176 493 1250 Solus
511 1201 574 1269 ego
594 1175 701 1269 patior
714 1175 807 1270 quod
820 1177 928 1248 solent
943 1177 1064 1270 pariter
1080 1179 1146 1270 pati
1162 1178 1220 1272 qni
1243 1197 1278 1247 se
1292 1177 1370 1248 dili-

328 1299 433 1380 gunt,
452 1307 529 1354 curn
545 1308 579 1354 sc
595 1283 763 1354 amittunt.

373 1419 390 1457 n
416 1391 549 1461 Utinbm
571 1413 640 1460 non
666 1403 699 1459 tc
715 1388 892 1476 amiserim,
917 1389 976 1458 sed
990 1353 1223 1482 praemiserim!
1243 1329 1371 1460 utinim

203 1559 205 1564 ,
326 1497 379 1567 vel
394 1497 486 1567 tarde
500 1495 679 1590 aliquando
694 1519 810 1589 sequar
825 1512 859 1566 te
869 1499 1082 1591 quocumque
1091 1498 1181 1568 ieris!
1194 1493 1270 1568 Non
1281 1498 1371 1566 enim

325 1604 485 1689 dubium,
496 1604 579 1698 quin
594 1605 636 1672 ad
652 1603 750 1674 illos
741 1604 835 1688 reris,
852 1626 936 1698 quos
948 1605 1036 1674 circi
1051 1603 1198 1673 medium
1214 1617 1370 1673 extremes

326 1713 432 1782 noctis
458 1727 525 1782 tuae
548 1711 708 1780 invitabas
730 1710 774 1779 ad
797 1709 947 1795 laudem,
976 1711 1051 1780 clim
1067 1711 1103 1779 in
1118 1711 1216 1780 vultu
1242 1725 1277 1780 et
1292 1733 1373 1780 voce

327 1817 534 1894 exultationis
549 1816 659 1886 subitb
675 1817 809 1908 erupisti
824 1818 859 1888 in
871 1815 957 1885 illud
977 1816 1189 1902 Davidiconr,
1208 1817 1373 1910 stupenti·

327 1927 391 1996 bus
404 1926 463 2019 qui
479 1925 671 1996 assistebant
688 1953 696 1994 ε
710 1921 879 1994 Laudato
894 1923 1091 1994 Dominam
1103 1923 1149 1994 de
1163 1923 1279 2012 coelis,
1294 1923 1374 1994 lan-

327 2031 415 2102 date
431 2055 513 2102 eom
528 2032 566 2101 in
577 2027 731 2100 excelsis
742 2033 766 2100 1.
781 2033 855 2099 lim
871 2031 943 2117 tibi,
957 2029 1060 2100 frater
1073 2031 1132 2116 mi,
1149 2045 1248 2101 nocte
1263 2032 1374 2129 adhllc
1475 2033 1476 2074 l

326 2138 436 2208 medii
451 2136 638 2221 diescebat,
656 2147 690 2204 et
703 2160 767 2204 nox
780 2136 864 2206 sicut
880 2136 949 2206 dies
960 2135 1220 2233 illuminabatur.
1236 2137 1372 2208 Prorsris

327 2245 383 2316 illa
408 2268 473 2314 nox
487 2243 685 2312 illuminatio
703 2257 759 2313 tua
775 2244 809 2312 in
826 2241 949 2313 deliciis
970 2244 1045 2314 tuis.
1065 2245 1199 2314 Accitus
1219 2267 1294 2314 snm
1311 2269 1373 2338 ego

327 2351 371 2434 ad
383 2349 419 2420 id
434 2349 605 2436 miraculi,
622 2348 733 2420 videre
748 2349 950 2420 exultantem
966 2352 1000 2419 in
1015 2366 1125 2420 morte·
1136 2354 1325 2432 bominem,
1339 2367 1373 2423 et

326 2457 541 2528 insultantem
557 2458 666 2526 morti.
687 2458 751 2526 Ubi
763 2472 834 2540 est,
853 2479 960 2542 mors,
975 2459 1210 2528 victoriatus?
1227 2458 1293 2530 Ubi
1309 2474 1370 2546 est,
1476 2435 1477 2470 ³

226 2576 229 2581 “
327 2587 427 2647 mors,
445 2561 597 2632 stimulus
614 2564 710 2632 tuus?
725 2566 799 2632 lim
810 2563 1060 2651 non'stimulus,
1078 2564 1136 2633 sed
1146 2565 1287 2658 jubilus.
1299 2570 1375 2636 Jam

327 2668 493 2742 cantando
515 2668 655 2739 moritur
669 2669 792 2754 homo,
814 2683 848 2739 ot
863 2671 1033 2739 moriendo
1051 2686 1163 2740 cantat
1179 2699 1187 2742 ι
1203 2675 1373 2764 usurparis

327 2779 370 2850 ad
382 2776 542 2862 laetitiam,
558 2775 840 2864 matermoeroris3
856 2777 1020 2868 usurparis
1036 2776 1079 2846 ad
1094 2777 1243 2868 gloriam,
1258 2778 1373 2870 gloriae

326 2884 478 2972 inimica3
505 2881 670 2974 usurparis
690 2879 732 2950 ad
747 2881 919 2950 introitum
937 2883 1040 2971 regni,
1066 2899 1161 2973 porta
1187 2881 1308 2969 inferi,
1339 2899 1372 2954 et

325 2993 421 3062 l'ovea
431 2989 634 3082 perditionis,
642 2988 685 3058 ad
696 2988 920 3057 inventionem
929 2989 1041 3059 salutis
1054 3019 1061 3060 :
1072 2989 1173 3084 idque
1182 2992 1225 3060 ab
1237 2993 1372 3061 homine

325 3111 507 3189 peccatore.
535 3095 628 3164 lustri
648 3093 828 3178 nimirirm,
855 3096 933 3187 quia
959 3109 997 3164 tu
1012 3095 1126 3190 inique
1153 3099 1371 3168 inhominem

327 3205 538 3272 innocentem
563 3215 599 3270 et
623 3201 750 3292 justum
774 3213 970 3292 potestatem
996 3207 1167 3274 temeraria
1192 3209 1382 3300 usurpasti·

327 3315 459 3382 Mortua
475 3333 529 3394 es,
544 3310 565 3377 ri
580 3330 678 3393 mors,
696 3321 729 3376 et
741 3307 905 3399 perforata
920 3310 1019 3379 hamo
1035 3333 1136 3404 quem
1152 3307 1284 3383 incauta
1302 3313 1372 3406 glu-

327 3419 426 3504 tiisti,
441 3418 537 3510 cnjns
549 3415 605 3486 illa
617 3439 681 3485 vox
695 3427 745 3484 est
759 3415 795 3486 in
810 3417 973 3507 Propheta
988 3445 996 3486 ε
1016 3415 1048 3488 Ο
1063 3441 1181 3506 mors,
1198 3443 1262 3490 cro
1275 3445 1371 3492 mors

329 3540 393 3596 tua
403 3577 414 3611 ,
433 3541 571 3594 morsus
596 3535 676 3590 tuus
692 3544 774 3607 ero,
799 3520 974 3618 infirnc².
1001 3523 1080 3608 lllo,
1097 3521 1251 3618 inquam,
1271 3531 1369 3598 hamo

328 3631 512 3727 perforata,
530 3629 777 3700 transeuntibus
794 3652 852 3722 per
866 3631 1012 3700 medinm
1028 3634 1080 3702 tul
1096 3633 1251 3706 fidelibus
1266 3635 1371 3706 latum

327 3743 510 3834 laetumque
531 3737 653 3807 exitum
674 3736 789 3828 pandis
806 3737 850 3805 ad
864 3737 976 3807 vitam.
995 3728 1153 3811 Girardns
1167 3756 1200 3811 te
1216 3765 1286 3814 non
1301 3744 1371 3816 for-

329 3848 456 3933 midat,
475 3843 604 3916 larvalis
626 3843 762 3934 effigies.
780 3841 936 3914 Girardns
950 3865 1010 3937 per
1024 3845 1148 3918 medias
1162 3845 1276 3922 lauces
1296 3843 1369 3922 tuis

366 3969 877 4040 ¹rsrt.mvm,1.-¹0mm,1t.·
1261 3943 1266 3954 i
