2984 4580
188 443 290 489 curor
313 447 359 490 vr.
378 446 420 489 nx
435 444 592 490 uxruono
615 446 651 489 ur
673 443 880 490 ooxcrorueos
904 441 1070 490 torturus.
1091 412 1162 491 ’333

123 545 256 638 plurimi
290 547 472 631 defluunt,
503 545 719 614 numerositas
750 542 828 613 licet
859 540 978 614 diffusa
1013 547 1163 616 videatur

122 651 316 722 exundantis
331 653 433 745 copiae
444 652 614 743 largitate,
629 650 738 719 unitas
752 664 864 720 tamen
884 666 1030 722 servatur
1044 653 1080 720 in
1095 653 1162 722 ori·

123 759 207 849 gine.
222 757 336 831 Atella
347 759 476 828 radium
488 757 564 828 solis
579 757 598 824 a
612 778 768 848 corpore,
784 754 976 826 divisionem
987 755 1069 826 lueis
1085 758 1163 827 uni-

121 879 170 934 tas
184 885 252 934 uon
271 865 380 958 capit,
398 865 441 934 ab
465 863 583 934 arbore
599 859 714 954 frange
729 884 879 949 ramum,
897 861 1028 932 fructus
1043 865 1163 955 germi-

122 993 199 1039 nare
223 993 292 1041 non
321 969 471 1064 poterit,
496 971 516 1038 a
542 967 635 1038 fonte
654 967 835 1060 praescinde
858 968 967 1040 rivum
980 969 1164 1062 ,opraecisus

122 1091 255 1146 arescet.
276 1077 328 1147 Sic
349 1091 383 1146 et
393 1073 550 1160 Ecclesia,
561 1074 691 1145 Domini
707 1073 782 1144 luce
801 1074 951 1168 perfusa,
970 1098 1030 1169 per
1048 1077 1164 1146 orbem

121 1197 229 1253 totum
245 1184 353 1252 radios
368 1206 444 1252 suos
458 1181 608 1274 porrigit,
625 1203 729 1250 unum
742 1195 854 1251 tamen
868 1183 982 1276 lumen
998 1197 1058 1270 est,
1073 1181 1165 1277 mrod

121 1291 247 1386 ubique
264 1290 475 1376 diffunditur,
493 1311 555 1359 neo
566 1289 673 1358 unitas
688 1289 832 1381 corporis
843 1302 1012 1382 separatur
1031 1275 1164 1360 {ramos

121 1421 198 1468 suos
218 1398 254 1464 in
274 1397 458 1466 universam
481 1409 600 1465 terram
617 1396 710 1487 eopia
734 1395 893 1466 ubertatis
908 1397 1072 1484 extendit,
1087 1419 1165 1490 pro·

122 1507 265 1574 fluentes
275 1502 408 1594 largiter
423 1503 508 1572 rivos
519 1501 617 1572 tarius
630 1501 785 1594 expandit
804 1531 811 1573 :
826 1527 932 1572 unum
941 1517 1052 1573 tamen
1065 1518 1165 1596 caput
1248 1493 1255 1497 ”

123 1625 194 1695 est,
208 1623 242 1678 et
256 1609 347 1699 origo
362 1631 441 1695 una,
456 1623 490 1678 et
504 1631 571 1678 una
588 1622 704 1694 mater,
722 1607 950 1680 foecunditatis
965 1611 1173 1681 successibus

122 1717 253 1809 copiosa
268 1721 292 1782 ².
311 1741 327 1780 >r

167 1821 219 1891 Ad
231 1821 378 1891 eamdem
397 1821 536 1890 recurrit
548 1833 679 1889 sanctus
695 1821 872 1912 Gregorius
883 1823 1103 1894 Nazianzenus
1113 1821 1166 1893 di-

91 1921 97 1928 ’
124 1927 220 1998 cendi
233 1925 394 2015 formam,
411 1927 488 1998 edm
504 1926 550 1996 iu
568 1926 748 1996 insectatur
766 1925 888 1998 iuliani
905 1933 1072 2022 Apostatae
1091 1930 1165 1999 lau-

86 2061 90 2068 ’
127 2035 282 2106 datores:
689 2053 690 2056 ’

171 2173 187 2213 a
212 2146 287 2216 Non
301 2140 347 2210 ita
363 2155 430 2226 est,
452 2141 610 2235 inquiunt
632 2141 691 2234 qui
706 2164 757 2210 res
772 2141 860 2212 illius
878 2157 1088 2231 venerantur,
1106 2167 1167 2214 no·

124 2271 270 2342 vumque
286 2247 387 2342 deum
406 2246 501 2324 illum
521 2248 615 2318 nobis
631 2247 815 2338 effingunt,
834 2271 989 2336 suavem,
1006 2252 1164 2344 inquam,

123 2355 220 2424 illum
235 2369 269 2424 et
289 2354 472 2444 benignum
492 2382 499 2422 :
517 2345 631 2421 verbm
650 2355 728 2445 quia
744 2358 954 2448 nequaquam
969 2357 1079 2449 aperte
1095 2379 1168 2447 pro-

124 2463 302 2553 mulgavit,
334 2475 373 2530 ut
400 2459 575 2532 Christiani
605 2475 820 2547 vexarentur,
855 2475 955 2554 atque
988 2486 1025 2531 ea
1059 2450 1168 2531 omnia

125 2583 327 2664 paterentur,
346 2593 421 2662 quae
433 2567 696 2660 persecutoribus
717 2566 904 2637 collibitum
922 2583 1027 2656 esset,
1045 2569 1169 2638 idcircb

127 2701 205 2746 eum
226 2678 245 2744 l
268 2673 501 2766 persecutionis
522 2672 657 2741 crimine
679 2671 858 2742 vindicant.
881 2679 991 2767 Atque
1019 2673 1168 2764 Hydram

127 2806 226 2853 nemo
249 2783 398 2874 uuquam
429 2777 537 2847 lenem
564 2791 597 2846 et
625 2791 829 2846 mansuetam
862 2779 964 2864 dixit,
990 2780 1082 2872 quod
1111 2803 1170 2848 no·

126 2912 203 2961 vem
230 2888 337 2980 capita
356 2909 416 2979 pro
440 2907 508 2954 uno
528 2882 711 2977 proferret,
734 2885 761 2953 si
776 2881 858 2976 quid
877 2883 955 2952 fidei
970 2883 1092 2954 fabulae
1107 2885 1169 2954 ha·
1192 2900 1201 2930 ν’

125 2998 276 3068 bendum
292 3007 341 3064 est
358 3022 367 3064 ι
385 3016 446 3062 nec
461 2991 638 3084 pataricam
653 2991 867 3078 Chimaeram,
882 2991 975 3086 quod
989 2992 1051 3062 tria
1067 3015 1105 3060 ac
1121 2990 1171 3060 di·

126 3125 240 3188 versa,
252 3114 292 3170 ut
306 3113 465 3196 terrorem
482 3099 638 3191 majorem
655 3099 787 3169 afferret
806 3113 887 3170 :aut
903 3097 997 3168 illum
1014 3097 1104 3191 apud
1120 3097 1174 3166 in-

129 3207 218 3279 feros
240 3207 443 3290 Cerberum,
461 3205 553 3296 qudd
564 3204 752 3303 totidemet
771 3205 886 3275 similia
906 3220 987 3276 :aut
1005 3204 1190 3295 Scyllam,

130 3337 318 3411 aequoream
339 3325 477 3406 pestem,
504 3301 595 3402 quod
614 3333 668 3378 sex
685 3313 720 3379 in
736 3311 851 3379 orbem
870 3313 1077 3406 maximeque
1092 3313 1173 3380 hor-

130 3421 233 3492 renda
250 3451 258 3492 ι
276 3435 309 3490 et
323 3434 438 3508 tarnen-
450 3416 632 3508 superiores
643 3416 744 3506 ipsius
759 3429 867 3507 partes
881 3439 995 3487 suaves
1007 3431 1041 3484 et
1059 3418 1175 3486 huma·

131 3554 190 3600 nas
210 3529 311 3600 fuisse
329 3537 476 3610 narrant,
500 3545 561 3591 nec
580 3535 714 3614 aspectu
736 3521 950 3616 injucundam
973 3521 1066 3613 virgo
1085 3517 1174 3590 enim

133 3649 222 3723 erat,
240 3633 441 3724 cognationis
461 3629 632 3722 cujusdam
655 3628 896 3698 necessitudine
919 3628 1091 3698 nobiscum
1114 3625 1176 3696 de·

133 3742 266 3814 vincta:
285 3753 319 3808 at
333 3738 459 3829 reliqua
476 3734 583 3828 capita
600 3733 715 3804 canina
731 3748 836 3820 erant,
853 3747 886 3803 et
900 3731 1058 3819 belluina,
1076 3747 1177 3826 atque

136 3850 271 3922 omnino
287 3844 478 3938 perniciosa,
496 3842 612 3912 classes
632 3855 717 3913 totas
730 3835 957 3934 corripientia,
976 3863 1054 3929 nec,
1068 3863 1177 3934 quan-

172 3987 179 4014 ¹
194 3945 218 4029 si
233 3980 307 4042 cypr.
322 3974 354 4026 de
367 3972 457 4023 Unitat.
471 3941 565 4035 Eccles.
672 3963 675 3968 ’
