2992 4590
136 447 139 456 ¹
212 467 377 520 structu.
397 473 439 522 nu
460 474 617 520 namucno
641 476 676 522 tn
698 473 905 526 concremans
929 471 1095 520 snntmst.
1124 455 1188 518 197

145 583 179 638 et
193 567 269 640 laris
284 585 448 664 expertes,
470 595 507 642 ac
530 595 628 643 carne
648 569 752 640 ferm'e
770 585 802 640 et
822 574 979 664 sanguine
994 573 1184 659 destitutos,

146 700 252 772 eoque
273 677 343 771 ipso
359 676 409 773 ¹ad
428 683 534 750 Deum
552 678 686 771 propius
711 677 919 747 accedentes?
938 680 1014 764 hos,
1032 680 1185 772 inquam,

146 784 287 876 pedihus
309 785 433 872 illem,
462 799 495 854 et
517 785 612 856 humi
632 783 806 870 cubantes,
830 783 922 878 quod
944 785 990 854 ait
1015 798 1092 855 tuus
1123 790 1189 856 Ho-

145 913 268 977 merus,
287 905 325 960 ut
340 892 404 960 hoc
422 892 580 982 figmento
592 891 780 962 daemonum
801 889 978 984 quemdam
997 893 1114 960 ornet?
1130 892 1190 962 hos

145 997 180 1066 in
196 999 282 1066 terri
296 998 419 1090 positos
432 1011 465 1066 et
476 997 613 1069 terrenis
629 995 800 1068 celsiores?
815 997 875 1065 hos
890 997 975 1066 inter
994 996 1144 1066 homines
1158 1009 1192 1066 et

145 1107 244 1196 supra
260 1105 424 1175 humana?
441 1104 588 1176 astrictos
597 1101 697 1175 simul
712 1127 749 1174 ae
764 1102 906 1172 liberos?
921 1104 980 1196 qui
996 1117 1188 1188 teneantur,

145 1227 180 1282 et
198 1211 335 1280 'retineri
358 1210 484 1280 nescios
500 1213 517 1279 l
535 1234 675 1304 quorum
691 1207 775 1278 nihil
797 1210 832 1278 in
851 1209 1000 1296 mundo,
1026 1223 1060 1279 et
1079 1209 1192 1290 omnia

145 1330 238 1403 sunt,
255 1340 332 1410 quae
347 1317 445 1407 supri
463 1315 625 1386 mundum
640 1318 735 1386 sunt?
751 1339 894 1408 quorum
906 1313 1028 1408 duplex
1040 1315 1107 1385 vita
1122 1329 1188 1400 est,

146 1421 250 1492 altera
264 1436 467 1514 contempta,
493 1419 592 1490 altera
616 1420 760 1492 studiose
774 1420 864 1492 culta
880 1435 915 1490 et
934 1421 1098 1514 expetita?
1109 1422 1189 1507 hos,

145 1529 302 1622 inquam,
319 1551 378 1620 per
392 1519 676 1606 mortificationem
695 1528 915 1615 immortales,
931 1553 989 1622 per
1004 1527 1192 1601 dissolutio-

109 1624 117 1636 ”
144 1657 227 1704 nem
251 1639 318 1704 Deo
342 1637 559 1728 conjunctos?
583 1637 642 1704 hos
667 1639 687 1704 t
714 1636 894 1728 cupiditate
917 1636 1055 1724 alienos,
1081 1655 1192 1706 amore
1279 1643 1286 1648 '

143 1745 226 1812 vere
243 1743 301 1835 qui
326 1741 455 1814 divinus
475 1757 523 1810 est
542 1756 575 1812 et
592 1745 692 1812 animi
712 1745 959 1836 perturbatione
977 1765 1118 1830 vacuus,
1135 1765 1193 1813 ac·

145 1853 280 1920 censos‘l
303 1874 446 1944 quorum
471 1849 544 1920 fons
563 1851 663 1942 lucis,
687 1866 720 1920 et
734 1875 875 1946 quorum
891 1855 960 1946 jam
981 1851 1069 1922 illius
1086 1850 1194 1920 radii?

146 1979 295 2050 quorum·
309 1957 446 2048 angelici
461 1957 577 2050 psalmi
593 1971 730 2043 cantus,
746 1972 779 2026 et
790 1982 914 2051 pernox
929 1959 1037 2045 statio,
1056 1972 1090 2028 et
1103 1981 1196 2028 meu·

146 2065 189 2132 tis
212 2066 285 2158 jam
308 2079 409 2158 raptae
434 2063 616 2136 incoelum
646 2066 689 2136 ad
717 2070 823 2136 Deum
850 2066 1016 2136 excessio?
1051 2089 1195 2160 quorum

148 2173 319 2264 purgatio,
338 2186 371 2239 et
390 2194 533 2264 quorum
553 2172 699 2242 studium
720 2186 759 2241 ut
775 2186 973 2264 purgentur,
996 2174 1120 2265 quippe
1134 2172 1195 2266 qui

149 2277 280 2348 nullum
298 2277 449 2347 ascensris
462 2291 496 2346 et
510 2276 722 2348 deificationis
738 2294 920 2370 agnoscunt
937 2281 1094 2349 modum?
1109 2303 1208 2374 quo-v

151 2409 225 2454 rum
249 2410 361 2478 rupee,
388 2401 421 2456 et
436 2409 577 2478 quorum
597 2385 695 2456 coeli?
718 2407 859 2478 quorum
881 2387 976 2480 abjici
1000 2401 1032 2456 et
1047 2402 1197 2460 conster-

138 2492 241 2578 nari,
268 2507 301 2561 et
324 2517 466 2585 quorum
485 2492 624 2580 throni?
647 2515 789 2585 quorum
816 2491 973 2578 auditae,
997 2507 1031 2562 et
1051 2517 1195 2586 quorum

151 2596 468 2688 incorruptibilitatis
480 2596 729 2668 indumentum?
741 2622 883 2690 quorum
899 2597 1055 2684 solitudo,
1069 2613 1103 2668 et
1115 2623 1198 2694 quo·

98 2710 101 2715 ’
135 2739 136 2742 “
153 2731 227 2774 rum
241 2704 356 2774 saeculi
373 2704 506 2772 alterius
525 2703 715 2774 celebritas?
731 2727 873 2796 quorum
889 2721 1199 2800 compressaeatque

152 2813 337 2882 constrictae
364 2810 566 2901 voluptateS,
594 2824 627 2878 et
651 2833 794 2902 quorum
819 2823 977 2900 perpetua
999 2833 1199 2904 omnemque

153 2916 310 2988 sermonis
323 2915 514 2986 facultatem
536 2915 694 2986 excedens
706 2916 891 3016 animorum
907 2915 1107 2987 oblectatio?
1119 2943 1202 3012 quo·
1220 2993 1222 2998 ,

153 3049 228 3094 rum
252 3023 406 3112 lacrymae
428 3021 554 3114 peceati
569 3019 751 3106 diluvium,
781 3037 815 3092 et
837 3022 954 3097 muudi
975 3026 1202 3116 piamentum?

154 3154 298 3226 quorum
318 3143 458 3198 extentae
478 3151 594 3196 manus
615 3128 765 3197 ilammas
787 3131 999 3219 extinguunt,
1017 3131 1202 3203 terascon-

156 3239 310 3332 sopiunt,
330 3234 513 3326 gladiorum
530 3233 631 3304 aciem
648 3233 852 3320 retundunt,
870 3237 1043 3310 instructas
1055 3239 1143 3312 acies
1166 3239 1203 3308 in

107 3361 110 3366 '
155 3344 270 3437 sugam
286 3345 451 3427 vertunt1‚
469 3356 625 3432 tuamque
638 3341 736 3432 etiam
753 3342 971 3432 impietatem,
994 3345 1200 3431 mihicrede,

158 3472 392 3546 compressurae
408 3465 502 3533 sunt,
521 3449 647 3518 etiamsi
664 3447 707 3518 ad
724 3447 858 3541 aliquod
873 3463 1003 3542 tempus
1018 3451 1200 3537 extollaris,
1289 3482 1292 3489 ’

159 3558 399 3653 impietatisque
411 3552 556 3625 fabulam
572 3577 650 3624 cum
670 3556 735 3624 tuis
751 3555 958 3629 daemonibus
969 3556 1064 3628 ludas
1076 3565 1101 3626 ².
1117 3587 1144 3636 »x
1181 3594 1184 3598 ·

203 3669 244 3734 In
260 3663 407 3734 oratione
419 3676 528 3730 autem
544 3661 694 3754 sequenti
711 3661 756 3730 ita
769 3661 880 3732 tursits
896 3665 1108 3756 prosequitur
1126 3695 1134 3734 ς
1155 3717 1159 3728 .

206 3801 223 3838 o
249 3775 297 3839 Ae
322 3767 457 3861 quidem
473 3767 629 3848 Ezechias
655 3789 713 3836 rex
732 3767 836 3855 Juda,
855 3769 933 3839 cirm
954 3769 1109 3842 adversita
1129 3795 1207 3840 cum

163 3877 377 3963 barbarorum
394 3871 528 3967 quidam
543 3878 613 3944 Rex
628 3879 702 3955 cum
719 3872 906 3966 ingentibus
917 3878 1028 3970 copiis
1047 3878 1203 3964 venisset,

199 4013 207 4043 ¹
223 3993 283 4056 net.
297 4023 335 4083 prr,
350 4006 380 4055 tt
396 4011 421 4054 et
433 4019 500 4070 seqq.
515 4030 547 4041 -
566 4015 576 4040 ²
591 4005 614 4054 S.
627 4008 725 4071 Gregor.
740 4004 822 4056 Tlrcol.
837 4008 905 4056 Orat.
923 4024 958 4072 iv,
973 4025 996 4057 n.
1013 4007 1099 4073 67-71.
