2992 4590
245 437 304 478 ror
328 435 374 478 vr.
389 431 430 476 ua
453 431 609 476 nsanono
631 431 666 475 an
690 431 896 476 concinamus
919 425 1083 472 tnnrurra.
1112 409 1173 471 1⁹3

239 528 486 600 tobliviscimur
512 527 605 622 qnod
631 527 728 596 datus
750 527 835 613 luit,
860 541 894 596 et
919 527 1036 616 gratias
1050 525 1176 618 agimus

246 636 368 705 habere
386 634 482 706 illum
497 634 695 718 meruimus,
713 655 781 725 quo
796 655 905 704 carere
916 633 1089 702 intantum
1105 654 1175 702 non

230 766 302 829 rus,
319 743 353 812 in
369 755 533 836 quantum
548 755 616 809 non
632 738 774 829 expedit.
845 766 847 777 ¹

229 848 403 936 ‚tecordon
425 847 584 933 Domine,
611 846 697 938 pacti
722 845 786 914 mei
804 859 838 914 et
854 845 1069 916 miserationis
1084 858 1172 930 tum,
1217 880 1221 886 ·

228 959 291 1048 agis
306 943 494 1050 justificeris
521 955 557 1022 in
576 952 779 1023 sermonibus
800 952 884 1039 tuis,
909 965 943 1022 et
962 953 1073 1022 vincas
1098 951 1175 1021 cim

230 1063 299 1133 aris.
323 1063 408 1133 Girm
434 1065 502 1156 pro·
520 1061 617 1130 causi
642 1058 796 1130 Ecclesiae
815 1079 903 1128 anno
924 1058 1091 1151 praeterito
1116 1059 1176 1126 vi-

271 1191 434 1254 essemus,
464 1168 633 1260 aegrotavit
668 1165 748 1253 ille,
789 1179 822 1235 et
855 1165 1075 1236 invalescente
1104 1164 1177 1235 lan-

231 1303 252 1361 ¹‚
274 1299 351 1345 cuna
372 1277 441 1368 j'am
466 1274 611 1367 proxima
634 1271 801 1342 videretur
821 1273 970 1360 vocatio,
992 1297 1054 1366 ego
1073 1295 1177 1366 aeger-

236 1382 343 1451 ferens
354 1382 507 1451 comitem
522 1379 802 1473 peregrinationis,
817 1394 851 1449 et
861 1379 957 1456 illum
973 1381 1127 1450 comitem
1141 1380 1178 1450 in

245 1489 426 1582 relinquere
445 1487 561 1574 alieni,
575 1511 636 1559 nec
658 1487 821 1578 resignare
841 1489 891 1558 bis
913 1489 972 1582 qui
997 1489 1080 1558 mibi
1101 1511 1179 1560 cum

225 1597 378 1676 riserant,
396 1593 552 1688 quoniam
576 1595 748 1664 amabatur
771 1595 815 1664 ab
830 1595 996 1680 omnibus,
1011 1597 1095 1666 sicut
1110 1610 1181 1666 erat

224 1699 282 1769 ›ilis
311 1700 426 1789 valde,
454 1715 629 1772 conversus
654 1699 902 1788 adorationem
934 1725 1010 1772 curn
1039 1703 1121 1772 lletu
1142 1717 1176 1773 et

226 1822 260 1877 tu
283 1811 467 1900 :Expecta‚
488 1811 642 1900 inquam,
671 1801 810 1876 Domine
834 1808 939 1900 usque
961 1807 1003 1878 ad
1023 1807 1178 1880 reditum.

232 1927 339 1982 tutum
360 1914 470 1982 amicis
485 1912 565 1983 tolle
571 1913 639 2006 jam
655 1935 744 2000 eum,
762 1915 788 1982 si
799 1913 859 1998 vis,
874 1926 907 1982 et
923 1937 991 1982 non
1006 1916 1177 1986 causabor.

231 2021 306 2090 disti
332 2043 398 2102 me,
425 2024 511 2089 Deus
528 2048 535 2089 :
554 2011 734 2105 convaluit,
759 2043 841 2112 opus
866 2017 1063 2112 perfecimus
1088 2022 1181 2117 quod

235 2149 346 2213 ueras,
363 2126 541 2197 redivimus
563 2137 640 2198 c'um
665 2125 867 2197 exultatione
885 2142 1088 2221 reportantes
1110 2154 1181 2202 ma·

237 2261 271 2305 os
289 2235 390 2328 pacis.
408 2237 510 2305 Porrb
529 2256 590 2324 ego
612 2233 735 2304 oblitus
749 2236 834 2327 pene
850 2258 923 2304 sum
939 2258 1021 2304 meae
1036 2261 1181 2308 conven-

240 2342 324 2440 ,sed
338 2363 408 2410 non
420 2353 468 2409 tu.
485 2337 592 2408 Pudet
606 2338 809 2430 singultuum
827 2341 958 2426 horum,
976 2341 1035 2434 qui
1054 2365 1181 2435 praeva-
1214 2395 1218 2410 .

235 2448 304 2518 onis
316 2471 370 2517 me
382 2459 535 2538 arguunt.
554 2444 643 2529 Quid
655 2445 772 2544 plura?
787 2447 1183 2539 Repetiisticommenda·

238 2555 388 2646 recepisti
401 2568 509 2624 tuum.
523 2553 639 2622 Finem
654 2553 830 2622 verborum
840 2553 993 2624 indicunt
1007 2555 1179 2649 lacrymae3

231 2660 277 2747 is,
291 2659 450 2746 Domine,
465 2660 567 2726 finem
582 2657 785 2750 modumque
799 2659 983 2728 indixeris1.
1004 2689 1020 2725 u

251 2767 310 2835 Est
325 2779 359 2834 et
374 2763 463 2833 aliud
475 2785 662 2834 sermonum
679 2785 794 2855 genus,
812 2763 905 2855 quod
919 2766 1022 2832 rarius
1032 2767 1179 2858 quidem,

234 2871 388 2966 liquando
403 2885 513 2941 tamen
532 2868 622 2963 apud
637 2883 765 2939 sanctos
784 2873 895 2939 Patres
911 2871 1088 2963 reperitur3
1109 2871 1191 2944 illas.

230 2982 391 3052 orationes
406 3005 481 3075 quae
498 2980 673 3050 Invectivae
687 2993 933 3073 nuncupantur.
952 2979 1183 3052 Celeberrimae

238 3089 373 3184 quidem
392 3089 478 3159 inter
501 3111 615 3160 omnes
636 3090 712 3158 duae
733 3087 799 3158 illae
822 3090 925 3160 sancti
947 3091 1094 3182 Gregorii
1116 3095 1183 3164 Na·
1278 3166 1279 3170 ,

226 3199 287 3268 teni
303 3199 488 3280 conciones,
506 3196 626 3290 quibus
642 3209 884 3290 persecutorem
903 3199 1183 3272 Ecclesiaedulia-
1214 3189 1237 3210 '⁸

244 3306 433 3374 insectatur.
458 3308 530 3395 Ego
551 3301 686 3396 quidem
709 3303 745 3370 in
767 3303 830 3371 isto
853 3303 1029 3394 impietatis
1043 3307 1181 3393 saeculo,

224 3410 279 3481 rdb
294 3411 367 3481 talis
385 3411 420 3479 in
436 3421 561 3478 mentes
574 3407 690 3477 incidit
708 3407 942 3496 cogitationum
958 3411 1182 3502 perturbatio,

225 3516 324 3585 uliani
336 3539 403 3586 non
423 3513 524 3584 modo
539 3513 648 3582 nescio
661 3512 781 3605 quibus
794 3511 974 3582 rationibus
989 3517 1182 3604 excusandi,

226 3637 253 3691 at
273 3621 422 3691 clamosis
441 3618 605 3689 exaltandi
627 3616 781 3687 laudibus
803 3618 904 3712 aliqui
922 3643 1043 3706 curam
1056 3621 1110 3692 vel
1124 3623 1187 3693 im-

229 3757 235 3796 ι
248 3729 301 3798 vel
316 3727 486 3798 ridiculam
499 3725 632 3819 publice
648 3725 860 3817 susceperint,
878 3739 986 3796 toturn
1000 3726 1087 3797 illius
1103 3730 1187 3801 tanti

231 3836 290 3905 oris
308 3857 490 3905 sermonem
503 3831 624 3902 referre
633 3832 775 3903 libenter
785 3833 969 3902 voluissem.
989 3836 1094 3918 Quint
1106 3837 1188 3906 mibi

233 3965 362 4016 ¹bernard.
377 3966 453 4016 Serra.
469 3979 575 4027 rxr1,n.
591 3961 663 4012 3νι3.

290 4062 323 4112 rr.
907 4011 910 4018 Ι
994 4044 1032 4105 13
