2992 4590
295 433 359 496 182
442 444 621 494 nesronrct
643 446 670 494 s.
695 445 852 508 sareon,
875 445 951 498 stus
973 453 1024 512 11,
1048 451 1133 496 sues.
1158 452 1182 495 1.

293 569 335 616 ne
351 545 489 615 affectus
509 544 610 614 fidem
625 545 756 616 vincere
766 546 945 618 videretur.
964 547 1114 668 Denique
1128 545 1335 640 plorantibus

213 712 218 724 .
293 653 376 737 aliis,
389 677 462 744 ego,
473 655 535 744 (ut
546 653 714 732 advertere
727 653 891 745 potuistis,
901 655 949 745 )
926 656 1016 724 siccis
1026 655 1128 725 oculis
1140 655 1215 724 steti
1227 654 1269 724 ed
1281 669 1334 726 tu·

294 761 444 846 mulum,
467 759 640 852 (lucusque
661 775 779 830 cuncta
802 776 932 850 peracta
953 776 1031 830 sunt
1053 761 1264 872 exequiarum
1280 786 1334 832 so·

219 899 221 906 ’
288 863 426 938 lemnia.
455 867 596 936 indutus
623 865 891 952 sacerdotalibus,
904 868 1038 936 solitas
1030 893 1065 936 rn
1081 892 1156 937 eum
1175 852 1335 938 orationes

291 973 425 1064 proprio
439 997 496 1042 ore
516 971 690 1063 complevi,
709 987 829 1041 terram
846 975 925 1042 meis
940 974 1091 1043 manibus
1110 999 1148 1044 ex
1168 999 1261 1044 more
1273 976 1336 1068 jeci

291 1105 389 1173 super
405 1081 517 1152 dilecti
534 1105 665 1172 corpus,
683 1095 804 1151 terram
817 1105 893 1152 mox
907 1080 1070 1152 sutorum.
1083 1083 1148 1164 Qui
1160 1105 1214 1158 me
1225 1082 1335 1151 intue-

290 1191 414 1262 bantur
438 1190 564 1258 [lebant
585 1203 618 1258 et
643 1189 875 1274 minabantur,
901 1189 993 1283 quod
1017 1214 1085 1259 noo
1106 1191 1219 1258 flerem
1243 1189 1334 1282 ipset

292 1297 369 1366 cirm
386 1320 454 1364 oon
469 1295 562 1364 illurn
580 1293 726 1387 quidem,
741 1295 798 1364 scd
815 1319 866 1364 me
887 1295 1007 1388 potiris,
1026 1296 1084 1388 qui
1098 1295 1191 1364 illum
1210 1297 1336 1364 amisis-

292 1427 373 1486 sem,
386 1426 499 1472 omnes
514 1403 757 1480 miserarentur.
774 1403 876 1495 Cujus
894 1405 983 1472 enim
998 1403 1049 1472 vel
1067 1401 1208 1472 ferreum
1225 1418 1337 1494 pectus
1432 1473 1435 1480 ,

293 1534 391 1602 super
417 1533 470 1578 me
491 1510 537 1578 ibi
559 1533 626 1576 non
642 1522 848 1593 moveretur,
866 1533 964 1602 quem
980 1503 1106 1578 videret
1122 1511 1261 1578 Girardo
1284 1533 1339 1578 su·

293 1617 482 1711 perstitem?
497 1618 681 1684 Commune
697 1612 854 1688 damnum
874 1645 881 1684 :
901 1615 958 1684 sed
974 1638 1041 1706 prae
1057 1639 1131 1684 meo
1154 1640 1222 1685 non
1238 1639 1338 1704 repu-

217 1719 219 1722 ’
294 1725 428 1794 tabatur
447 1719 640 1800 infortunio.
656 1725 701 1790 lt
716 1743 777 1810 ego
792 1721 914 1812 quibus
928 1736 1074 1813 poteram
1092 1723 1216 1791 viribus
1232 1721 1311 1791 fidei
1327 1775 1336 1807 ‚

294 1828 479 1899 reluctabar
501 1827 653 1912 affectui,
671 1826 779 1894 nitens
795 1825 848 1898 vel
862 1827 984 1896 inritus
997 1852 1065 1898 non
1082 1829 1205 1898 moveri
1219 1826 1339 1896 frustrl

295 1936 482 2008 addictione
497 1949 636 2018 naturae,
655 1933 875 2008 universitatis
888 1934 1013 2020 debito,
1039 1933 1236 2004 conditionis
1260 1958 1337 2020 usn,

294 2052 438 2144 potentis
458 2052 569 2142 jussu,
591 2047 718 2140 judicio
737 2049 832 2140 justi,
858 2047 990 2140 flagello
1014 2047 1190 2134 terribilis,·
1209 2049 1341 2118 Domini

295 2159 477 2229 voluntate.
506 2161 570 2226 Pro
599 2154 784 2248 hujusmodi
817 2179 945 2248 semper
970 2170 1090 2225 extunc
1124 2170 1158 2224 et
1185 2155 1339 2248 deinceps

296 2264 386 2354 exegi
408 2262 635 2353 amemetipso
658 2285 725 2330 non
749 2261 922 2353 indulgere
943 2262 1049 2331 multo
1073 2263 1178 2348 fletui,
1196 2261 1340 2330 multllm

296 2384 409 2440 tamen
426 2368 577 2438 turbatus
597 2379 631 2435 et
647 2381 793 2440 moestus.
810 2373 875 2436 Nec
899 2368 995 2459 potui
1011 2368 1172 2459 imperare
1187 2367 1338 2451 tristitiae,

296 2477 355 2569 qui
371 2490 464 2566 potor
455 2473 650 2562 lacrymae
641 2471 732 2556 ·sed,
747 2486 785 2540 ut
797 2487 955 2565 scriptum
969 2488 1035 2543 est
1028 2471 1235 2542 Turbatus
1247 2496 1337 2558 aum,

299 2596 335 2654 et
350 2605 423 2650 non
436 2604 517 2649 sum
534 2577 700 2650 locutus¹.
719 2582 762 2646 Et
778 2602 969 2670 suppressus
988 2579 1083 2648 dolor
1107 2579 1227 2648 altilis
1218 2595 1342 2648 intror-

298 2688 372 2760 sirm
389 2687 545 2756 radicavit
549 2687 655 2776 ,eo(
644 2697 679 2752 ut
691 2687 809 2770 sentio,
821 2688 834 2774 )
846 2686 994 2754 acerbior
1002 2684 1119 2771 factus,
1131 2687 1200 2778 quo
1212 2693 1281 2754 'non
1294 2698 1342 2754 est

227 2819 229 2826 ·
299 2797 386 2882 exire
402 2795 587 2887 permissus.
603 2795 735 2876 Fateor,
746 2791 853 2860 victus
869 2795 1063 2861 sumExeat
1079 2814 1210 2860 necesse
1225 2805 1275 2860 est
1289 2789 1341 2860 lo-

299 2907 363 2992 ras,
379 2902 470 2998 quod
484 2900 572 2970 intirs
586 2900 703 2991 patior.
722 2903 825 2971 Exeat
841 2899 918 2974 sane
934 2898 976 2966 ad
989 2898 1101 2968 oculos
1112 2898 1270 2984 filiorum,
1285 2898 1342 2992 qui

298 3014 435 3083 scientes
465 2997 731 3092 incommodum,
758 3004 929 3098 planctum
953 3006 1130 3092 humanius
1160 3007 1339 3092 aestiment,

300 3117 430 3192 dulcius
445 3114 668 3186 consolentur.

346 3253 363 3290 n
390 3223 494 3308 Scitis,
510 3224 531 3291 ὂ
547 3221 617 3306 filii,
636 3221 736 3314 quam
752 3219 860 3312 justus
876 3220 917 3290 sit
932 3219 1027 3290 dolor
1041 3243 1147 3305 meus,
1165 3221 1267 3313 quam
1283 3218 1344 3289 do·

196 3349 199 3352 ’
295 3331 396 3404 lenda
418 3331 514 3424 plaga
530 3321 613 3398 me‘a.
633 3327 772 3399 Cernitis
789 3328 922 3420 nempe,
940 3327 1143 3420 qoamfidus
1159 3352 1268 3398 comes
1285 3329 1346 3396 ‹le-

300 3440 401 3510 scruit
424 3461 477 3506 me
492 3438 528 3506 in
551 3436 604 3506 vie
628 3435 690 3502 haic
712 3427 813 3526 quam
828 3433 1050 3519 ambulabam,
1069 3436 1170 3526 quam
1196 3432 1278 3525 vigil
1303 3433 1346 3502 ad

301 3569 426 3630 curam,
445 3545 545 3636 quim
561 3565 629 3610 non
645 3540 752 3630 segnis
768 3537 809 3608 ad
822 3562 915 3630 opus,
931 3541 1030 3632 quam
1047 3540 1153 3609 suavis
1168 3539 1209 3608 ad
1224 3562 1342 3608 mores.

272 3640 275 3647 ¹
300 3653 380 3736 Quis
393 3653 438 3720 ita
460 3649 538 3718 mihi
551 3645 829 3738 pernecessarius?
841 3645 895 3714 cui
907 3646 1001 3738 aeque
1013 3645 1152 3715 dilectus
1168 3649 1252 3737 ego?
1269 3651 1347 3714 Fra-

298 3773 348 3830 ter
365 3772 434 3825 crat
451 3777 585 3847 genere,
604 3749 662 3838 sed
683 3749 840 3841 religione
862 3751 1055 3838 germanior.
1075 3753 1201 3836 Dolete,
1217 3775 1343 3844 quaeso,

226 3890 229 3897 ’
299 3865 405 3934 vicem
419 3884 525 3930 meam
541 3882 610 3944 vos,
622 3856 742 3951 quibus
752 3857 824 3934 haec
838 3869 916 3925 uota
928 3871 1017 3925 sunt.
1037 3858 1191 3928 Infirmus
1207 3879 1346 3951 corpore

341 4003 349 4030 ¹
363 3991 427 4044 Psal.
438 4005 522 4054 anxur,
538 3989 563 4040 5.
