2984 4580
226 443 326 490 crrur
349 446 394 490 vr.
413 447 454 493 uu
477 445 631 491 uurnooo
655 447 689 490 ut
712 443 919 490 coucrouraua
942 441 1107 490 tuarum.
1134 429 1197 490 355

161 544 273 630 tricta,
300 544 335 613 in
357 545 541 636 gehennam
568 544 653 635 ignis
677 541 873 627 abduceris,
899 541 1031 612 inutiles
1052 542 1199 636 ploratus

161 635 298 736 editura,
317 663 474 744 tuamque
485 650 585 742 ipsius
597 647 797 718 dementiam
810 659 1009 718 accusatura.

205 783 222 822 a
247 761 306 826 Vae
320 757 394 843 tibi,
412 757 543 842 Anima,
562 755 717 849 quoniam
731 778 800 826 uon
814 755 1026 843 exhorrescis,
1039 757 1198 848 cogitans,

160 861 328 957 quomodd
351 875 501 956 oporteat
524 875 559 932 te
574 861 837 954 inconspectum
855 862 914 932 Dei
937 861 1058 933 adduci
1076 861 1112 934 in
1134 877 1202 933 tre-

159 969 279 1040 menda
293 968 350 1038 itta
366 967 485 1064 judicii
505 967 581 1055 die,
599 981 680 1039 tuno
696 965 773 1038 cum
794 968 933 1040 virtutes
948 967 1113 1040 'coelorum
1132 993 1203 1064 prae

158 1077 275 1148 timore
290 1075 606 1166 commovebuntur3
622 1089 661 1146 tu
677 1077 756 1148 verd
777 1077 921 1149 tunicam
944 1075 1028 1148 seres
1043 1073 1202 1149 execran-

157 1179 236 1252 dam
252 1195 286 1252 et
302 1181 546 1274 coinquinatam
556 1183 581 1250 ¹.
600 1207 618 1247 o

86 1296 92 1308 “
204 1289 298 1359 Idem
312 1289 434 1382 pariter
447 1288 525 1359 alibi
539 1286 643 1359 Malos
655 1288 701 1359 sic
711 1289 878 1382 exagitat}

209 1424 226 1461 a
250 1399 310 1464 Vae
321 1383 371 1464 illi
386 1393 444 1488 qui
463 1393 499 1463 in
513 1394 677 1465 erroribus
691 1395 811 1494 existit,
826 1409 861 1466 et
878 1419 948 1470 non
962 1396 1056 1468 novit
1071 1410 1203 1492 ternpus

161 1502 390 1596 poenitentiae3
414 1503 571 1596 quoniam
596 1493 743 1574 ihi'eum
767 1504 943 1596 poenitebit
967 1529 1043 1575 cum
1077 1505 1204 1599 ejulatu

162 1608 322 1677 inutiliter
336 1607 371 1678 iu
386 1608 555 1680 sacculum.
575 1613 633 1679 Vae
644 1608 694 1679 illi
705 1610 764 1704 qui
779 1611 882 1681 dicit:
897 1612 1061 1694 Quoniam
1076 1611 1111 1680 in
1122 1635 1204 1705 prae·

140 1705 143 1712 ’
158 1714 263 1784 sentia
278 1712 504 1807 voluptatibus
518 1717 625 1785 carnis
640 1714 744 1801 fruar,
762 1729 796 1785 et
809 1716 845 1784 in
856 1729 1025 1787 senectute
1036 1717 1205 1810 poeniten-

158 1823 240 1892 tiam
258 1845 374 1914 agam3
392 1825 549 1918 quoniam
573 1824 658 1894 sicut
682 1821 840 1916 laqueus,
865 1825 912 1894 in
933 1825 1142 1918 superveniet
1155 1823 1205 1894 illi

157 1951 247 2000 mors
269 1930 465 2022 improvisa,
483 1944 517 2000 et
540 1932 722 2024 expectatio
741 1931 829 2001 itlius
844 1932 974 2024 peribit.
994 1935 1054 2002 Vae
1076 1931 1124 2001 illi
1146 1931 1206 2026 qui

158 2035 346 2106 voluntaris
358 2051 466 2130 pecat‚
485 2051 518 2108 et
529 2061 600 2108 cras
614 2037 687 2108 vult
698 2039 884 2132 resipiscere
901 2068 909 2110 ι
927 2040 1097 2110 nonenim
1112 2038 1208 2108 intel·

158 2141 234 2234 digit
248 2142 332 2236 'quid
347 2144 450 2236 pariat
465 2146 695 2236 superveniens
717 2159 751 2214 et
770 2143 879 2214 media
901 2167 977 2214 nox.
1004 2149 1064 2215 Vae
1083 2143 1132 2214 illi
1148 2139 1207 2238 qui

160 2243 219 2326 dat
233 2273 372 2321 manum
387 2251 536 2338 scelesto,
553 2253 679 2322 bonum
691 2273 889 2344 cognoscens
901 2284 911 2344 3
924 2253 1082 2346 quoniam
1099 2251 1208 2344 angeli

159 2357 240 2426 mali
261 2355 356 2426 illum
380 2358 558 2450 suscipient
581 2358 616 2426 in
643 2358 697 2426 die
723 2357 834 2428 obitris
857 2358 969 2451 ipsius.
998 2361 1058 2428 Vas
1077 2357 1126 2428 illi
1149 2357 1208 2451 qui

158 2465 259 2556 ponit
269 2461 509 2534 offendiculum
519 2463 668 2557 proximo
680 2487 719 2533 ex
729 2464 849 2558 iniquis
861 2465 928 2537 suis
939 2465 1108 2559 operibus,
1123 2487 1209 2560 quo-

159 2573 252 2642 niam
268 2575 429 2641 rationem
449 2571 566 2641 reddet
590 2573 625 2641 in
640 2571 694 2640 dic
710 2570 847 2666 judicii,
867 2595 928 2666 pro
948 2574 1068 2666 quibus
1085 2586 1119 2642 et
1139 2572 1210 2642 aliis

158 2675 310 2748 scandali
320 2678 447 2745 occasio
457 2674 522 2744 fuit
533 2677 583 2745 sui
593 2677 793 2767 ipsiusmalis
802 2677 1084 2747 facinoribusvac
1092 2675 1141 2745 illi
1151 2677 1210 2770 qui

158 2781 293 2853 mundo
308 2782 529 2868 renuntiavit,
549 2794 582 2850 ct
597 2781 708 2852 rursus
731 2805 769 2851 ea
784 2805 860 2876 quae
875 2781 994 2852 mundi
1011 2795 1090 2852 sunt
1104 2784 1208 2875 sapit3

158 2887 323 2984 quoniam
341 2887 498 2980 parabola
514 2888 611 2958 aratri
631 2901 846 2982 persequetur
867 2888 987 2980 ipsum.
1007 2891 1067 2958 Vae
1082 2885 1132 2957 illi
1152 2888 1212 2981 qui

159 2997 314 3090 sequitur
337 2994 523 3066 voluntates
546 2995 668 3081 carnis,
686 3009 719 3064 et
744 2995 836 3088 parvi
859 2992 939 3066 facit
960 3019 1077 3065 curam
1092 2996 1212 3082 animat

159 3127 248 3195 suae3
268 3103 346 3197 quia
358 3103 539 3172 resolvetur
553 3103 588 3172 in
604 3118 725 3173 terram
740 3104 808 3173 vita
822 3104 941 3195 ipsius,
958 3118 992 3173 et
1007 3103 1110 3198 ipsius
1124 3125 1210 3197 spes.

160 3215 221 3282 Vae
239 3210 273 3280 ei
284 3211 342 3304 qui
355 3233 423 3279 non
435 3209 545 3278 studet
556 3211 711 3280 omnibus
723 3211 790 3279 suis
798 3209 924 3280 viribus
942 3211 1067 3282 dehinc
1078 3233 1211 3304 parare,
1241 3219 1244 3225 '

159 3333 200 3388 ut
211 3318 294 3387 hinc
310 3316 427 3388 afferat
438 3313 675 3386 defensionem.
690 3319 749 3384 Vae
760 3315 799 3383 iis
816 3316 874 3408 qui
890 3317 1084 3406 patientiam
1100 3315 1216 3387 amird-

160 3437 243 3496 runt
260 3424 267 3492 !
288 3437 321 3494 et
336 3421 418 3517 quid
432 3421 554 3492 facient
570 3421 646 3491 cum
660 3419 806 3491 visitabit
821 3421 981 3491 Dominus
997 3427 1033 3492 ²?
1059 3452 1078 3490 o
1103 3461 1109 3495 a

208 3526 1214 3624 30⁰PrecesInvocatt'onesqueDei‚sermonibusintermis·

162 3662 239 3709 cere
260 3661 330 3708 non
345 3635 604 3720 erubescebant,
622 3648 661 3702 ut
680 3631 792 3704 videre
807 3647 856 3703 est
867 3633 902 3703 in
916 3634 1036 3708 hocS.
1055 3638 1215 3731 Ephraem

163 3767 318 3816 sermone
329 3743 388 3813 ubi
403 3764 501 3834 agens
515 3739 558 3812 de
574 3739 695 3810 Judicii
706 3737 772 3827 die,
790 3740 835 3810 sic
850 3741 894 3810 ait
913 3765 922 3811 a

201 3905 208 3929 ¹
226 3896 252 3944 S.
273 3889 392 3957 Ephraeru.
407 3887 439 3939 de
450 3887 510 3940 oct.
526 3886 629 3955 Cogitat.
644 3905 669 3938 n.
683 3885 758 3938 6·12.
775 3911 806 3926 ··
823 3897 833 3924 ¹
852 3888 888 3939 ld.
902 3888 934 3940 de
951 3892 1046 3946 'neatis
1065 3897 1139 3960 atque
1151 3885 1220 3946 Insa·
1257 3930 1259 3937 ,

161 3975 226 4030 licit.
242 3991 269 4026 n.
283 3989 308 4027 2.

1070 4059 1127 4132 2³·-
