2930 4582
244 397 307 461 290
397 408 574 456 uuuromct
598 407 623 454 s.
651 406 806 468 rtraurr,
832 403 908 452 etue
931 409 974 466 11,
1000 405 1084 450 scca.
1111 405 1134 446 1.

242 511 353 600 tabat,
369 533 436 580 uon
456 511 547 578 hunc
570 507 697 576 luctum
712 520 746 574 et
760 507 817 603 hae
831 504 992 594 lacrymas
1010 527 1050 572 ex
1070 516 1104 572 te
1119 501 1180 572 sibi
1195 501 1287 572 nasci

240 613 423 686 crediderat
438 629 552 697 mater,
571 636 647 706 quae
663 609 775 704 partds
795 611 845 680 sui
861 611 1020 701 gemitum
1036 631 1095 700 per
1111 621 1205 678 tuam
1216 607 1288 678 vir-

244 723 414 816 ginitatem
431 719 681 808 consolabatur,
700 709 767 788 non
783 717 897 788 fratres
912 717 975 803 tui,
987 740 1062 788 non
1077 738 1203 786 sorores
1222 716 1289 786 hoc

195 898 198 904 ,
241 830 284 901 de
296 845 329 900 te
341 827 485 902 dedecus
500 828 728 922 expectabant,
746 849 830 920 quos
842 847 975 910 omnes,
986 825 1079 918 quasi
1094 847 1162 892 uno
1179 821 1289 914 gladio

243 935 293 1008 tui
308 933 435 1006 sceleris
460 936 600 1028 graviter
612 934 772 1006 eaueidsti
793 935 806 976 ²
893 931 986 1028 Quis
1005 927 1212 1002 consoletur
1231 943 1266 999 te
1274 982 1290 1018 ,

141 1101 144 1108 ,
248 1039 379 1142 Virgo,
392 1038 480 1140 filio
496 1039 600 1128 Sion,
617 1042 705 1133 quio
720 1062 860 1138 magna
872 1037 990 1135 foeta
1005 1052 1060 1110 ost
1075 1033 1174 1108 velut
1188 1059 1292 1106 maro

244 1147 412 1220 contritio
435 1161 510 1218 tuo.
534 1145 573 1220 E
564 1143 700 1246 ffunde
720 1147 813 1218 siout
838 1167 977 1237 aquom
997 1165 1061 1216 cor
1084 1158 1185 1214 tuum
1205 1139 1293 1212 ontd

244 1250 383 1342 faciem
402 1251 554 1326 Domini
566 1258 592 1324 ².
611 1252 739 1324 Extolle
754 1251 797 1322 ad
812 1275 890 1322 eum
912 1273 1028 1324 manue
1042 1265 1158 1322 tuae...
1171 1249 1293 1339 Accipe

247 1357 470 1428 lamentum...
485 1361 578 1427 Hanc
589 1357 858 1430 lamentationem
869 1381 938 1428 non
952 1358 1023 1428 sinc
1036 1354 1293 1447 compunctione

247 1463 354 1534 cordis
365 1465 401 1533 in
413 1478 592 1560 conspectu
608 1464 666 1534 Dei
675 1464 795 1557 judicis
809 1461 915 1534 funde
931 1491 939 1534 ε
960 1463 1051 1557 Quir
1064 1459 1169 1534 dabit
1180 1458 1294 1554 copiti

250 1571 329 1642 mco
351 1595 509 1664 aquom,
533 1586 569 1644 et
592 1570 704 1644 oeulis
724 1573 812 1642 mois
824 1569 975 1666 fontem
998 1563 1294 1664 lacrymarum&

249 1691 288 1751 ut
302 1677 443 1747 defleam
458 1677 596 1749 vulnera
613 1681 730 1750 animm
745 1680 850 1748 meae?
870 1677 1028 1748 Conversi
1043 1689 1121 1748 eunt
1141 1675 1212 1746 dies
1231 1671 1296 1744 mei

249 1786 285 1856 in
300 1784 428 1855 luctum
446 1785 477 1872 ⁴,
497 1801 530 1856 et
545 1787 671 1858 cantica
691 1787 726 1856 in
740 1785 1032 1858 lamentationem:
1050 1787 1183 1856 recessit
1197 1802 1297 1854 sonue

251 1891 472 1984 hymnorum,
504 1907 537 1960 et
556 1893 671 1966 laetitia
698 1893 916 1988 psalmorum,
944 1907 978 1964 et
1000 1891 1155 1964 successit
1177 1888 1298 1959 stridor

252 1999 423 2086 dentium,
449 2013 482 2068 et
504 1999 601 2070 fletus
626 1999 810 2072 oculorum.
841 1998 1014 2073 Obmatar'
1038 2013 1074 2072 ot
1104 1993 1300 2069 humiliata

251 2127 348 2192 eum,
366 2118 401 2173 er
420 2103 504 2174 silui
521 2103 683 2194 (libonio,
710 2120 745 2179 ot
765 2104 872 2178 dolor
892 2131 993 2178 meus
1016 2119 1210 2178 renouatus
1230 2116 1296 2175 eet.

257 2205 450 2286 Concolur'r
464 2235 529 2282 cor
542 2237 661 2285 meum
672 2213 770 2286 intro
782 2237 852 2300 me,
868 2227 903 2286 et
915 2215 953 2284 in
961 2211 1198 2286 meditatione
1213 2211 1300 2280 med

254 2315 473 2390 erarderoet
495 2321 601 2418 ignis.
634 2319 761 2394 Timor
782 2335 818 2394 et
841 2336 976 2394 tremor
996 2323 1171 2390 uenerunt
1194 2341 1304 2410 super

145 2447 147 2450 ·
254 2451 331 2512 me,
350 2441 385 2494 et
400 2431 640 2512 contexerunt
658 2451 715 2498 me
740 2429 896 2502 tenebre
918 2433 942 2500 ⁵.
965 2427 1131 2522 Abyrsus
1146 2429 1352 2498 circum-¹
1453 2404 1457 2416 ¹

256 2525 355 2599 dedit
365 2553 434 2610 me,
442 2533 627 2624 postremo
635 2533 933 2628 demerrt'tfooput
943 2556 1062 2608 meum
1074 2536 1112 2606 r'n
1122 2535 1303 2606 scissurus

259 2636 432 2704 montium
455 2639 480 2705 ⁶.
503 2642 577 2710 Heu
598 2663 651 2710 me
672 2641 749 2736 quia
769 2639 855 2714 lacta
883 2665 956 2712 eum
973 2643 1056 2712 sicut
1080 2639 1247 2726 Sodoma,
1270 2652 1307 2712 et

245 2797 247 2802 s
259 2741 429 2812 combusta
443 2745 527 2818 sicut
536 2747 730 2835 Gomorrha,
742 2749 815 2842 quis
824 2749 1030 2822 miserebitur
1038 2749 1164 2820 cineres
1174 2748 1306 2818 meos⁷l

258 2849 377 2921 Durids
393 2851 521 2923 offendi
543 2856 643 2944 quam
667 2853 824 2938 Sodoma,
847 2855 925 2946 quia
944 2853 999 2926 illa
1021 2855 1129 2945 legem
1154 2853 1306 2926 nesciens

258 2953 454 3049 deliquerat,
472 2981 534 3051 ego
544 2972 667 3043 autem,
682 2959 813 3051 acceptet
825 2958 940 3050 gratia,
953 2959 1236 3054 peccaviDomruo
1247 2961 1305 3030 ὅ...

261 3063 400 3154 Oqulm
418 3063 555 3134 acerbus
571 3060 697 3134 fruetus
708 3061 867 3134 luxuria!
884 3067 1024 3138 amarior
1034 3065 1124 3151 terte,
1140 3065 1308 3138 crudelior

263 3164 382 3258 gladio.
402 3167 578 3252 Quomodo
594 3168 767 3240 factarum
787 3171 823 3243 iu
846 3171 1165 3244 desolationemu...
1181 3179 1309 3262 Lugete

262 3295 327 3358 me,
345 3273 473 3360 montes
485 3289 519 3346 et
533 3275 643 3362 colles,
657 3277 768 3366 lugete
779 3301 844 3364 me,
864 3295 992 3352 montes
1008 3295 1041 3350 et
1052 3281 1213 3365 flumina,
1230 3279 1312 3372 quia

262 3377 359 3452 ssetds
371 3381 437 3452 filia
447 3407 589 3479 egosum
597 3387 635 3460 ¹⁰.
643 3437 666 3458 ..
679 3389 818 3458 Carnem
831 3385 975 3480 pollicita
987 3411 1118 3460 servare
1129 3388 1308 3479 virginem,

300 3583 348 3630 ¹S.
369 3579 479 3630 Ambroe.
496 3580 527 3632 de
546 3583 624 3648 Lapsu
644 3581 732 3648 virgin.
756 3590 891 3636 consecrat.
913 3601 968 3652 cap.
987 3575 1120 3647 ru,'n.15.
1146 3596 1200 3623 -²
1215 3585 1311 3636 Three.

265 3681 296 3728 ιι,
316 3679 356 3730 19.
373 3667 399 3714 S.
418 3664 527 3716 Ambroe.
546 3667 578 3716 de
592 3669 671 3732 Lapeu
683 3665 771 3731 Virgin.
792 3684 899 3718 consecr.
914 3685 969 3734 cap.
985 3685 1009 3732 x,
1029 3687 1053 3719 n.
1076 3667 1118 3733 43.
1134 3696 1166 3726 -,-
1187 3667 1310 3721 Herem.

263 3764 297 3812 rr,
314 3747 407 3798 r.-·l
423 3752 505 3804 Amor.
525 3766 576 3816 rur,
596 3767 633 3802 ro.
653 3777 685 3792 -
702 3749 713 3787 ί
731 3753 906 3816 column,
923 3753 949 3815 3,
974 3753 999 3818 4.
1024 3751 1157 3808 -θέοω
1179 3771 1208 3817 rr,
1229 3754 1257 3805 6.
1279 3779 1314 3794 -··

266 3842 277 3882 7
296 3835 381 3882 Gener.
398 3849 455 3897 ιιι,
473 3832 514 3898 24.
536 3859 568 3871 -
588 3832 600 3871 ⁸
618 3831 643 3886 S.
664 3835 774 3888 Ambroe.
791 3837 822 3886 de
841 3840 917 3906 lapsu
936 3835 1025 3905 virgin.
1044 3854 1099 3904 cap.
1124 3855 1194 3904 x,n.
1216 3836 1259 3906 44.
1275 3863 1310 3874 -

198 3939 200 3944 v
267 3915 326 3968 old.
353 3915 441 3966 bido.
462 3915 504 3981 46.
523 3919 716 3971 -¹⁰1d.lbid.
733 3935 757 3970 n.
777 3916 818 3984 47.
