2930 4582
275 449 339 508 292
422 453 600 506 uarrouroa
623 455 649 503 S.
675 445 830 518 aarum,
855 441 1114 516 nlns11,suor.
1139 454 1164 495 1.
1223 441 1225 444 ’

272 563 312 632 tis
333 561 466 655 quoque
483 559 705 652 eloquentiam
721 557 837 642 saciat,
856 557 956 649 quam
972 552 1064 647 quod
1081 551 1145 622 illis
1165 551 1250 622 inest
1267 554 1314 626 vis

247 727 253 736 .
270 667 389 737 mentis
398 681 430 736 et
439 666 557 734 veritas
567 665 636 755 ipsa
647 663 802 732 monim?
816 667 925 746 Quare
937 663 971 732 in
983 662 1021 731 iis
1035 683 1111 754 quae
1126 660 1312 733 verisimilia

270 795 338 842 esse
352 772 513 865 volemus,
525 771 624 838 simus
640 769 701 860 ipsi
715 767 835 838 similes
851 792 966 838 eorum
978 770 1037 860 qui
1052 767 1128 838 veria
1144 767 1314 858 patiuntur

270 879 468 970 affectibus:
490 891 524 948 et
546 879 565 945 a
586 875 645 944 tali
669 877 778 945 animo
797 877 1024 967 proficiscatur
1043 875 1167 960 oratio,
1182 873 1313 968 qualem

268 983 377 1056 facere
396 985 545 1078 judicem
572 982 672 1054 volet.
697 989 750 1052 An
773 981 829 1051 ille
852 983 995 1070 dolebit,
1022 983 1081 1076 qui
1105 981 1217 1051 audiet
1239 1005 1309 1071 me,

268 1091 345 1163 ciam
361 1093 425 1161 hoc
452 1090 576 1176 dicam,
603 1113 672 1160 non
693 1087 886 1159 dolentem?
902 1094 1085 1174 Irascetur,
1103 1090 1131 1158 si
1146 1087 1229 1158 nihil
1244 1089 1311 1180 ipse

267 1201 325 1294 qui
347 1200 382 1267 in
403 1197 486 1266 iram
502 1189 666 1282 concitat,
684 1193 785 1286 idque
801 1195 920 1286 exigit,
940 1194 1044 1264 simile
1059 1196 1227 1287 patietur?
1245 1196 1311 1265 Sic-

265 1305 310 1374 cis
327 1305 437 1395 agenti
452 1301 556 1372 oculis
580 1299 743 1390 lacrymas
761 1298 882 1370 dabit?
898 1301 986 1370 Fieri
1012 1325 1081 1370 non
1108 1314 1233 1393 potest,
1251 1323 1309 1371 nec

263 1412 432 1497 incendit,
455 1409 521 1478 nisi
542 1409 647 1500 ignis,
673 1431 735 1478 neo
749 1405 966 1478 madescimus
984 1409 1047 1478 nisi
1071 1410 1212 1479 humore
1229 1431 1309 1479 :nec

263 1543 315 1591 res
331 1517 400 1588 ulla
416 1518 473 1591 dat
487 1517 582 1588 alteri
597 1514 742 1586 colorem
759 1539 858 1608 quem
874 1517 943 1609 ipsa
958 1517 1139 1586 nonhabet
1151 1521 1175 1587 ¹.
1192 1545 1208 1581 »

308 1624 407 1694 Vides
422 1624 523 1714 igitur
538 1622 708 1717 quomodd
719 1622 931 1692 Persuasione
941 1623 1039 1692 simul
1055 1637 1089 1691 et
1098 1623 1308 1693 Convictione

262 1731 371 1804 valida
386 1731 591 1814 instruantur
607 1744 818 1821 argumenta,
836 1730 958 1822 quibus
975 1753 1087 1800 omnes
1101 1730 1206 1800 veluti
1218 1755 1307 1800 men-

163 1846 166 1854 ’
260 1838 302 1908 tis
317 1821 385 1908 via's
400 1849 434 1905 et
450 1837 617 1922 obsidere,
636 1851 668 1906 ct
685 1832 864 1928 pervadere
883 1837 1002 1906 certius
1018 1835 1196 1907 valeamus.

306 1949 368 2014 Ill.
381 1948 424 2014 Ut
433 1959 541 2013 autem
555 1946 598 2014 ad
607 1944 712 2014 varias
725 1945 918 2014 elocutionis
933 1946 1071 2036 Figuras
1084 1946 1303 2032 deveniamus,

261 2051 393 2126 nullum
409 2052 554 2122 invenies
569 2051 664 2144 apud,
673 2049 828 2144 prosan'os
846 2055 998 2122 Oratores
1018 2055 1305 2145 argumentationis

219 2237 224 2243 ,
261 2175 320 2232 aut
338 2160 533 2230 elocutionis
558 2183 674 2252 genus,
693 2161 785 2253 quod
800 2183 869 2231 non
889 2162 909 2230 a
927 2161 1053 2232 sanctis
1068 2163 1217 2234 Patribus
1241 2162 1304 2250 ele·

262 2283 377 2362 gunter
394 2280 589 2359 usurpatum
605 2269 742 2338 mireris.

308 2382 342 2446 1⁰
360 2378 394 2448 Si
405 2373 665 2447 ¹Inductionem
680 2399 827 2471 quaeras,
845 2376 911 2468 qud
925 2377 1077 2448 scilicdtl
1092 2379 1188 2453 certis
1203 2379 1303 2449 notis·

259 2504 326 2576 que
343 2485 386 2554 ad
395 2483 645 2574 probandorum
659 2483 760 2551 fidem
772 2480 940 2552 transferri
957 2485 1110 2574 gaudeas,
1128 2479 1303 2580 audi'quo-
1360 2497 1362 2502 ’

259 2589 360 2659 modo
376 2589 492 2656 beatus
510 2589 694 2682 Cyprianus
718 2591 781 2659 hale
805 2593 990 2681 argumenti
1014 2595 1121 2686 specie
1144 2595 1301 2665 unitatem

260 2695 320 2770 Dei
329 2695 554 2767 demonstret:
801 2768 805 2771 ,

307 2807 456 2892 «Unus,
481 2805 610 2898 inquit,
638 2803 786 2874 omnium
811 2805 969 2895 Dominus
995 2820 1044 2876 est
1068 2811 1166 2881 Deus..
1190 2811 1301 2902 Neque

260 2912 349 2983 enim
371 2912 427 2981 illa
448 2911 631 2980 sublimitas
652 2925 759 3004 potest
774 2913 896 2982 habere
910 2929 1120 3003 consortem,
1137 2916 1214 2986 ciam
1236 2915 1301 2986 sola

258 3020 391 3088 omnem
406 3031 516 3087 teneat
537 3030 743 3108 potestatem.
762 3019 815 3086 Ad
830 3018 981 3089 divinum
1004 3022 1179 3114 imperium
1206 3023 1301 3092 ctiam

244 3125 301 3192 ‚de
324 3124 418 3192 terris
437 3137 628 3192 mutuemur
650 3121 846 3215 exemplum.
873 3126 1014 3208 Quandd
1039 3131 1188 3221 unquam
1214 3127 1302 3218 regni

260 3229 396 3299 societas
416 3245 473 3299 aut
488 3253 564 3299 cum
584 3221 650 3298 fide
670 3231 789 3323 coepit,
807 3246 865 3301 aut
884 3233 952 3300 sine
975 3257 1091 3302 cruore
1112 3235 1228 3304 desiit?
1253 3233 1301 3304 Sic

259 3336 493 3408 Thebanorum
511 3339 705 3429 germanitas
720 3353 829 3432 rupta,
845 3353 878 3408 et
892 3363 1087 3433 permanens
1107 3343 1195 3434 rogis
1216 3340 1302 3410 dissi·

260 3443 415 3515 dentibus
431 3446 529 3516 etiam
548 3447 584 3515 in
603 3445 709 3516 morte
725 3445 908 3518 discordia:
926 3464 959 3518 et
974 3453 1141 3519 Romanos
1158 3450 1302 3540 geminos

259 3576 365 3622 unum
385 3577 454 3624 non
473 3554 560 3646 cepit
575 3576 730 3644 regnum,
750 3545 841 3647 quod
860 3578 965 3624 unum
986 3557 1072 3648 uteri
1090 3557 1177 3649 cepit
1192 3553 1302 3648 hospi·

171 3723 175 3728 .
259 3660 355 3729 tium.
377 3661 551 3753 Pompeius
568 3674 601 3729 et
614 3663 723 3731 Caesar
736 3661 849 3730 affines
864 3659 1019 3748 suerunt,
1038 3685 1099 3731 nec
1114 3677 1227 3731 tamen
1243 3683 1301 3729 ne-

259 3766 461 3836 cessitudinis
477 3767 586 3836 foedus
598 3768 633 3835 iu
648 3767 767 3835 aemulat
777 3782 937 3862 potestate
949 3769 1140 3838 tenuerunt.
1155 3773 1223 3841 Nec
1239 3769 1300 3857 hoc

258 3871 388 3942 tantum
412 3873 454 3944 de
480 3875 613 3944 homine
636 3876 781 3962 mireris,
807 3874 884 3946 ciam
908 3875 944 3945 iu
967 3876 1031 3948 hoc
1055 3875 1162 3952 omnis
1184 3889 1300 3948 natura

259 4031 260 4038 κ
294 4009 304 4038 ¹
321 4000 419 4060 Quintil.
433 4004 491 4053 lost.
506 4004 574 4056 Orat.
593 4002 637 4056 lib.
650 4019 683 4071 rr,
696 4019 754 4071 capr
768 4003 794 4058 3.
