2984 4580
237 401 300 472 878
384 411 565 474 tumeant
580 416 613 493 β·
640 416 792 477 rtrum,
817 415 894 474 ntra
915 419 962 477 n,
988 416 1071 464 socr.
1097 417 1121 458 r.

230 523 396 596 caruem
409 521 522 610 parsu
537 515 628 610 quoa
643 517 669 589 si
681 517 753 596 tas
768 496 830 586 nit
843 514 988 594 difficilia
1003 537 1072 586 esse
1085 512 1272 600 videamur,

235 624 277 698 ad
293 624 424 703 illorum
438 623 650 704 tabernacula
667 645 858 716 pergamus,
872 637 908 695 ut
925 647 962 692 ex
978 645 1096 715 opere,
1114 623 1160 690 rei
1172 619 1276 695 sacili-⁴

234 746 337 810 tatem
360 731 555 820 edissemus,
576 733 658 808 Nam
680 730 756 800 sirm
776 730 906 820 tuguria
925 727 973 798 illi
994 729 1226 814 excitaverint,
1249 729 1276 800 si

181 838 185 846 '
235 861 317 929 opus
329 837 370 916 sit
381 836 471 916 illine
484 834 662 922 discedere,
677 837 722 914 sic
735 835 918 914 abscedunt
929 847 966 910 ut
978 833 1108 918 milites,
1120 834 1182 927 qui·
1190 848 1277 906 tern-.

234 967 315 1037 pore
330 945 417 1035 pauiu
437 944 615 1020 exereitum
632 941 835 1036 relinquunt.
853 944 937 1020 Nam
952 943 987 1020 hi
1005 940 1152 1014 similiter
1168 955 1278 1015 tento·

235 1051 281 1120 ria
298 1052 417 1140 figunt,
434 1049 601 1139 sedlonge
614 1049 755 1128 suavius
777 1051 859 1128 N'aut
874 1047 974 1140 longe
990 1047 1120 1130 suavius
1137 1061 1185 1118 est
1200 1047 1278 1118 soli*-

163 1213 168 1254 3
235 1157 385 1233 tudinem
412 1157 522 1229 vid-ere
545 1155 734 1250 frequentes
758 1158 938 1231 Monachus
960 1155 1278 1247 habentemque
1315 1151 1323 1160 ’

235 1265 353 1336 milites
370 1265 403 1334 in
421 1265 566 1344 exercitu
580 1264 653 1344 vela
668 1263 852 1350 tondentes,
867 1278 900 1336 et
913 1265 1022 1340 hastas
1034 1264 1190 1354 figentes,
1208 1275 1242 1330 et
1260 1263 1279 1336 b

236 1370 371 1462 cuspide
392 1373 559 1443 hastarum
582 1395 697 1442 crocea
720 1356 818 1462 pallia
843 1368 1083 1461 dependentes,
1107 1369 1279 1446 bominum

163 1461 192 1532 ἰ
235 1477 483 1560 multitudinem
501 1479 598 1554 aeneis
612 1478 791 1570 capitibus,
816 1478 980 1558 umbones
1000 1475 1193 1568 clypeorum
1211 1475 1280 1550 tul-

237 1609 349 1678 goront
365 1584 507 1664 multum
520 1585 723 1669 emittentes,
740 1582 849 1654 loricis
864 1582 998 1657 indutos
1017 1581 1141 1667 terreis,
1160 1583 1279 1672 regiam

237 1692 389 1786 prompte
406 1705 564 1783 paratam,
582 1691 723 1784 illosque
737 1714 851 1760 omnes
867 1690 1064 1783 prandentes
1081 1704 1115 1760 et
1129 1690 1210 1770 sibit
1224 1689 1279 1760 lu-.

237 1798 363 1874 dentes.
390 1802 464 1877 Non
479 1798 525 1869 ite
541 1797 729 1890 jucundum
748 1798 811 1866 hoc
829 1798 993 1876 theatrum.
1014 1810 1083 1882 est,
1100 1798 1201 1890 quam
1217 1798 1280 1867 hoo

237 1905 280 1986 de
292 1929 361 1998 quo
376 1927 466 1984 nunc
481 1903 712 1996 roquos-utu,
727 1903 800 1984 siin
816 1903 1025 1979 solitudinem
1042 1905 1208 1990 abeamus,
1228 1904 1281 1978 vi·

222 2010 440 2104 -deamusque
465 2011 607 2090 militum
634 2011 758 2091 Christi
777 2012 1013 2100 ‚tabernacula‚
1040 2015 1108 2080 non
1130 2010 1200 2080 vela
1224 2035 1281 2083 ex-.

238 2130 327 2200 tensa
340 2117 538 2202 videbimus,
556 2140 624 2188 non
640 2117 807 2195 hastatum
822 2117 984 2210 cuspides,
1003 2140 1072 2186 non
1086 2116 1201 2211 peplos
1217 2141 1280 2188 au-

188 2316 192 2319 ·
238 2247 310 2296 reos
321 2223 448 2295 tholum
460 2223 584 2314 regium
594 2224 784 2309 efficientes,
798 2223 856 2304 sed
868 2247 905 2297 ac
916 2223 942 2292 si
951 2223 1067 2315 quisin
1078 2225 1165 2294 terret
1174 2223 1297 2298 mutto·

238 2331 300 2405 buc
314 2330 430 2416 latiore
448 2343 481 2400 et
497 2330 656 2412 immensi
675 2329 796 2414 multos
815 2331 1005 2402 extenderet
1019 2329 1138 2416 erulos,
1156 2353 1281 2403 novum

239 2451 338 2528 atque
353 2437 502 2515 mirabile
518 2439 683 2508 theatrum
701 2435 905 2522 ostenderet,
919 2438 965 2506 it⁸a
981 2452 1014 2506 et
1029 2437 1076 2512 ibi
1088 2438 1199 2508 videre
1210 2451 1278 2508 est:

238 2543 427 2624 habitacula
440 2544 563 2635 quippe
578 2542 710 2613 illorum
730 2541 817 2620 coelo
832 2565 901 2620 non
915 2541 1070 2614 inferiora
1090 2542 1280 2614 aestimanda
1386 2637 1389 2643 Ι

239 2661 317 2721 sunt
333 2676 340 2715 :
355 2648 430 2743 narn
448 2647 554 2737 angeli
568 2647 609 2716 ad
626 2671 681 2730 eos
701 2647 889 2731 divertunt,
912 2648 980 2720 imb
995 2650 1065 2742 ipse
1087 2649 1280 2742 angelorum

238 2753 409 2834 Dominus.
426 2756 508 2825 Nem
524 2756 550 2823 si
566 2755 608 2824 ad
623 2755 847 2829 Abrahamum
864 2755 1047 2842 vendrunt,
1072 2757 1131 2849 qui
1147 2779 1281 2826 uxorem

238 2860 395 2944 habebat,
413 2876 447 2928 et
462 2858 546 2933 filios
568 2861 750 2945 nutriebat,
769 2861 847 2953 quia
861 2861 1057 2954 hospitalem
1075 2861 1171 2942 illum
1188 2862 1281 2938 uide-

239 2980 337 3056 runt,
354 2967 429 3037 sinn
445 2968 601 3048 virtutem
616 2966 715 3058 longe
729 2970 884 3059 majorem
904 2969 1100 3054 inueniunt,
1122 2982 1155 3038 et
1169 2970 1281 3044 homi-

155 3145 156 3148 ,
239 3075 350 3151 nemi
374 3095 510 3164 corpore
531 3073 723 3156 liberatum,
744 3087 843 3166 atque
857 3074 892 3146 in
911 3097 1009 3154 carne
1024 3098 1157 3150 carnem
1173 3075 1281 3168 despi-

239 3179 400 3264 cientem,
414 3178 520 3255 multb
535 3178 692 3258 libentius
701 3180 747 3248 ibi
762 3196 946 3266 versantur,
961 3197 994 3253 et
1009 3183 1162 3258 choream
1178 3197 1281 3273 agunt

123 3314 128 3320 ·
238 3283 314 3376 ipsis
335 3297 601 3364 consentaneam.
621 3290 733 3368 Mensa
749 3287 871 3380 quippe
890 3286 980 3379 apud
995 3288 1067 3367 illos
1086 3289 1177 3358 omni
1200 3287 1281 3358 luxu

238 3390 394 3468 immunis
410 3405 475 3475 est,
493 3391 617 3465 munda
633 3407 666 3462 et
680 3392 887 3485 philosophie
903 3393 1010 3486 plena.
1029 3399 1103 3467 Non
1115 3395 1282 3486 sanguinis

239 3496 300 3580 rivi
316 3497 405 3590 apud
416 3497 425 3564 i
430 3495 501 3583 llos,
519 3522 627 3592 nequo
642 3497 788 3575 dissectae
800 3491 930 3592 carnes,
950 3524 1018 3572 oon
1038 3501 1152 3592 capitis
1167 3523 1282 3590 grave-

240 3606 352 3690 dines,
376 3629 444 3684 non
459 3607 691 3691 condimenta,
710 3631 778 3676 non
794 3609 892 3679 nidor
909 3609 1071 3694 insuavis,
1090 3633 1158 3686 non
1169 3607 1281 3680 lumus

239 3713 397 3802 ingratus,
415 3737 482 3794 non
495 3713 809 3800 cursus,·tutnultus,
824 3717 944 3800 turbae,
962 3715 1121 3790 clamores
1136 3717 1280 3806 onerosi3

240 3817 298 3904 scd
310 3818 401 3910 panis
417 3833 450 3888 et
465 3843 549 3913 aqua
561 3811 660 3910 ,haec
675 3821 695 3900 l
709 3822 800 3914 puris
812 3820 979 3907 fontibus,
992 3821 1048 3902 ille
1064 3847 1104 3900 ex
1117 3824 1214 3918 justis
1228 3823 1281 3896 lae·

240 3924 387 4008 boribus.
406 3926 503 4013 onte
526 3926 553 4000 si
571 3925 693 4010 leutius
711 3927 877 4007 voluerint
891 3927 1037 4028 epulati,
1055 3931 1166 4012 moute
1184 3929 1282 4008 lautis
