2992 4590
240 473 243 478 .
272 439 374 486 etrus
396 443 442 488 vr.
468 441 509 485 uu
532 437 688 484 uuruouo
711 439 747 484 ut
764 413 972 487 sanctoninus
987 433 1154 484 lauturus.
1182 419 1247 485 169

204 546 327 616 Verum
341 544 394 636 ,itti
409 543 511 614 fastris
533 565 667 629 nomen,
684 555 724 611 ut
746 543 883 634 opinor,
907 565 1036 613 morum
1050 543 1199 616 firmitati
1212 557 1247 614 et

203 653 398 722 innocentiae
414 651 655 744 imposuerunt.
671 652 715 719 Aa
731 648 830 716 iidem
838 649 987 718 homines
1000 649 1097 720 facilc
1112 650 1247 744 quoque

203 760 284 829 mihi
299 757 420 847 facturi
439 759 613 848 videntur3
631 769 671 826 ut
686 769 720 824 et
736 752 877 843 sortem,
901 757 1110 828 temerarium
1132 756 1247 852 appel-

202 867 294 956 lent3
312 882 345 937 et
360 866 560 960 prudentem
576 887 613 934 ac
626 863 914 954 circumspectum,
933 863 1106 953 timidum3
1120 879 1153 934 et
1167 877 1249 935 tem-

129 981 135 984 ’
201 988 389 1066 parantem,
407 987 568 1066 agrestem
584 985 620 1040 et,
639 961 876 1060 inhumanum3
894 983 927 1038 et
937 972 1085 1064 justum,
1102 969 1249 1041 illibera-

201 1080 317 1151 lamet
333 1080 514 1152 sordidum.
533 1083 649 1172 Neque
664 1078 750 1146 enim
766 1077 831 1148 hoc
845 1077 982 1171 quidam
1000 1077 1085 1147 male
1101 1076 1249 1148 tradidd·

201 1201 309 1274 runt,
342 1187 519 1258 virtutibus
538 1185 676 1254 finitima
700 1198 734 1254 et
753 1184 898 1284 quodam
921 1184 1022 1254 modb
1046 1185 1154 1264 vicina
1181 1208 1249 1256 esse

201 1295 305 1385 vitia,
331 1293 481 1387 nihilque
507 1291 631 1364 facilius
646 1315 735 1379 esse,
759 1294 860 1386 quam
880 1306 919 1362 ut
939 1291 981 1361 ab
996 1291 1080 1377 illis,
1104 1293 1162 1386 qui
1181 1294 1248 1362 hu·-

199 1399 349 1496 jusmodi
371 1424 480 1469 rerum
495 1399 661 1470 scientiam
682 1422 751 1470 uon
762 1391 911 1485 tenent,
925 1398 1140 1493 resquaedam
1157 1399 1249 1472 aliud

204 1531 274 1578 esse
287 1509 468 1602 judicetur,
483 1510 582 1602 qulam
599 1509 710 1578 reverit
722 1508 774 1576 sit.
789 1507 869 1590 Quis
885 1507 974 1578 enirn
989 1509 1090 1600 magis
1106 1523 1164 1578 aut
1178 1509 1248 1578 vir-

203 1629 310 1686 tutem
322 1613 434 1701 coluit,
453 1628 510 1684 aut
521 1615 638 1684 vitium
650 1614 812 1701 coercuit,
827 1614 880 1684 vel
889 1615 998 1684 ossicio
1010 1615 1113 1707 probb
1126 1614 1248 1686 functis

149 1711 156 1718 ’
200 1723 428 1814 benigniorem
444 1747 481 1792 ac
496 1723 693 1813 suaviorem,
709 1735 767 1792 aut
781 1723 994 1814 peccantibus
1007 1724 1203 1794 severiorem
1213 1748 1248 1794 se

200 1824 366 1922 praebuit3
384 1831 499 1923 utpote
522 1832 616 1924 cujus
632 1829 686 1898 vel
707 1829 873 1922 pertenuis
895 1829 977 1899 risus
991 1830 1077 1922 saepe
1100 1829 1247 1902 laudatio

202 1951 306 2023 esset,
326 1951 360 2007 et
375 1937 542 2008 silentium
553 1935 745 2029 increpatio,
764 1936 799 2004 in
817 1936 952 2028 proprisi
967 1935 1122 2004 nimirum
1138 1939 1247 2030 cujus·

201 2067 266 2137 que
287 2044 485 2114 couscientia
510 2044 642 2138 culpam
662 2041 832 2134 explorans
854 2067 892 2112 ac
911 2043 1075 2134 puniens?
1099 2041 1197 2125 Quod
1219 2035 1262 2114 si'

201 2175 269 2222 uon
278 2150 410 2244 lepidus
422 2151 584 2245 quispiam
597 2166 631 2220 et
641 2151 768 2220 facetus
780 2165 861 2234 erat,
877 2173 938 2221 nec
950 2149 1243 2238 circumforaneus,

201 2281 261 2328 nec
285 2281 326 2327 ex
347 2281 386 2328 eo
402 2258 496 2352 qndd
516 2258 670 2336 omnibus
690 2257 799 2326 omnia
813 2259 924 2344 fieret,
946 2256 1110 2350 plerisque
1135 2271 1246 2349 gratus

200 2377 234 2436 et
246 2379 417 2458 acceptus,
436 2365 518 2460 quid
533 2365 627 2435 tum?
638 2362 1126 2458 Noune'laudcmpotidsqu'am
1139 2387 1247 2458 repre·

199 2474 392 2544 hensionem
404 2475 468 2545 hoc
484 2474 618 2544 nomine
633 2487 788 2560 meretur,
806 2471 920 2542 saltem
937 2471 1027 2566 apud
1042 2487 1153 2543 mente
1165 2496 1246 2566 prae-

200 2580 310 2652 ditos?
330 2582 398 2654 Nisi
419 2583 492 2676 quis
511 2581 641 2660 leonem
664 2582 762 2650 etiam
784 2581 1005 2652 accusandum
1020 2595 1131 2674 putet,
1154 2581 1245 2678 qubd
1300 2617 1306 2628 ·

199 2711 268 2758 non
288 2689 391 2758 simiae
410 2688 559 2774 vultum,
581 2687 635 2756 vel
655 2701 787 2757 torvum
805 2687 983 2780 quemdam
1005 2703 1039 2757 et
1053 2691 1245 2760 horrificum

200 2818 241 2864 ac
253 2795 380 2885 regium
399 2795 570 2888 praeterat,
593 2795 686 2886 cujus
701 2795 780 2885 ipsae
796 2795 930 2886 quoque
945 2794 1131 2865 saltationes
1144 2795 1243 2867 fortes

200 2913 233 2972 et
248 2896 415 2993 generosae
437 2915 533 2990 sunt,
558 2915 687 2970 etcum
707 2897 922 2968 admiratione
940 2899 1121 2993 jucundae,
1145 2915 1244 2994 atque

200 3008 298 3076 etiam
314 3008 503 3095 histriones,
521 3021 560 3077 ut
581 3031 695 3088 suaves
711 3023 745 3076 et
759 2996 971 3076 humanitatis
987 3005 1116 3099 plenos,
1137 3005 1244 3078 admi-

200 3129 303 3202 retur,
321 3116 479 3208 quoniam
494 3115 608 3208 populi
623 3114 847 3208 voluptatibus
861 3114 1057 3202 inserviunt,
1072 3115 1246 3210 colaphos·

199 3245 266 3316 que
290 3221 353 3293 sibi
376 3223 519 3292 invicem
545 3223 581 3290 in
603 3221 723 3291 malam
746 3221 976 3315 impingendo,
1005 3224 1245 3318 strepitumque
1349 3289 1353 3294 .

199 3328 330 3416 ciendo,
349 3331 451 3400 risum
463 3331 494 3399 ei
509 3343 654 3400 movent.
674 3332 871 3421 Quamquam¹
881 3330 978 3398 etiarn
993 3384 1002 3416 ,
1016 3331 1051 3416 ¹si
1071 3332 1134 3401 hoc
1150 3355 1244 3424 quae-

161 3519 163 3524 ,
184 3465 187 3472 ·
201 3461 325 3522 ramus,
339 3437 413 3530 quis
434 3437 470 3506 in
485 3436 628 3530 coetibus
641 3435 722 3504 aded
734 3433 918 3528 jucundus,
936 3435 1098 3528 quantum
1108 3437 1244 3530 quidem

198 3543 268 3636 ipse
280 3566 461 3634 cognosco,
479 3543 538 3637 qui
553 3542 654 3635 ipsius
671 3543 810 3610 maxime
822 3539 1006 3633 periculum
1021 3541 1106 3612 feci?
1122 3543 1196 3636 quis'
1207 3543 1244 3612 in

148 3711 159 3726 .
200 3653 366 3723 narrando
377 3650 543 3723 festivior?
557 3651 631 3746 quis
646 3651 680 3720 in
692 3652 834 3744 jocando
850 3645 1018 3741 argutior?
1037 3651 1110 3744 quis
1125 3652 1161 3720 in
1180 3652 1243 3722 ob-

197 3752 362 3854 Jurgando
377 3760 503 3830 lenior?
520 3747 572 3831 Sic
587 3773 625 3829 ut
641 3753 749 3854 neque
765 3758 946 3852 increpatio
960 3759 997 3828 in
1012 3759 1241 3849 temeritatem,

200 3890 309 3961 neque
329 3866 534 3958 indulgentia
548 3867 584 3937 in
607 3865 779 3936 mollitiem
798 3866 976 3958 recideret,
994 3865 1052 3938 sed
1071 3869 1243 3962 utriusque
1296 3917 1298 3924 κ

202 3997 368 4046 excessum
394 3972 545 4065 fugeret,
575 3987 717 4067 utroque
743 3989 962 4067 congruenter
980 3989 1025 4046 'et
1051 3975 1244 4068 tempestive
