2992 4590
217 433 318 480 ctrur
341 437 386 480 vr.
404 434 445 480 nn
463 433 618 480 neruoso
641 437 677 480 ru
699 431 905 484 cortorouruus
927 435 1094 482 rnurrrna.
1122 427 1185 490 119

153 534 231 606 fines
251 531 339 602 orbis
361 545 455 600 terrae
466 529 690 626 humanitatis
707 545 741 602 et
758 531 941 602 elementiae
963 547 1084 604 nostrae
1099 536 1187 608 fama

152 639 350 726 celebretur,
368 653 402 708 et
415 639 480 708 hoo
496 651 666 730 comperto
680 638 806 730 ubique
819 653 980 712 terrarum
993 641 1092 714 laude
1111 646 1187 716 affi-

151 749 284 836 ¹ciamus.
296 741 297 744 '
307 750 351 818 Ut
369 747 472 837 igitur
488 745 610 816 talibus
628 745 725 816 bonis
743 743 810 816 frui
833 749 1019 840 contingat,
1035 751 1188 841 procida-

95 939 99 950 .
150 877 223 936 mus
242 853 286 927 ad
308 877 434 946 genua,
460 853 683 938 obtestemur,
701 849 916 944 deprecemur
940 880 948 924 r
976 854 1190 946 eripiamusb

149 961 301 1054 perieulis
320 960 505 1052 captivum,
523 958 722 1051 profugum,
739 955 942 1052 supplicem,
958 971 999 1028 ut
1013 974 1048 1030 et
1060 960 1123 1054 ipsi
1133 962 1189 1036 lu-

149 1080 223 1138 tura
233 1067 322 1137 bonu
335 1087 589 1160 consequamur,
601 1064 704 1157 gratia
712 1077 746 1134 et
757 1063 960 1154 benignitate
968 1066 1101 1139 Domini
1115 1091 1192 1140 nos-

149 1173 282 1264 triJesu
288 1172 424 1258 Christi,
437 1171 492 1240 eui
506 1169 608 1262 gloria
619 1183 651 1240 et
662 1169 850 1266 imperium,
864 1193 953 1243 nunc
964 1184 998 1242 et
1009 1195 1149 1267 semper,
1158 1192 1192 1252 et
1317 1241 1323 1250 ,

146 1277 319 1350 insaecula
334 1276 540 1351 saeculorum.
558 1279 663 1346 Amen
677 1278 700 1346 ¹.
725 1301 742 1342 n

193 1387 271 1456 Hire
286 1386 385 1456 etiam
399 1385 480 1454 mihi
494 1397 639 1476 spectare
653 1383 786 1460 videtur
796 1385 898 1458 altera
909 1387 1104 1460 Sermonum
1114 1413 1189 1484 spe-

145 1494 233 1578 cies,
260 1491 378 1586 quibus
404 1489 599 1562 celebranda
626 1492 748 1565 Christi
774 1493 930 1582 mysteria
954 1495 1185 1590 suscipiuntur.

145 1597 268 1686 Nullus
277 1612 325 1668 est
336 1597 421 1666 enim
433 1598 518 1666 inter
529 1610 653 1668 veteres
663 1596 835 1690 Evangelii
846 1603 1028 1687 Praecones,
1038 1603 1098 1695 qui
1109 1604 1190 1680 suh·

143 1703 237 1774 limia
253 1702 309 1772 illa
325 1719 518 1795 argumenta
534 1702 714 1779 nonfuerit
727 1726 904 1796 aggressus.
921 1709 1189 1800 Nonquaeramus
1257 1749 1261 1754 ·

144 1819 284 1904 typum,
305 1809 363 1881 sed
378 1811 523 1904 primum
538 1824 766 1881 occurrentem
781 1812 989 1904 accipiamus.
1009 1815 1061 1884 Sic
1073 1816 1189 1890 beatus

144 1916 350 2008 Augustinus
368 1918 483 1989 Natale
499 1918 622 1991 Christi
642 1916 795 1989 fidelibus
820 1917 1050 1991 meditandum
1072 1945 1189 2017 propo·

144 2025 218 2112 nit,
236 2038 276 2094 ut
291 2022 438 2116 dogmati
449 2025 559 2117 potiris
569 2024 752 2110 incumbat,
766 2026 867 2118 quam
878 2023 988 2098 faveat
1001 2027 1186 2104 affectibus.

200 2130 363 2204 «Natalis
389 2131 522 2200 Domini
544 2144 578 2200 et
608 2129 775 2203 salvatoris
800 2132 904 2220 nostri
935 2135 1015 2205 Jesu
1044 2135 1186 2226 Christi,

144 2260 214 2338 quo
229 2237 357 2308 Veritas
372 2235 415 2306 de
434 2236 521 2310 terri
539 2249 611 2305 orta
626 2249 692 2324 est,
712 2250 746 2308 et
761 2235 830 2308 dies
852 2260 892 2308 ex
906 2234 959 2306 die
980 2239 1017 2308 in
1037 2255 1188 2318 nostrum

144 2358 243 2414 natus
258 2358 308 2414 est
323 2345 427 2436 diem,
442 2342 667 2415 ‘anniversario
681 2341 791 2412 reditu
803 2343 898 2412 nobis
908 2343 1008 2414 hodie
1022 2343 1190 2416 celebran-

144 2451 208 2525 dus
222 2451 357 2534 illuxit:
380 2451 563 2526 exultemus
587 2464 621 2521 et
631 2449 856 2544 jucundemur
874 2451 910 2520 in
924 2473 975 2523 eo.
994 2449 1084 2536 Quid
1101 2454 1190 2529 enim

144 2560 241 2632 nobis
257 2560 445 2652 praestiterit
455 2572 556 2650 tantae
571 2556 778 2628 sublimitatis
793 2557 972 2647 humilitas,
989 2559 1072 2632 fides
1087 2561 1189 2636 habet

145 2666 421 2751 Christianorum,
439 2678 602 2735 remotum
618 2679 667 2734 est
681 2667 701 2734 a
715 2664 870 2736 cordibus
890 2667 1086 2760 impiorum,
1102 2694 1188 2764 quo-

146 2774 235 2846 niam
248 2774 286 2844 A
290 2769 454 2842 bsoondt't
464 2769 564 2866 Deus
579 2767 657 2842 hoee
668 2769 694 2838 d
706 2768 929 2862 sapientibus
952 2786 988 2842 et
997 2773 1186 2863 prudenti.

147 2877 224 2967 bus,
238 2893 275 2950 et
285 2877 455 2952 revelant
465 2902 510 2948 ea
517 2873 709 2972 parentet.
719 2880 866 2946 Teneant
877 2877 954 2966 esgb
969 2877 1110 2950 humiles
1120 2881 1187 2952 hu-

145 2985 318 3078 militatem
334 2987 394 3056 Dei
404 3015 412 3061 ε
423 2986 506 3076 utin
517 2986 682 3056 hoctanto
694 2981 901 3075 adjumento,
913 2985 1072 3076 tanquam
1083 2985 1118 3056 in
1133 2987 1187 3061 in·
1304 3049 1307 3055 .

145 3093 309 3164 firmitatis
330 3116 398 3162 suae
414 3094 582 3186 jumento,
606 3089 800 3183 perveniant
819 3087 862 3158 ad
885 3087 1102 3160 altitudinem
1116 3096 1186 3166 Dei.
1291 3121 1293 3128 ’

148 3202 317 3296 Sapientes
329 3213 439 3272 autern
451 3197 546 3291 illinet
560 3195 751 3291 prudentes,
769 3193 850 3266 ditm
865 3193 931 3266 alta
946 3197 1005 3265 Dei
1017 3215 1185 3292 quaerunt,

146 3321 178 3378 et
192 3305 333 3380 humilia
344 3330 413 3376 non
425 3304 583 3392 credunt,
601 3305 663 3375 ista
682 3303 988 3395 praetermittentes,
1003 3317 1037 3374 et
1053 3321 1188 3398 propter

145 3415 208 3485 hoc
231 3438 295 3484 nec
311 3412 354 3484 ad
372 3411 428 3484 illa
451 3411 692 3504 pervenientes,
719 3409 831 3478 inanes
852 3415 886 3478 et
900 3407 1004 3496 leves,
1027 3409 1134 3485 inflati
1154 3430 1188 3486 et
1290 3493 1298 3501 ‚

148 3523 234 3612 elati,
253 3537 287 3592 et
302 3515 461 3616 tanquam
472 3521 557 3592 inter
565 3517 689 3588 coelum
704 3530 738 3586 et
748 3529 868 3591 terram
881 3516 917 3586 in
931 3531 1067 3590 ventoso
1078 3521 1189 3594 medio
1272 3563 1276 3568 -

146 3629 388 3726 pependerunt.
426 3631 511 3698 Sunt
537 3625 626 3696 enim
651 3624 812 3718 sapientes
836 3635 870 3694 et
896 3621 1099 3718 prudentes,
1131 3627 1190 3698 sed

148 3737 244 3832 hujus
259 3735 389 3823 mundi,
407 3758 476 3812 non
491 3733 578 3809 illius
593 3733 613 3802 a
628 3755 696 3826 quo
707 3729 813 3804 sactus
828 3745 876 3802 est
890 3731 1047 3803 mundus.
1064 3735 1147 3807 Nem
1161 3735 1190 3806 si

149 3861 230 3916 esset
242 3847 279 3918 in
294 3845 339 3915 eis
352 3865 429 3914 uera
444 3841 613 3938 sapientia,
631 3863 707 3933 quae
721 3839 782 3910 Dei
793 3852 841 3913 est
855 3854 889 3910 et
902 3845 990 3913 Deus
1003 3854 1069 3930 est,
1086 3842 1187 3916 intel-
1220 3876 1223 3886 ·

184 3984 192 4014 ¹
206 3977 231 4028 S.
249 3974 333 4040 Chrys.
347 3971 437 4034 Hamil.
450 3971 476 4032 in
485 3973 586 4038 muop-
599 3969 704 4036 tutona.
717 3993 750 4007 ··
762 3978 774 4006 ²
786 3970 846 4023 bue.
857 3961 885 4045 i,
896 3981 938 4024 ar.
