2984 4580
270 391 335 454 362
417 402 598 453 narremur
620 403 647 452 s.
672 401 828 470 rtraurr,
854 403 931 456 rana
950 410 996 468 11,
1021 408 1106 454 sacr.
1131 409 1156 454 ι.
1273 413 1278 423 ’

268 533 338 580 rem
353 531 458 603 pauca
466 507 707 602 possidentem?
716 509 864 579 Christus
874 509 969 598 dicit,
983 532 1037 588 me
1049 511 1168 603 rapito,
1185 513 1308 605 rapinae

143 653 146 658 ·
267 617 330 687 tibi
339 618 482 726 gratiam
497 616 605 686 habeo
621 644 629 686 :
648 639 786 707 reguum
802 639 914 684 meum
928 617 1046 710 rapite,
1065 630 1099 686 et
1113 617 1180 688 vim
1196 617 1306 690 facito.

270 730 450 795 Terrenum
465 743 604 816 regnum
623 723 650 794 si
666 747 779 816 rapere
802 723 956 810 volueris,
978 725 1045 796 imo
1060 725 1087 794 si
1101 724 1137 794 id
1155 725 1208 796 vel
1220 728 1310 820 cogi-

264 827 399 920 taveris,
413 833 612 926 supplicium
626 832 707 902 lues.
728 837 915 925 Supernum
928 835 1009 902 vero
1024 833 1050 902 si
1065 825 1134 901 nori
1151 835 1307 924 rapueris,

268 965 383 1034 poenas
398 939 480 1011 lues.
501 940 565 1010 Ubi
580 939 760 1026 mundana,
772 940 819 1010 ibi
834 939 976 1011 invidia:
994 939 1054 1008 ubi
1066 941 1145 1010 verd
1160 940 1312 1032 spiritua·

268 1050 323 1136 lia,
341 1049 389 1118 ibi
409 1048 562 1118 charitas.
581 1051 661 1118 Haec
681 1047 815 1138 singulis
837 1049 953 1121 diebus
972 1049 1150 1139 meditare3
1171 1073 1215 1118 ne
1238 1063 1313 1142 post

268 1155 410 1226 biduum
419 1177 555 1238 cernens
572 1151 673 1222 alium
683 1175 784 1236 curru
798 1168 944 1240 vectum,
958 1155 1059 1225 serico
1071 1155 1228 1225 indutum
1242 1179 1312 1227 ves·

268 1267 427 1349 timento,
445 1286 514 1333 sese
540 1263 753 1349 effeminem,
782 1263 989 1333 conturberis
1013 1278 1071 1334 aut
1094 1277 1236 1358 stupeas.
1263 1264 1312 1337 Ne

268 1371 383 1442 laudes
407 1373 566 1457 divitem,
588 1371 647 1440 sed
670 1393 747 1440 eum
767 1372 897 1441 tantirm
921 1371 979 1464 qui
1002 1371 1041 1440 in
1064 1372 1190 1466 justitie
1218 1372 1308 1442 vivit.

270 1485 452 1571 Pauperem
465 1502 508 1548 ne
517 1475 702 1571 vitupeies3
716 1476 774 1547 sed
789 1479 875 1548 circa
887 1500 937 1546 res
952 1499 1066 1549 omnes
1078 1477 1166 1548 disce
1181 1491 1271 1550 recto
1280 1491 1313 1550 et

273 1586 465 1676 incorrupto
481 1586 531 1654 uti
541 1583 669 1678 judicio
684 1586 707 1652 ¹.
728 1611 745 1649 r
1254 1666 1258 1670 ⁵

315 1695 371 1762 3²⁰
387 1691 476 1774 Quid
491 1691 534 1760 de
551 1689 810 1783 Prosopopoeis
826 1689 950 1775 dicam,
971 1713 1115 1784 quorum
1139 1703 1191 1760 tot
1204 1703 1314 1761 tanta-
1332 1773 1335 1778 ¹

269 1823 337 1895 que
353 1799 502 1894 exempla
517 1798 605 1892 apud
632 1799 742 1868 beatos
761 1803 871 1868 Patres
893 1797 1062 1888 leguntur.
1079 1799 1151 1868 Hac
1166 1797 1313 1868 adhibita

217 1962 223 1968 .
272 1908 378 1998 figuti
393 1907 438 1976 sic
453 1920 548 1996 urget
562 1919 695 1975 sanctus
710 1905 895 1997 Cyprianus
910 1902 1133 1973 male‘fucatas
1141 1904 1310 1994 Virgines:

319 2042 335 2079 ι(
354 2017 429 2085 Non
450 2013 590 2097 metuis,
609 2035 686 2096 oro,
712 2019 792 2103 quae‘
813 2009 885 2080 talis
908 2033 962 2098 es,
987 2034 1029 2080 ne
1052 2010 1129 2079 crim
1149 2033 1313 2080 resurrec-

272 2120 369 2190 tionis
384 2117 453 2188 dies
468 2117 609 2204 venerit,
626 2115 742 2186 artifex
752 2131 829 2186 tuus
844 2130 877 2185 te
889 2140 957 2186 non
970 2131 1203 2208 recognoscat,
1222 2131 1255 2185 ot
1271 2117 1313 2186 ad
1399 2121 1401 2128 “

199 2271 202 2279 ·
271 2251 330 2297 sua
345 2225 482 2318 praemia
494 2235 527 2294 et
542 2225 699 2318 promissa
710 2225 898 2295 venientem
910 2237 1076 2295 removeat
1091 2239 1125 2294 et
1139 2223 1314 2294 excludat?

274 2340 451 2428 Increpans
461 2336 573 2426 vigore
582 2335 722 2404 censoris
733 2347 767 2403 et
777 2331 897 2426 judicis
911 2331 1014 2402 dicat:
1024 2335 1116 2426 Opus
1127 2333 1192 2402 hoc
1202 2355 1313 2402 meum

212 2431 213 2434 ¹
272 2459 425 2529 nonest,
442 2460 503 2512 nec
517 2444 625 2533 imago
641 2443 713 2511 hacc
726 2453 837 2510 nostra
853 2455 902 2510 est
915 2471 924 2529 3
948 2454 1058 2510 cutem
1073 2439 1154 2511 falso
1170 2440 1312 2511 medica-

272 2550 361 2618 mine
376 2547 545 2641 polluisti,
569 2539 694 2616 crimen
709 2546 860 2616 adultero
872 2545 982 2616 colore
1001 2549 1156 2635 mutasti,
1186 2571 1313 2642 expug-

272 2668 349 2724 nata
360 2668 409 2724 est
423 2651 594 2723 mendacio
611 2651 725 2740 facies,
741 2655 847 2744 figura
862 2667 1017 2746 corrupta
1032 2668 1092 2740 est,
1110 2653 1223 2726 vultus
1238 2654 1314 2724 alie·

273 2785 336 2835 nus
350 2776 421 2852 est3
439 2766 546 2832 Deum
558 2759 670 2831 videre
682 2783 751 2830 non
767 2762 908 2852 poteris,
923 2760 1236 2854 quanddoculi‘tibi
1247 2785 1314 2831 non

273 2885 350 2942 sunt
364 2894 448 2966 quos
461 2875 549 2939 Deus
564 2867 659 2955 lecit,
677 2868 735 2938 scd
751 2867 842 2962 quod
854 2868 1006 2940 diabolus
1019 2868 1145 2940 infecit.
1164 2869 1265 2940 Illum
1277 2884 1314 2939 tu

272 2992 394 3048 sectata
406 3001 463 3062 es,
482 2973 599 3044 rutilos
611 2987 711 3068 atque
723 2975 870 3067 depictos
886 2977 998 3047 oculos
1012 2979 1171 3070 serpentis
1188 2977 1313 3046 imitata

165 3105 183 3138 ἰ
273 3109 330 3170 es,
354 3083 396 3152 de
419 3082 551 3151 inimico
574 3095 633 3150 tuo
654 3095 804 3174 compta,
830 3106 907 3152 curn
922 3083 979 3154 illo
995 3085 1117 3177 pariter
1139 3098 1174 3153 et
1188 3108 1310 3154 arsura.

274 3193 366 3274 Haec,
379 3212 449 3274 oro,
460 3188 633 3279 cogitanda
649 3212 718 3258 non
732 3203 811 3260 sunt
826 3191 884 3260 Dei
900 3191 1021 3263 servis?
1033 3212 1101 3262 non
1117 3191 1171 3260 die
1186 3213 1313 3284 semper
1366 3249 1370 3257 ,

211 3327 227 3394 j
274 3320 313 3367 ao
329 3310 427 3367 nocte
442 3294 663 3366 metuenda²l
680 3323 696 3360 a

318 3404 442 3476 Eadem
454 3405 595 3474 habetur
613 3404 735 3496 Figura
755 3397 844 3497 apud
859 3403 1014 3474 eumdem
1031 3394 1163 3475 Patrem
1178 3407 1214 3475 in
1228 3419 1315 3475 trac·

174 3501 181 3512 ⁸
274 3526 344 3584 tatu
360 3511 402 3582 de
420 3515 526 3606 Opere
542 3525 575 3582 et
591 3511 836 3602 Eleemosynis,
854 3513 914 3581 ubi
927 3512 1048 3582 Divites
1065 3513 1244 3606 objurgans
1261 3543 1269 3584 ι

154 3619 157 3626 ’
320 3650 337 3688 o
354 3623 399 3690 Ut
413 3619 522 3712 pigros
537 3633 570 3688 et
585 3619 727 3706 steriles,
747 3619 872 3714 inquit,
886 3633 919 3688 et
934 3617 1113 3711 eupiditate
1129 3619 1313 3690 nummarii

273 3727 357 3797 nihil
375 3727 470 3798 ciret
485 3726 631 3796 fructum
649 3725 761 3796 salutis
785 3739 955 3820 operantes
982 3729 1084 3818 magis
1108 3727 1253 3819 p'udeat,
1276 3740 1314 3797 ut

272 3833 347 3927 plits
358 3835 588 3904 conscientiam
603 3831 767 3902 sordidam
783 3832 952 3904 dedecoris
967 3855 1005 3902 ac
1020 3831 1236 3926 turpitudinis
1246 3855 1313 3901 suae

311 3972 319 4002 ¹
338 3965 362 4014 S.
376 3963 459 4029 Chrys.
473 3961 562 4016 Homil.
577 3962 602 4013 iu
615 3965 714 4030 Eutrop.
729 3979 756 4029 ιι,
768 3980 792 4013 n.
809 3961 868 4014 3-6.
878 3985 909 4000 -—-
920 3972 932 3999 ‘²
943 3963 968 4014 S.
985 3965 1056 4030 Gypr.
1072 3963 1103 4015 de
1115 3962 1199 4016 flabit.
1213 3962 1278 4028 virg.
1295 3957 1297 3962 '

1159 4248 1210 4296 φ.
