2930 4582
308 461 372 523 214
463 479 642 524 carrorum
666 479 691 524 s.
718 479 867 542 sarnum,
892 479 968 526 alus
991 485 1037 542 rr,
1062 477 1146 524 saur.
1173 482 1196 523 1.

305 557 413 648 dimisi
440 609 447 649 :
473 579 753 672 quemadmodum
780 581 867 650 enim
896 583 953 674 qui
979 600 1154 672 corporum
1178 579 1346 672 praestanti

304 685 411 756 forma
425 687 620 777 capiuntur,
643 689 853 780 quocumque
869 687 1068 769 recesserint,
1087 709 1197 754 secum
1217 681 1343 752 deside·

305 804 410 861 ratam
430 787 551 859 laciem'
570 793 829 878 circumferunt,
856 791 947 862 haud
971 792 1062 861 seclis
1087 792 1147 883 ipsi
1176 803 1345 859 venustate

307 899 489 967 animarum
512 912 693 967 vestrarum
714 899 813 984 tacti,
837 921 908 966 earu
930 898 1049 967 mentis
1071 896 1344 987 vestrae'speciem

306 1029 434 1096 semper
449 1005 620 1074 nobiscum
641 1006 913 1076 circumferimus.
929 1011 971 1076 Et
986 1003 1267 1099 quemadmodum
1283 1003 1345 1096 pic-

307 1125 393 1181 tores
416 1112 580 1180 coloribus
599 1113 695 1182 variis
718 1114 824 1182 mixtis
845 1113 989 1205 corporis
1012 1112 1169 1201 imagines
1193 1111 1344 1201 ellingere

306 1207 548 1288 consuetorum
567 1219 633 1287 :ita
646 1233 679 1288 et
690 1220 751 1312 ipsi
767 1219 914 1288 studium
929 1233 1072 1288 vestrum
1088 1218 1124 1286 iu
1138 1216 1295 1301 collectis,
1312 1217 1344 1285 in

308 1324 474 1394 audiendo
499 1323 717 1411 alacritatem,
746 1325 1008 1396 benevolentiam
1034 1325 1110 1416 erga
1134 1323 1344 1394 concionato-

308 1453 394 1515 rem,
409 1424 593 1524 caeteraque
605 1432 715 1500 omnia
730 1433 850 1517 officia,
861 1430 964 1501 veluti
980 1429 1104 1500 colores
1118 1431 1279 1498 virtutum
1292 1453 1345 1499 va-

308 1536 625 1634 rios-immiscentes,
641 1550 739 1630 atque
752 1539 857 1631 ipsum
875 1539 1057 1606 animarum
1075 1551 1256 1606 vestrarum
1269 1536 1344 1605 cba-

307 1656 465 1712 racterem
487 1643 727 1735 imprimentes,
749 1645 934 1736 mentisque
955 1655 1156 1735 apponentes
1175 1642 1295 1726 oculis,
1311 1643 1345 1710 el

279 1837 283 1849 Δ
308 1749 530 1841 speculatione
549 1749 625 1818 satis
642 1764 762 1820 nostrae
779 1750 1046 1844 peregrinationis
1061 1749 1247 1841 accepimus
1265 1747 1345 1818 sola-

312 1855 359 1924 tii.
375 1859 454 1924 Haec
465 1869 498 1924 et
507 1853 669 1940 sedentes,
684 1870 718 1924 et
729 1871 909 1948 surgentes,
925 1870 957 1926 et
967 1855 1183 1941 ambulantes,
1198 1870 1231 1923 et
1243 1854 1345 1948 quies·
1447 1895 1448 1898 =

310 1977 434 2048 centes,
448 1977 481 2033 et
492 1963 714 2050 introeuntes,
724 1978 759 2034 et
774 1978 938 2049 exeuntes,
953 1963 1110 2033 continub
1125 1963 1341 2046 versabamus,

308 2069 501 2142 charitatem
515 2082 655 2139 vestram
671 2069 724 2138 rel
736 2070 770 2139 in
785 2070 918 2139 somniis
933 2071 1109 2154 intuentes,
1123 2092 1232 2161 neque
1247 2069 1345 2136 inter-

307 2173 366 2244 diir
382 2174 506 2260 sollun,
523 2172 579 2242 sed
601 2176 812 2274 etiamnoctb
827 2176 940 2244 iisdem
963 2175 1233 2266 cogitationibus,
1256 2175 1344 2268 quasi

202 2365 205 2370 Ι
307 2279 443 2368 deliciis,
455 2282 714 2367 enutriebamur,
728 2281 812 2352 illud
825 2281 901 2351 cum
913 2281 1086 2352 Salomone
1097 2283 1234 2350 scientes
1246 2279 1343 2376 :Ego

304 2385 462 2475 dormio,
480 2402 515 2457 et
530 2375 595 2456 cor
612 2413 730 2457 meum
745 2387 873 2484 uigilet
890 2391 914 2457 ¹.
937 2387 1084 2480 ldipsum
1101 2403 1134 2456 et
1154 2388 1250 2456 uobis
1267 2411 1343 2456 cou-

303 2496 453 2588 tingebat
472 2523 480 2567 t
498 2497 574 2564 nam
590 2496 697 2564 somni
720 2495 854 2588 quidem
874 2497 1046 2564 necessitas
1071 2493 1243 2587 palpebras
1263 2495 1343 2586 ipsas

304 2601 536 2687 contrahebat,
561 2601 709 2690 tyrannis
729 2603 806 2671 verb
829 2602 946 2672 amoris
970 2602 1069 2672 vestri
1088 2601 1201 2671 oculos
1224 2616 1342 2671 nostrae

301 2707 421 2778 mentis
437 2708 619 2778 excitabat:
638 2722 737 2801 atque
749 2711 973 2800 saepenumero
986 2733 1044 2800 per
1064 2731 1218 2778 somnum
1235 2709 1342 2778 vobis·
1402 2791 1405 2795 g

300 2836 376 2887 cum
389 2815 481 2910 loqui
497 2815 578 2884 milri
589 2813 736 2910 videbar.
745 2815 877 2884 Etenim
892 2818 1061 2884 consuevit
1074 2814 1193 2898 anima,
1205 2839 1282 2907 quae
1294 2816 1342 2882 in·

298 2922 408 2994 tcrdiir
423 2923 563 3014 cogitat,
581 2920 744 2990 eadem'in
762 2921 883 2990 somnis
900 2945 959 3014 per
972 2921 1176 3012 phantasiam
1189 2945 1338 3004 cernere,

229 3056 231 3066 ⁴
296 3028 388 3122 quod
404 3043 437 3098 et
452 3029 547 3098 nobis
564 3042 644 3096 tunc
660 3025 777 3095 accidit
796 3057 804 3116 3
826 3041 860 3096 et
873 3051 931 3097 vos
947 3029 1072 3096 carneis
1087 3027 1190 3098 oculis
1204 3027 1339 3097 minime

295 3135 431 3220 videns,
450 3134 553 3204 oculis
573 3135 747 3204 charitatis
761 3135 951 3220 cernebam,
977 3157 1180 3226 corporeque
1207 3135 1337 3218 absens,

293 3238 415 3308 affectu
431 3262 574 3331 praesens
590 3262 700 3328 eram3
718 3261 800 3307 meae
816 3262 910 3308 aures
929 3239 1056 3330 semper
1074 3237 1219 3308 clamore
1234 3252 1339 3308 vestro

290 3346 522 3439 personabant.
542 3345 650 3430 Quare
667 3360 701 3414 et
716 3345 860 3438 corporis
876 3345 1071 3438 aegritudine
1083 3345 1130 3412 ibl
1143 3345 1269 3414 diutius
1285 3369 1338 3414 co-

289 3468 388 3546 gente
407 3455 590 3541 immorari,
614 3469 649 3524 et
669 3455 750 3523 aeris
769 3453 960 3523 salubritate
977 3451 1023 3531 ad
1038 3453 1142 3521 carnis
1166 3455 1337 3522 sanitatem

285 3563 497 3656 proficiente,
516 3563 551 3630 id
563 3565 610 3632 vis
626 3563 744 3631 amoris
765 3561 864 3631 vestri
876 3585 944 3630 uon
963 3559 1141 3647 tolerabat,
1160 3559 1219 3630 sed
1231 3560 1336 3630 excla-

280 3671 407 3756 mabat,
426 3695 534 3764 neque
551 3670 641 3762 priirs
653 3667 857 3738 molestando
869 3669 1015 3752 cessavit,
1035 3671 1135 3760 quam
1151 3669 1247 3737 nobis
1264 3692 1337 3738 sua·

281 3781 359 3845 serit
379 3777 454 3845 ante
482 3778 655 3868 praefixum
678 3780 806 3865 tempus
830 3772 1002 3866 exurgere,
1031 3789 1064 3844 et
1083 3777 1279 3862 sanitatem,
1295 3788 1335 3844 et

279 3881 500 3974 voluptatem,
519 3896 551 3952 et
573 3905 671 3953 omne
690 3879 925 3974 quodcumque
945 3896 993 3952 est
1015 3883 1158 3962 bonum,
1181 3905 1331 3954 conven-

322 4010 419 4058 ¹Caut.
435 4024 459 4073 r,
476 4021 502 4058 a.
