2982 4584
321 365 384 426 stt
467 377 646 428 unuomct
668 383 695 426 s.
721 380 878 440 seusun,
902 379 978 430 etro
1000 387 1210 448 u,s1cu.1.
1256 427 1260 434 .

318 479 513 572 imperium,
526 481 656 566 honor,
672 503 763 550 nunc
777 494 813 550 et
826 504 973 575 semper,
987 495 1021 554 et
1036 486 1073 556 in
1086 487 1207 560 sarcula
1222 492 1384 564 saeeulo-

318 589 561 656 rombmen1.
580 612 598 650 s

355 695 495 798 12⁰Non
503 693 581 764 satis
593 694 693 764 etiem
704 694 806 764 habet
817 709 950 768 munus
959 701 1091 787 Ductor,
1101 702 1179 773 side
1187 705 1381 798 spirituali-

316 801 380 870 bus
391 821 511 890 magna
525 814 560 870 et
574 799 737 871 mirabilis
752 801 906 890 disserat,
924 803 982 874 sed
1000 818 1034 875 et
1049 807 1290 881 consolationes
1306 835 1380 904 pro

316 905 524 977 terrestribus
548 905 643 976 malis
657 907 807 999 ingerere
821 913 1065 1005 nonnunqubm
1078 913 1258 1004 allaborat,
1274 932 1320 988 ut
1335 921 1379 987 in

315 1015 355 1084 ed
370 1014 600 1101 Peroratione,
614 1017 682 1108 qud
697 1015 858 1106 lacrymas
873 1041 972 1111 super
983 1033 1132 1092 mortuos
1148 1023 1289 1111 effusas,
1309 1040 1380 1095 aut

314 1121 428 1192 sistere
437 1122 594 1207 omninb,
608 1136 666 1192 ant
681 1122 798 1192 saltem
812 1124 922 1196 minds
933 1149 1058 1196 amaras
1072 1129 1207 1198 efficere
1218 1133 1343 1221 sategit
1365 1162 1374 1202 :

371 1256 389 1296 «
413 1232 520 1300 Nemo
543 1229 656 1322 itaque
679 1229 836 1322 deinceps
853 1229 985 1322 lugeat,
1010 1254 1122 1326 neque
1144 1233 1374 1324 lamentetur,

315 1355 418 1406 nemo
448 1336 513 1406 boc
538 1335 660 1438 Christi
689 1359 774 1428 opus
795 1338 1031 1410 calumnietur.
1066 1342 1155 1412 Vicit
1188 1343 1276 1412 enim
1310 1343 1374 1414 ille

314 1455 470 1512 mortem.
491 1441 673 1534 Quidergb
689 1439 810 1511 bustrb
823 1443 956 1535 ploras?
978 1467 1066 1514 mors
1089 1469 1222 1518 somnus
1245 1449 1370 1520 effecta

314 1563 376 1620 est.
397 1549 487 1634 Quid
497 1549 691 1638 ,lamentaris
706 1563 740 1620 et
754 1549 869 1642 luges?
895 1549 984 1620 Illud
1001 1554 1089 1622 enim
1111 1555 1138 1624 si
1157 1554 1294 1645 gentiles
1308 1557 1367 1626 te-

313 1671 447 1744 rerent,
465 1655 628 1726 irridendi
642 1671 762 1726 essent.
784 1657 870 1727 Cion
890 1672 1002 1728 autem
1020 1659 1120 1728 fidelis
1135 1661 1199 1728 boc
1215 1663 1363 1750 turpiter

314 1761 558 1860 fecerit,·qunm
572 1764 711 1834 hebebit
725 1765 991 1836 excusationem?
1005 1770 1084 1849 Quae
1097 1766 1191 1836 venie
1204 1766 1266 1834 erit
1280 1766 1354 1835 baec

312 1871 506 1964 insipienter
520 1870 694 1963 agentibus
708 1886 783 1963 post
798 1872 930 1941 tsntdm
946 1873 1103 1966 temporis
1117 1887 1152 1942 et
1165 1872 1286 1942 claram
1301 1895 1360 1942 re·
1381 1935 1383 1940 .

312 1979 523 2050 surrectionis
537 1977 789 2070 probationem?
803 1982 853 2048 Tu
864 1982 965 2066 verb,
980 2004 1018 2050 ac
1029 1981 1056 2049 si
1065 1979 1195 2050 studeas
1206 1980 1271 2049 boc
1285 2003 1362 2076 pep-

313 2100 424 2156 catum
433 2085 644 2178 amplificare,
655 2086 803 2178 praeficss
813 2086 910 2156 nobis
919 2085 1056 2179 gentiles
1066 2087 1216 2172 adducis,
1227 2085 1363 2156 luctum

311 2193 459 2264 excitans
469 2209 501 2262 et
516 2191 684 2262 fornacem
708 2191 899 2278 incendens,
914 2192 1079 2264 necandis
1094 2191 1236 2262 Paulum
1247 2191 1360 2262 dicen·

311 2315 400 2372 tem:
421 2300 514 2393 Ome
525 2301 683 2370 societas
696 2297 835 2369 Christi
847 2323 929 2370 oum
942 2294 1101 2370 Belial?
1111 2313 1178 2369 aut
1188 2323 1268 2391 quur
1276 2323 1360 2392 por·

312 2410 363 2480 tio
374 2405 503 2503 fidelis
524 2431 606 2478 cum
626 2405 765 2502 infideli
772 2410 812 2478 ²?
832 2407 930 2478 Certe
952 2407 1111 2498 gentiles,
1134 2408 1194 2500 qui
1209 2405 1291 2476 nibil
1315 2407 1359 2477 de

312 2515 551 2584 resurrectione
563 2514 685 2595 sciunt,
697 2511 888 2580 consolandi
902 2526 1014 2580 tamen
1028 2515 1172 2582 rationes
1187 2513 1360 2584 inveniunt

311 2619 458 2692 dicentes
474 2649 482 2689 ι
503 2619 678 2688 «Fortiter
698 2615 801 2686 feras:
815 2639 924 2710 neque
934 2619 1057 2709 poteris
1073 2619 1110 2688 id
1119 2619 1218 2713 qnod
1231 2619 1357 2690 fuctum

310 2740 372 2812 ost,
383 2723 545 2795 infectum
562 2721 712 2810 reddere,
723 2723 777 2792 vel
787 2721 939 2793 lamentis
953 2731 1024 2794 rem
1039 2737 1205 2796 mutare.»
1219 2730 1356 2798 Turerb

310 2834 371 2932 qui
392 2813 592 2904 sublimioris
612 2829 820 2924 utiliorisque
832 2830 1225 2926 philosophiaepraeeepta
1240 2833 1350 2920 sudu,

310 2964 380 3012 non
397 2939 561 3010 embescis
575 2937 722 3030 turpiora
741 2939 843 3031 quim
858 2936 914 3008 ille
928 2941 1051 3030 agens?
1061 2943 1176 3032 Neque
1191 2940 1279 3010 enim
1299 2941 1352 3010 di·

310 3049 416 3118 cimus
437 3068 497 3115 nos
515 3074 523 3114 ι
544 3071 561 3110 s
584 3044 726 3112 Fortiter
746 3042 854 3129 feras,
877 3067 946 3114 nou
962 3067 1134 3138 possumus
1158 3045 1247 3114 enim
1263 3046 1351 3140 quod

309 3152 437 3222 factum
451 3164 499 3220 est
508 3148 668 3218 infectum
680 3145 819 3218 reddere
834 3180 844 3239 3
863 3149 966 3236 used,
981 3152 1150 3222 «Fortiter
1158 3149 1244 3222 ferus
1257 3154 1349 3238 ,nbm

310 3258 447 3329 omnino
469 3268 637 3348 resurget,
655 3253 779 3326 dormit
794 3255 882 3326 enim
897 3256 1029 3348 puella,
1048 3279 1118 3328 non
1132 3271 1261 3328 mortua
1277 3272 1345 3328 est:

309 3365 465 3460 quiescit,
489 3386 550 3434 noc
566 3362 674 3454 periit.
701 3361 796 3432 Illum
811 3363 949 3456 excipiet
959 3351 1169 3448 resurrectio,
1185 3361 1253 3434 vita
1267 3387 1347 3434 sem·

257 3546 262 3557 ,
309 3475 455 3567 piterna,
468 3469 708 3556 immortalitas,
719 3489 789 3540 sors
801 3469 1073 3562 angelice.rNon
1082 3467 1175 3540 audis
1185 3469 1344 3540 Psalmum

309 3582 474 3654 dicentem
490 3609 498 3650 :
517 3579 736 3647 Convertere
751 3577 878 3646 anima
894 3601 979 3646 mea
1000 3578 1037 3646 in
1053 3578 1213 3668 requiem
1228 3589 1322 3646 tuum
1330 3631 1341 3663 ,

226 3746 231 3758 .
310 3691 398 3780 quia
412 3687 590 3760 Dominus
603 3681 780 3780 benefecit
791 3681 858 3754 u'bt
864 3687 889 3756 ³.
903 3689 989 3756 Deus
1001 3699 1141 3758 mortem
1154 3684 1341 3755 beneficium

346 3847 352 3872 ¹
367 3839 392 3886 S.
406 3835 527 3897 chrysost.
538 3833 628 3898 iucnp.
642 3847 694 3896 rut,
703 3833 789 3884 seno.
805 3829 892 3882 Homil.
909 3845 992 3894 xxxiv,
1007 3846 1032 3880 o.
1044 3829 1071 3894 5,
1084 3830 1164 3882 6.-²
1175 3841 1190 3881 2
1201 3832 1256 3882 Gor.
1268 3827 1336 3894 n,15.

310 3947 340 3960 -
357 3918 439 3974 ³t³sat
451 3937 515 3986 cuv,
529 3938 553 3988 7.
