2964 4576
220 489 322 534 eleut·
346 493 389 536 Vl·
409 491 450 534 DE
465 490 622 533 METHODO
647 491 681 532 ln
704 491 913 534 conctotttuus
939 489 1106 534 snutntut.
1135 473 1197 534 ¹33

153 589 279 684 expulit
295 618 303 659 :
318 581 464 657 Verbum
478 601 590 656 autem
605 585 697 681 quod
713 609 752 655 ex
767 588 902 681 Virgine
913 586 1052 681 prodiit,
1066 609 1198 658 crucem

153 697 323 782 exhibuit:
336 719 395 789 per
409 695 501 790 quod
513 694 676 765 latronem
692 693 763 764 vice
775 693 935 766 ndamiin
945 695 1133 788 paradisum
1145 696 1200 766 in·

140 805 311 874 'troduxit
329 806 412 874 me
434 803 594 896 quoniam
617 825 726 896 neque
751 801 916 889 Gentiles,
938 826 1046 898 neque
1067 803 1197 890 Judaei,

152 935 261 1006 neque
278 909 430 980 Haeretici
445 909 626 980 eredebant
640 913 746 978 Deum
762 910 831 980 sine
845 911 995 1004 passione
1010 934 1048 981 ac
1064 910 1201 982 defluxu

154 1017 323 1109 genuisse,
336 1018 511 1114 proptereb
525 1013 626 1084 bodie
647 1038 686 1083 ex
702 1013 826 1107 patibili
840 1039 977 1112 corpore
991 1039 1203 1111 progressus,

151 1123 335 1216 impatibile
365 1121 570 1192 conservavit
607 1144 725 1214 corpus
751 1121 913 1215 patibile,
943 1137 982 1193 ut
1012 1128 1201 1196 ostenderet

110 1248 114 1259 ¹
151 1227 437 1329 quemadmodum
455 1253 494 1298 ex
509 1229 640 1320 Virgine
654 1242 751 1298 natus
766 1209 987 1321 uirginitatem
1003 1231 1197 1319 nonsolvit,

149 1337 199 1408 itt
215 1343 322 1407 Deum
335 1338 480 1430 quoque,
498 1359 565 1406 non
579 1336 715 1406 defluxu
724 1360 786 1406 nec
802 1339 928 1408 mutati
944 1353 1098 1410 manente
1109 1343 1201 1412 sacrd

148 1444 359 1533 substantii,
392 1447 548 1538 tanquam
578 1449 706 1532 Deum,
735 1461 836 1540 prout
860 1451 929 1516 Deo
956 1449 1198 1536 conveniebat,
1261 1501 1264 1508 -

149 1559 261 1624 Deum
285 1536 442 1644 genuisse.
461 1553 636 1644 Postquam
661 1551 751 1620 enim
774 1551 944 1638 homines,
968 1575 1007 1622 eo
1023 1552 1201 1640 derelicto,

148 1673 276 1730 statuas
291 1657 351 1727 sibi
371 1660 515 1727 humani
534 1657 816 1751 praeditasslormai
831 1659 1059 1758 sculpserunt,
1078 1661 1201 1754 quibus

149 1765 188 1836 in
203 1766 365 1836 Creatoris
387 1763 620 1835 contumeliam
640 1764 769 1835 cultum
793 1763 1009 1851 deferebant,
1027 1771 1202 1860 proptereb

151 1873 213 1944 Dei
229 1872 390 1957 Verbum,
408 1870 483 1940 cum
497 1876 584 1940 Deus
598 1887 692 1954 esset,
705 1872 806 1941 bodie
819 1873 854 1940 in
869 1873 1010 1943 bominis
1022 1873 1128 1944 sormi
1144 1898 1204 1968 ap-

152 1980 282 2074 paruit,
301 1993 339 2050 ut
355 1977 562 2048 mendacium
579 1978 782 2065 dissolveret,
801 1992 834 2048 et
849 1979 979 2050 occulte
994 1980 1028 2049 iu
1045 2004 1080 2050 se
1093 1981 1202 2073 ipsum

153 2087 282 2160 cultum
298 2110 431 2158 omnem
448 2084 649 2156 transferret.
662 2087 748 2156 Huic
762 2088 873 2180 igitur,
891 2089 950 2182 qui
965 2111 1016 2158 res
1030 2089 1204 2182 impeditas

154 2196 201 2264 ira
213 2193 357 2264 reddidit
372 2192 558 2286 expeditaS,
576 2193 707 2279 Christo
721 2194 862 2264 Domino
879 2193 1014 2286 gloriam
1027 2196 1203 2269 afferamus

1 2289 2 2320 ³
112 2371 115 2378 ,
155 2317 188 2373 et
204 2304 271 2372 unb
287 2302 375 2372 Patri
391 2313 425 2370 et
441 2299 577 2392 Spiritui
592 2313 718 2386 sancto,
735 2325 823 2369 nunc
839 2314 873 2369 et
881 2325 1024 2396 semper,
1042 2317 1076 2374 ct
1090 2303 1125 2372 in
1140 2327 1204 2374 sae·

155 2410 231 2480 cula
243 2408 450 2478 saeculorum.
470 2409 609 2476 ament

201 2518 259 2584 lV.
268 2513 503 2610 Panegyrico,
514 2535 636 2582 nomen
647 2511 774 2582 habent
785 2511 876 2606 quod
888 2536 926 2582 ex
936 2535 1043 2605 graeco
1055 2537 1205 2587 sermone

155 2621 390 2714 depromptum
401 2621 489 2712 apud
498 2624 664 2689 Romanos
673 2620 790 2691 Cicero
800 2622 972 2713 usurpavit
987 2620 1029 2691 ad
1041 2621 1112 2697 illas
1127 2649 1205 2696 ora-

154 2729 261 2798 tiones
271 2725 1207 2818 significandas,quibusvirtutespraeclarissimorumviro-

154 2861 230 2906 rum
239 2835 334 2929 justis
344 2833 499 2914 laudibus
508 2831 834 2902 extolluntur.Graeci
842 2833 930 2901 enim
939 2835 1203 2926 ἀίειιηῑπινήγυριν,

154 2956 260 3014 totam
274 2939 388 3034 populi
397 2939 1023 3034 concionem(etaomnisuppeconcto)
1032 2973 1040 3030 3
1050 2957 1207 3028 πανηγύρικον

155 3065 267 3120 autem
289 3049 470 3118 orationem
494 3045 721 3146 solemniorem
739 3051 850 3136 corum
878 3049 969 3118 omni
991 3041 1207 3122 multitudine

155 3156 317 3226 habitam.
333 3153 549 3244 Panegyricos
564 3155 641 3243 ergb
656 3177 822 3224 sermones
845 3155 1021 3226 sublimius
1037 3155 1208 3251 quoddam

157 3261 291 3333 dicendi
303 3283 404 3350 genus
417 3257 626 3328 commendet
634 3283 765 3329 necesse
777 3275 825 3348 est
838 3293 847 3350 3
858 3263 943 3332 absit
957 3278 1068 3333 autem
1079 3264 1120 3333 ab
1139 3287 1208 3334 ora·

156 3385 229 3440 tore
241 3366 418 3436 christiano
431 3387 515 3434 vana
530 3363 586 3432 illa
599 3366 798 3436 concionum
813 3368 948 3460 species,
961 3394 1036 3462 quae
1046 3369 1136 3439 inani
1148 3393 1208 3440 va·

158 3501 238 3570 pore
247 3487 425 3558 tumentes,
438 3469 522 3542 nibil
531 3472 656 3541 babent
666 3472 756 3566 quod
765 3471 807 3542 ad
817 3473 1023 3546 audientium
1032 3477 1209 3546 utilitatem

159 3586 410 3676 conferat3quae
421 3595 547 3650 mentes
557 3581 721 3652 subtiliori
731 3583 1209 3678 cogitationumapparatu,au·
1280 3607 1299 3670 J

159 3691 425 3787 resquesuuviori
433 3689 617 3759 elocutione
626 3687 828 3778 demulcent,
836 3693 918 3786 quin
926 3692 1057 3761 virtutis
1065 3715 1210 3762 amorem

140 3816 142 3824 ’
161 3814 219 3870 aut
240 3797 310 3868 vitii
326 3796 439 3867 odium
456 3797 621 3865 insinuare
643 3811 805 3866 conentur
821 3829 830 3888 3
847 3822 928 3892 quas
940 3791 1084 3894 denique
1100 3801 1211 3893 Scrip-

161 3921 245 3976 turae
258 3905 378 3990 verbis,
391 3901 528 3996 prolana
537 3903 647 3995 inopie
653 3958 666 3991 ,
678 3903 848 3975 destitutas
857 3905 1091 3999 philosophum
1101 3907 1210 4000 potiris

201 4045 208 4072 ¹
222 4038 246 4086 S.
265 4035 348 4101 Cluys.
362 4033 485 4108 Humilis
496 4032 520 4083 in
532 4030 612 4084 Natal.
631 4031 718 4084 Christ.
