2984 4580
279 396 343 464 tta
426 403 605 458 nunnomct
627 407 653 454 s.
679 402 831 470 sarnum,
857 404 933 452 rans
956 409 1002 469 rr,
1027 408 1111 453 sacr.
1137 410 1161 452 1.

277 516 323 585 sic
338 538 397 584 nos
411 515 507 584 etiam
522 493 599 608 guae
615 509 668 580 hic
683 505 847 594 audimus,
862 507 898 578 in
913 508 1053 579 externis
1068 507 1207 602 negotiis
1222 531 1317 604 opor·

277 615 326 692 tei
341 621 512 691 ostendere
527 623 552 688 ¹.
572 647 589 718 n

321 729 522 823 Adjiciamus
538 729 580 798 ad
592 729 662 797 haec
673 727 806 820 insuper
817 723 991 796 facundam
1008 725 1097 796 illam
1109 726 1319 798 confutatio·

277 859 352 906 nem
359 837 445 928 ,qud
457 839 489 908 S.
509 835 683 927 Gregorius
694 835 916 906 Nazianzenus
923 831 1074 904 funditds
1086 834 1202 904 evertit
1218 857 1319 906 vanas

279 943 454 1015 differendi
472 945 678 1039 Baptismatis
706 941 819 1013 allatas
842 941 862 1010 h
890 942 1115 1036 peccatoribus
1143 942 1319 1013 ratiocina-

278 1052 384 1126 tiones
402 1067 422 1122 :'
486 1045 488 1050 ’

271 1193 273 1198 ·
327 1189 343 1226 r
365 1163 409 1230 ht
423 1160 553 1244 metuis,
566 1159 688 1254 inquit,
706 1182 748 1228 ne
760 1159 895 1249 gratiam
908 1181 1109 1252 corrumpas,
1126 1181 1164 1228 ac
1179 1157 1318 1252 proinde
1345 1153 1347 1160 ⁴

279 1269 465 1363 purgationi
485 1291 612 1338 moram
630 1269 801 1360 producis,
824 1267 941 1360 utpote
956 1265 1083 1338 nullam
1103 1265 1235 1337 alteram
1250 1270 1331 1364 jam

279 1374 367 1444 ultra
379 1375 523 1445 habens?
540 1373 626 1458 Quid
642 1375 777 1445 autem?
792 1398 860 1444 non
875 1375 1013 1460 vereris,
1032 1397 1074 1444 ne
1085 1364 1320 1467 persecutionis

279 1495 428 1574 tempore
445 1483 480 1552 in
495 1481 679 1576 periculum
693 1479 885 1566 adducaris,
900 1505 938 1552 ac
953 1483 1105 1569 Christo,
1118 1483 1319 1575 possessione

223 1673 234 1684 q
280 1589 533 1684 omnium,quas
545 1589 658 1676 hahes,
670 1587 934 1681 praestantissima
945 1587 1210 1680 spolierisPNrim
1222 1591 1327 1680 igitur.

280 1695 324 1766 ob
340 1697 424 1765 hanc
443 1719 573 1765 causam
599 1699 619 1764 ὲ
643 1693 851 1787 suscipiendo
877 1695 1125 1765 christianismo
1154 1693 1320 1788 refugies?

280 1802 376 1872 absit.
402 1805 477 1875 Non
498 1818 547 1874 est
566 1804 636 1875 sani
652 1803 793 1874 hominis
820 1803 1003 1872 hicmarus
1026 1831 1034 1873 ε
1060 1801 1249 1896 desipientis
1271 1819 1320 1874 est

270 1911 350 1980 haec
365 1913 530 2002 cogitatio.
553 1915 582 1982 Ο
597 1913 784 1998 incautam,
802 1925 841 1981 nt
856 1911 901 1980 ita
916 1908 1053 2005 loquar,
1077 1911 1283 1981 cautionem!
1299 1912 1319 1980 6

279 2018 425 2108 ingentes
435 2020 526 2110 pravi
537 2017 625 2087 iilius
635 2019 792 2089 versutias
802 2019 810 2086 !
821 2019 903 2088 Vere
914 2015 970 2086 ille
979 2017 1085 2109 caligo
1098 2032 1158 2104 est,
1167 2029 1200 2088 et
1210 2018 1319 2088 lucem

279 2125 467 2194 ementitur.
489 2124 573 2200 Cirm
590 2139 703 2218 aperto
718 2131 823 2197 Marte
838 2125 922 2196 nihil
936 2125 1076 2219 perficit,
1093 2127 1225 2196 insidias
1240 2127 1318 2197 ohs-

279 2230 357 2300 cure
374 2231 500 2322 tendit3
517 2245 550 2301 et
573 2231 650 2302 crim
665 2255 785 2325 pravus
801 2234 862 2320 sit,
880 2233 974 2326 quasi
993 2233 1159 2302 humanus
1179 2257 1217 2303 ac
1233 2233 1336 2304 bene·

278 2337 431 2426 affectus,
448 2337 619 2409 consilium
635 2339 711 2426 dat,
729 2355 768 2409 ut
779 2339 937 2410 alterutro
953 2340 1041 2409 certe
1057 2339 1157 2411 modo
1172 2341 1320 2432 superior

278 2447 414 2514 omnino
429 2441 593 2532 discedat,
616 2469 678 2518 nec
692 2446 761 2516 ullat
775 2447 902 2519 ratione
920 2448 1020 2541 ipsius
1032 2447 1165 2517 insidias
1181 2449 1320 2540 effugia-

277 2575 362 2620 mus.
388 2551 428 2620 Id
447 2551 539 2644 quod
558 2553 613 2620 hic
627 2553 762 2646 quoque
780 2555 952 2647 perspicue
974 2553 1120 2625 molitur.
1142 2557 1226 2627 Nam
1242 2555 1319 2626 crim

277 2655 339 2724 tihi
356 2656 391 2726 in
414 2657 561 2726 animum
583 2657 740 2730 inducere
763 2675 922 2754 nequeat,
940 2675 979 2731 ut
993 2663 1197 2754 Baptismum
1209 2661 1319 2754 palam
1392 2749 1396 2755 ⁵

277 2759 455 2860 aperteque
471 2761 663 2838 contemnas
672 2791 710 2838 ac
724 2791 785 2860 pro
801 2767 905 2838 nihilo
915 2767 1028 2856 ducas,
1036 2792 1097 2862 per
1111 2771 1222 2839 fictam
1238 2793 1319 2840 cau-

276 2873 401 2942 tionem
413 2887 446 2943 te
461 2895 500 2944 eo
518 2873 673 2960 mulctat,
691 2876 862 2944 utineam
877 2873 1048 2963 fraudem,
1062 2899 1163 2970 quarn
1178 2877 1296 2946 metuis
1307 2921 1333 2962 ,ι

276 2980 468 3074 imprudens
479 3005 540 3074 per
554 2995 681 3050 metum
696 2979 842 3072 incidas3
859 2997 892 3052 et
907 2982 989 3053 dr'rm
1010 2981 1118 3076 times,
1135 3006 1177 3053 ne
1191 2982 1319 3053 donum

212 3145 213 3148 .
276 3111 485 3180 corrumpas,
503 3089 541 3156 ed
556 3087 625 3180 ipsd
640 3087 682 3158 de
697 3089 794 3158 coust
811 3089 853 3159 ab
869 3090 932 3170 hoc
947 3089 1079 3182 prorsirs
1097 3089 1237 3160 excidas.
1256 3095 1319 3161 At·

276 3218 342 3289 que
353 3195 409 3264 itte
418 3193 554 3290 quidem
566 3195 630 3265 hoc
638 3195 772 3288 ingenio
781 3209 841 3282 est,
853 3219 914 3266 nec
930 3197 1079 3290 unquam
1088 3199 1241 3268 versutiae
1251 3221 1320 3266 suae

173 3289 176 3296 ⁵
276 3303 377 3377 finem
390 3317 523 3389 statuet,
537 3302 686 3398 quandiu
697 3327 756 3373 nos
766 3301 808 3372 ad
818 3301 940 3372 coelum
955 3318 1167 3397 properantes
1178 3304 1318 3390 ridebit,

276 3409 367 3481 unde
389 3413 459 3504 ipse
476 3409 622 3504 dejectus
637 3424 697 3481 est.
717 3402 769 3480 Tu
783 3425 914 3498 autem,
938 3413 1077 3482 dhomo
1092 3413 1172 3499 Dei,
1190 3409 1242 3481 fac
1261 3412 1321 3480 ad-

196 3512 201 3522 *
276 3517 408 3590 versarii
423 3516 556 3588 insidias
571 3519 718 3609 cognitas
730 3518 864 3588 habeas.
883 3519 1014 3588 Etenim
1025 3513 1180 3588 adversius
1195 3517 1322 3588 haben·

276 3641 358 3714 tem,
376 3623 464 3696 etde
479 3623 578 3694 rebus
593 3625 753 3710 maximis,
769 3638 935 3700 certamen
947 3625 1066 3714 initur.
1078 3627 1127 3696 Ne
1141 3626 1270 3695 hostem
1286 3625 1323 3694 in

277 3733 449 3804 consilium
459 3732 616 3803 adhibeas
631 3760 639 3802 ι
652 3755 694 3800 ne
706 3729 811 3802 fidelis
826 3734 897 3802 fieri
913 3757 950 3803 ac
964 3735 1128 3804 nominari
1140 3733 1321 3826 parvipen-

276 3839 346 3911 das.
364 3839 519 3924 Quandid
537 3839 573 3908 in
588 3839 900 3910 catechumenorum
918 3862 1057 3914 numero
1069 3865 1119 3930 es,
1133 3841 1168 3911 in
1189 3839 1321 3934 pictatis

316 3980 324 4008 ¹
338 3971 362 4038 β,
377 3969 460 4037 Chrys.
474 3970 499 4022 in
510 3955 587 4022 illud:
602 3948 884 4027 Sr'esum‘crr‘tinr‘micus
892 4005 901 4032 ‚
910 3985 934 4020 n.
951 3969 1002 4023 1-5.
1020 4013 1022 4020 .
