2984 4580
131 481 134 486 ,
229 450 400 503 carnari.
425 417 467 499 nu
490 429 648 498 nanneno
663 445 922 498 inconcionruus
938 446 1103 500 suasurus.
1137 436 1201 500 323

166 573 202 620 ao
215 551 359 623 furiosus
375 551 522 638 obtutus,
539 549 640 644 pedes
655 547 823 618 instabiles
838 561 873 618 et
886 548 1083 636 titubantes,
1104 573 1203 622 nasus

53 743 56 750 Ι
113 749 115 755 Ι
165 658 395 729 contumeliam
416 671 450 727 et
473 669 703 748 contemptum
723 655 867 746 spirans,
884 653 995 726 vultris
1015 656 1202 746 configura·

167 763 267 834 boues
290 761 438 836 ridiculas
453 762 542 832 idem
563 759 798 852 significantes,
819 760 902 832 risus
916 759 1150 832 immoderatus
1172 774 1206 829 et

165 883 354 954 exaestuans,
368 883 470 944 nutus
484 881 519 940 et
533 880 671 938 renutus
682 867 772 938 omni
787 866 913 938 ratione
926 881 1086 954 carentes,
1100 889 1206 938 sermo

165 975 290 1046 herens
298 975 482 1067 spirituque
493 973 675 1058 intercisus,
689 971 960 1062 interrogationes
970 973 1165 1055 inordinatae
1173 987 1208 1046 et

165 1081 342 1172 imperitae,
360 1080 587 1177 responsiones
607 1079 656 1150 his
675 1077 779 1152 uibilo
798 1078 965 1166 meliores,
982 1080 1055 1153 aliae
1070 1081 1114 1154 iu·
1130 1081 1209 1154 alias

165 1187 383 1273 insultantes,
401 1210 470 1263 non
489 1185 551 1258 sibi
572 1198 778 1273 constantes,
795 1207 861 1257 neo·
878 1185 1073 1260 eruditionis
1092 1189 1210 1262 ordine

165 1293 425 1386 progredientes.
611 1307 615 1311 ’

212 1428 229 1466 n
254 1399 341 1482 Quid
366 1397 493 1489 singula
519 1397 703 1471 describere
734 1419 866 1473 neeesse
893 1401 963 1472 est?
995 1399 1106 1474 Talem
1132 1399 1209 1473 autb

167 1529 266 1598 opera
283 1507 490 1596 conspicatus
504 1527 589 1589 sum,
609 1502 741 1596 qualem
752 1505 788 1576 in
808 1503 962 1597 operibus
973 1508 1084 1599 portel
1095 1505 1212 1599 depre-

167 1613 278 1685 hendi.
298 1615 392 1696 Qubd
407 1613 503 1708 siqui
517 1629 557 1682 ex
571 1613 622 1696 iis,
633 1613 697 1713 qui
709 1611 779 1686 tiun
794 1612 894 1686 simul
908 1628 1017 1699 erant,
1033 1628 1133 1707 atque
1151 1637 1211 1684 au·

166 1719 317 1804 diebam,
338 1720 422 1790 mihi
443 1743 533 1792 nunc
553 1719 674 1811 praestb
689 1732 818 1804 essent,
844 1718 935 1791 haud
958 1719 1045 1810 aegre
1061 1721 1210 1794 testinu-

131 1893 134 1899 .
166 1823 259 1895 nium
274 1825 478 1897 exhiberent.
497 1824 550 1896 sd
569 1847 665 1916 quos,
689 1838 728 1897 ut
748 1825 819 1896 haeo
835 1825 1012 1918 conspexi,
1028 1826 1138 1900 statim
1159 1827 1210 1900 his

166 1932 274 2002 verbis
294 1956 372 2018 usus
398 1957 471 2004 sum
491 1937 686 2015 :Quantum
706 1934 830 2005 malum
854 1932 916 2005 sibi
947 1931 1007 2006 alit
1036 1956 1209 2006 romanum

166 2039 358 2131 imperium!
375 2039 529 2132 praefatus
543 2039 639 2124 licet,
655 2063 692 2110 ao
707 2039 857 2126 mihi,ut
870 2037 971 2116 salsus
984 2053 1075 2112 vates
1092 2064 1207 2127 essem,
1290 2058 1296 2072 ’

166 2145 375 2237 imprecatus.
388 2145 607 2223 Praestabilius
623 2145 710 2226 enirn
721 2146 756 2216 id
767 2146 888 2231 luerat,
906 2149 1007 2239 quam
1022 2147 1121 2220 tantis
1136 2170 1209 2220 ma-

166 2249 205 2324 lis
230 2253 346 2324 orbem
366 2267 527 2323 terrarum
543 2250 689 2342 inpleri,
707 2251 839 2344 taleque
853 2267 1036 2336 monstrum
1057 2254 1208 2340 existere,

167 2357 265 2450 quale
281 2359 452 2452 nunquam
469 2361 563 2428 antea
579 2359 685 2430 visum
702 2354 825 2444 luerat,
843 2357 968 2430 etiamsi
983 2358 1108 2451 alioqui
1124 2357 1210 2432 dilu·
1328 2409 1331 2414 -

167 2464 218 2535 via
232 2464 349 2549 multa,
369 2479 401 2534 et
413 2463 564 2536 incendia
575 2461 697 2548 multa,
712 2478 872 2556 terraeque
887 2463 979 2534 velut
989 2463 1209 2554 ebullitiones,

168 2585 201 2644 et
217 2572 340 2657 hiatus,
353 2597 390 2642 ac
406 2571 502 2642 multi
517 2572 652 2663 insuper
663 2569 877 2646 erudelissimi
893 2571 1056 2656 homines,
1071 2571 1210 2670 bellu&
1234 2660 1239 2670 ¹

158 2701 233 2770 ,que
248 2678 455 2770 prodigiosa,
473 2691 557 2748 etex
574 2677 671 2746 variis
683 2677 857 2766 generibus
872 2676 1035 2762 conflatae,
1053 2701 1135 2775 quas
1149 2703 1211 2754 nu·
1232 2766 1240 2775 Ι

167 2795 243 2852 tura
263 2793 351 2851 novo
367 2804 458 2848 more
469 2779 643 2872 produxit,
658 2801 808 2852 sermone
818 2780 985 2870 jactantur
1001 2783 1026 2848 ².
1043 2807 1059 2844 »

214 2893 271 2958 12⁰
295 2875 506 2960 Antitheses
529 2882 773 2960 dieuntnr·illae
798 2883 930 2956 dicendi
949 2885 1110 2970 rationes,
1134 2887 1210 2978 qui-

167 2996 229 3064 bus
245 2996 348 3064 verba
363 2995 471 3066 verbis
487 2992 646 3062 concinne
661 3005 899 3084 opponuntur,
912 2991 997 3066 sicin
1009 2993 1126 3089 inlhoe
1144 2997 1213 3066 nu-

167 3105 265 3191 sebii‚
288 3119 326 3178 ut
350 3102 435 3176 male
457 3102 590 3184 dicitur,
609 3099 769 3176 Emisseui
789 3123 956 3187 sermone,
974 3099 1017 3173 de
1032 3105 1210 3177 Resurrec-

167 3212 257 3286 tione
271 3231 451 3302 corporum
466 3207 673 3299 disputantis.
1079 3235 1090 3246 ⁴

217 3347 233 3386 a
252 3323 328 3410 Ipsa
348 3338 425 3387 caro
444 3312 799 3404 honoraturpraeuriis,
816 3327 959 3404 quaeest
982 3314 1120 3404 probata
1135 3337 1215 3406 snp-

171 3421 305 3514 pliciis:
328 3422 398 3513 ipsa
420 3421 456 3488 in
476 3418 672 3491 muneribus
687 3414 865 3507 gaudebit,
888 3415 963 3507 quai
988 3417 1024 3490 in
1044 3418 1214 3490 doloribus

172 3529 389 3622 triumphavit
406 3557 414 3600 r
432 3551 508 3621 quas
523 3525 598 3598 iden
617 3522 832 3598 tolerabiliter
856 3522 964 3598 doluit
986 3548 1020 3598 se
1041 3520 1213 3616 afflictam,
1241 3517 1243 3520 ’

173 3639 248 3728 quia
263 3635 404 3708 fideliter
418 3632 557 3704 credidit
570 3629 813 3710 reformandam
832 3632 857 3697 ².
880 3658 895 3696 a

212 3790 218 3816 ¹
234 3783 260 3830 S.
276 3783 375 3842 Gregor.
390 3777 557 3852 Theolpral.
572 3793 598 3834 r,
611 3791 637 3826 n.
654 3773 741 3840 rp-al.
757 3799 789 3810 ·-
805 3785 816 3812 ¹
829 3777 854 3824 S.
870 3773 958 3828 Erneb·
972 3777 1089 3828 Emistrn·
1105 3791 1149 3827 tou
1162 3775 1204 3842 qui

176 3862 215 3912 lib,
233 3865 294 3914 alius
306 3859 350 3911 sub
363 3859 385 3923 ej
391 3876 417 3910 us
429 3861 534 3924 nornine,
544 3862 624 3921 Serra..
634 3857 666 3908 de
678 3861 761 3906 Resur.
781 3872 849 3920 earu.

1045 3957 1095 4016 dl.
