2992 4590
270 473 333 534 166
423 489 652 536 sauromata.
675 485 993 555 ratramnum,
1017 492 1103 538 saer.
1126 495 1150 536 1.

263 589 380 686 idque,
395 613 464 659 non
479 613 539 660 suo
554 589 684 660 tantum
699 589 864 682 exemplo,
881 591 1047 662 sedetiam
1062 613 1121 684 per
1133 613 1170 661 ea
1182 591 1303 686 quibus

264 721 397 790 operam
413 695 523 765 dedit?
535 699 628 788 cujus
644 710 722 766 sunt
733 697 898 788 virginum
909 699 1076 792 caenobia,
1086 722 1124 768 ac
1139 711 1303 791 praecepta

263 806 319 876 illa
335 806 451 874 litteris
466 805 641 892 mandata,
658 806 792 898 quibus,
806 820 839 875 et
854 829 967 876 omnes
983 829 1094 876 sensus
1110 806 1314 892 coercebat,-

265 929 299 984 et
313 913 463 984 membra
478 913 588 982 omnia
610 913 845 1004 componebat,
866 939 904 982 ac
919 914 995 984 vere
1010 915 1229 1012 uirginitatem
1245 937 1303 984 co-

262 1021 331 1092 lere
350 1019 569 1107 admonebat,
587 1021 867 1113 pulchritudinem
880 1075 889 1107 ‚
901 1021 953 1091 ab
973 1023 1011 1090 iis
1026 1023 1143 1110 rebus,
1162 1046 1237 1115 quae
1251 1044 1304 1090 as-

263 1143 363 1222 pectu
373 1128 572 1214 sentiuntur,
590 1127 699 1215 adea,
714 1153 789 1222 quac
805 1127 977 1199 oculorum
984 1129 1140 1198 obtutum
1152 1126 1299 1220 fugiunt,

263 1249 478 1322 convertens,
492 1248 592 1327 atque
610 1235 645 1302 id
661 1223 815 1327 quidem,
831 1234 924 1328 quod
939 1243 1110 1304 externum
1129 1249 1194 1320 est,
1206 1234 1305 1303 debi-

263 1342 377 1426 litans,
403 1341 612 1432 flammaeque
636 1340 807 1410 materiam
828 1342 1045 1425 subtrahens,
1075 1334 1169 1434 quod
1195 1355 1305 1410 autem

263 1451 431 1520 internum
453 1463 486 1516 et
501 1447 669 1518 occultum
691 1462 761 1533 est,
776 1451 876 1535 Deo,
898 1451 957 1542 qui
978 1449 1066 1520 solus
1086 1463 1134 1518 est
1149 1473 1306 1543 purarum
1382 1513 1384 1516 .

265 1557 447 1625 animarum
460 1577 608 1645 sponsus,
623 1568 722 1648 atque
738 1555 903 1623 insomnes
920 1557 1055 1640 animas,
1073 1557 1099 1624 si
1114 1558 1215 1626 modo
1230 1577 1307 1624 cum
1377 1561 1381 1566 ’

264 1661 360 1736 claris
386 1660 593 1752 lampadibus
617 1675 649 1730 et
673 1659 889 1752 copioslolei
909 1660 1069 1746 alimonia
1093 1663 1224 1732 obviam
1246 1661 1309 1753 ipsi

264 1767 460 1862 prodierint,
478 1792 589 1836 secum
600 1766 798 1852 introducit,
815 1766 1030 1860 spectandum
1043 1768 1207 1838 offerens?
1222 1767 1323 1854 Ciam,

264 1875 366 1967 igitur
387 1872 528 1943 solitaria
549 1874 628 1959 vita,
646 1888 679 1942 et
694 1899 749 1961 ea,
764 1899 840 1968 quae
855 1875 1009 1944 societate
1024 1863 1161 1966 gaudet,
1180 1889 1219 1944 ut
1230 1873 1308 1968 plu-

265 1981 389 2054 rimdm
400 1981 486 2050 inter
501 2004 535 2049 se
547 1979 757 2066 dissiderent,
776 2007 813 2052 ac
825 1996 1026 2074 pugnarent,
1041 1997 1224 2076 neutraque
1237 2006 1310 2051 om·

210 2147 213 2152 ,
266 2089 365 2172 nind,
380 2087 433 2156 vel
449 2088 640 2172 commoda,
654 2086 707 2156 vel
722 2087 929 2158 incommoda
946 2114 1003 2160 sua
1018 2114 1100 2182 pura
1116 2103 1148 2158 et
1163 2089 1310 2158 immixta

266 2196 423 2284 haberet,
450 2193 564 2262 veriam
585 2192 642 2262 illa
664 2196 766 2284 magis
791 2195 926 2287 quidem
947 2197 1124 2289 tranquilla
1144 2211 1176 2264 et
1197 2193 1309 2264 sedata

267 2315 351 2372 esset
373 2323 411 2368 ac
428 2303 496 2368 Deo
517 2299 642 2368 animos
658 2299 844 2397 copularet,
862 2300 1018 2370 caeterum
1031 2302 1074 2370 ob
1090 2311 1308 2371 eam‘causam

231 2488 232 2492 Ἰ
266 2405 354 2477 fastu
370 2429 442 2475 non>
453 2419 598 2491 careret,
616 2405 708 2498 qudd
727 2407 829 2490 virtus
845 2431 913 2476 non
932 2407 1177 2500 exploraretur,
1198 2430 1259 2476 nec
1274 2407 1310 2474 in

183 2525 185 2535 ’
267 2514 546 2605 comparationem
570 2513 715 2600 veniret3
744 2513 816 2582 haec
841 2527 951 2583 autem
975 2517 1076 2606 magis
1098 2513 1233 2607 quidem
1257 2537 1311 2582 ac-

268 2635 363 2690 tuosa
384 2633 417 2687 et
438 2618 527 2686 utilis
549 2633 647 2702 esset,
665 2617 816 2715 verlrma
840 2621 1038 2691 tumultibus
1058 2619 1167 2690 mimis
1187 2621 1309 2706 libera,

184 2721 185 2726 ’
268 2719 322 2796 eas
338 2723 494 2818 praeclare
507 2725 593 2792 inter
614 2748 647 2794 se
663 2725 884 2796 reconciliavit
904 2751 941 2796 ac
958 2729 1164 2820 permiscuit,
1182 2727 1313 2819 pietatis

267 2831 424 2905 nimirum
449 2831 616 2922 gymnasia
639 2846 672 2901 et
695 2833 890 2902 monasteria
912 2847 1084 2920 extruenS,
1108 2857 1177 2902 non
1203 2848 1314 2904 tamen

268 2941 368 3030 longo
387 2937 561 3009 intervallo
577 2937 691 3025 abiis,
715 2939 772 3031 qui
794 2940 830 3006 in
854 2937 1003 3010 sodalitio
1018 2941 1146 3026 vivunt,
1165 2953 1311 3024 remota,

269 3071 343 3132 nec,
353 3043 445 3115 velut
457 3067 553 3112 muro
562 3044 718 3136 quopiam
727 3045 908 3138 interjecto,
920 3059 957 3114 ea
966 3047 1170 3138 distinguens
1181 3061 1281 3140 atque
1294 3047 1314 3114 a

270 3177 304 3223 se
322 3153 463 3236 inuicem
484 3174 652 3243 separam,
679 3151 794 3220 verum
819 3153 920 3245 prope
943 3155 1145 3246 conjungens
1168 3177 1205 3222 ac
1229 3152 1313 3222 diri-

154 3303 156 3310 ·
218 3315 219 3322 i
269 3281 385 3328 mens:
406 3270 442 3325 ut
454 3280 515 3326 nec
527 3256 760 3349 contemplatio
775 3261 1077 3330 communicationis
1089 3281 1203 3352 expers
1215 3273 1312 3344 esset,

269 3388 331 3435 neo
358 3353 441 3434 actio
469 3363 745 3456 contemplatione
772 3381 917 3456 careret,
946 3368 1004 3435 sed
1030 3364 1315 3460 quemadmodum

269 3487 354 3548 terra
368 3485 401 3540 et
416 3495 519 3558 mare,
537 3472 582 3539 ita
595 3471 693 3540 etiam
707 3472 759 3539 hae
779 3471 854 3542 duae
871 3475 947 3542 vitae
962 3473 1136 3544 commoda
1150 3497 1211 3542 sua
1226 3473 1315 3541 inter

268 3603 302 3650 se
318 3579 607 3663 communicantes,
631 3577 673 3647 ad
689 3580 820 3649 unicam
836 3581 895 3650 Dci
915 3583 1051 3670 gloriam
1065 3593 1312 3650 concurrerent.

313 3714 330 3751 a
356 3685 445 3769 Quid
454 3687 629 3778 praeterea?
640 3683 780 3754 Pulchra
796 3673 845 3754 res
863 3687 1067 3776 benignitas,
1081 3702 1114 3756 et
1128 3709 1317 3778 pauperum

267 3792 460 3866 alendorum
473 3791 631 3875 studium,
645 3805 743 3883 atque
752 3793 907 3888 humanae
915 3793 1096 3862 infirmitati
1107 3817 1204 3886 opem
1212 3792 1313 3862 lerre.

266 3898 443 3970 Paululum
459 3903 549 3968 extra
564 3898 730 3968 civitatem
751 3897 869 3990 pedem
886 3899 984 3982 effer,
1003 3923 1040 3968 ac
1061 3923 1180 3970 novam
1195 3900 1317 3968 civita-

265 4021 333 4076 tem
345 4006 508 4098 conspice,
519 4005 602 4076 illud
613 3997 740 4098 pietatis
752 4005 1024 4097 promptuarium,
1036 4005 1119 4092 illud
1130 4029 1310 4076 commune
