2996 4598
231 434 333 483 curor
355 440 400 484 rr.
417 437 467 482 ou
489 435 639 482 runroau
660 437 848 482 coactorum
871 435 1070 483 orrouruuo.
1128 421 1172 486 65

181 537 219 602 ln
243 533 387 626 paschali
409 549 520 604 autem
546 531 758 602 hebdomadi
781 533 914 624 singulis
937 536 1034 614 etiam
1056 534 1174 606 diebus

135 642 341 713 concionatos
363 643 486 735 priscos
513 646 626 711 Patres
651 638 839 731 planissime
866 639 972 734 liquet
1002 666 1042 710 ex
1064 643 1174 713 verbis

133 746 278 838 ejusdem
300 748 527 840 chrysostomi
552 746 599 814 it'a
614 744 787 817 scribentis
806 774 814 815 ι
843 774 860 811 a
876 746 1088 818 lllucescente
1106 753 1174 820 Rc-

132 857 340 926 surrectionis
354 857 434 942 die,
460 853 679 925 necessarium
703 866 786 938 erat,
814 866 854 921 ut
878 852 921 922 de
941 857 1175 928 resurrectione

132 963 263 1031 Domini
273 964 451 1034 Caritatem
459 975 601 1032 vestram
615 959 806 1030 doceremus
816 990 825 1048 3
835 971 869 1028 et
880 961 1095 1052 sequentihus
1107 964 1175 1032 die-

132 1067 194 1138 bus
209 1085 345 1163 propter
359 1095 397 1140 ca
413 1068 588 1154 miracula,
606 1092 681 1161 quae
696 1081 777 1136 tunc
792 1066 993 1154 factasunt,
1012 1092 1175 1140 resurrec-

81 1221 83 1230 ,
131 1176 230 1246 tionis
243 1176 480 1248 demonstratio
491 1176 609 1245 iterum
628 1173 795 1244 afferenda
815 1189 885 1244 crat
900 1204 908 1245 :
926 1175 1062 1268 quandd
1074 1177 1175 1246 etiam

117 1285 367 1376 'Apostolorum
377 1289 461 1354 ¹Acta
474 1283 645 1376 explanare
667 1283 839 1376 coepimus,
861 1283 940 1354 inde
959 1283 1052 1353 vobis
1065 1285 1174 1355 conti-

125 1411 196 1458 nua
204 1404 427 1482 proponentes
440 1390 597 1474 convivia,
611 1402 645 1458 et
654 1389 776 1458 crebris
785 1378 1052 1484 quotidianisque
1062 1392 1177 1462 admo-

123 1497 315 1567 nitionibus
330 1521 383 1566 eos
397 1497 455 1590 qui
462 1519 569 1588 nuper
582 1496 735 1589 baptismi
746 1498 883 1590 gratiam
900 1513 1104 1590 acceperant,
1114 1523 1176 1569 ex-

122 1603 488 1674 hortantes1.»-1dem
499 1600 622 1673 factum
632 1603 801 1673 evidenter
816 1603 1020 1674 demonstrat
1034 1627 1173 1697 magnus

123 1733 245 1781 eorum
254 1711 312 1804 qui
328 1724 503 1804 supersunt
512 1713 725 1782 sermonumt
734 1723 848 1780 sancto
862 1713 1048 1802 Augustino
1060 1713 1095 1780 in
1103 1711 1174 1781 die-

124 1818 189 1887 bus
200 1816 409 1910 paschalibus
417 1818 628 1888 recitatorum
637 1840 949 1902 uumerus,necnon
959 1832 992 1887 et
1000 1817 1056 1888 illa
1068 1820 1173 1889 sancti

124 1925 305 1995 Gaudentii
314 1925 486 1996 Brixiensis
495 1926 639 2018 episcopi
650 1926 693 1995 ad
701 1923 904 1994 Benevolum
918 1925 1018 2006 verba
1029 1954 1037 1995 ε
1050 1930 1175 1996 «Com-

124 2034 237 2105 munis
249 2035 317 2104 voti
332 2032 440 2102 fuerat
455 2048 493 2104 ut
507 2057 631 2126 eaquae
647 2032 765 2104 divinis
780 2031 918 2126 eloquiis
934 2055 993 2124 per
1004 2033 1173 2126 paschales

125 2141 196 2210 dies
213 2141 360 2233 proxime
381 2140 563 2234 praeteritos
586 2139 776 2232 explanavi,
800 2141 911 2209 corbm
927 2139 1081 2210 valuisses
1108 2167 1170 2213 au-

125 2246 304 2318 dire...'Ex
328 2249 456 2340 ingenti
480 2232 677 2336 aegritudine
695 2261 792 2316 tuum
812 2271 902 2316 nunc
918 2246 1027 2317 adhhc
1051 2273 1170 2342 corpus

124 2353 311 2426 invalidum
335 2379 378 2423 ne
402 2351 597 2446 supradictae
623 2349 790 2422 festivitati
810 2355 978 2422 interesses
1002 2355 1168 2443 inhibuit,

125 2460 216 2530 unde
228 2461 441 2530 vehementer
455 2459 610 2545 dolebas,
628 2459 764 2529 omnino
780 2456 931 2528 fraudem
943 2459 1005 2528 tibi
1015 2462 1170 2552 spiritua-

124 2565 206 2636 lium
222 2568 387 2636 bonorum
399 2580 554 2659 reputans
565 2565 706 2658 peccatis
718 2565 914 2657 urgentibus
925 2567 1116 2658 irrogatam3
1130 2592 1169 2639 ac

124 2675 299 2766 proptereb
319 2673 423 2743 veluti
441 2672 605 2764 singulare
625 2671 795 2765 quoddam
816 2670 978 2765 dispendii
998 2677 1171 2746 memorati

124 2780 320 2866 remedium,
338 2779 536 2874 magnoper'e
552 2779 684 2868 exegisti
699 2791 737 2846 ut
750 2778 926 2847 scriberem
942 2779 1024 2870 quid
1038 2783 1073 2847 in
1089 2783 1170 2850 und·

124 2891 256 2981 qudque
272 2884 326 2956 die
342 2885 656 2955 illiussacratissimae
671 2881 901 2970 hebdomadis,
913 2898 1033 2954 sanctae
1048 2881 1167 2955 frater-

123 2994 322 3063 nitatihme
338 2993 520 3084 expositum
533 2989 752 3062 meminissem
769 2994 796 3060 ².
816 3015 835 3056 o
1023 2983 1026 2993 '

165 3104 226 3170 Vl.
253 3105 376 3170 Praeter
388 3113 498 3167 autem
516 3097 611 3166 illum
625 3097 802 3192 quotannis
817 3094 1026 3183 redeuntium
1047 3120 1169 3171 sermo·

124 3231 204 3276 num
219 3205 391 3290 ordinem,
414 3227 526 3274 omnes
547 3204 710 3297 populum
725 3202 868 3274 docendi
881 3205 1066 3276 occasiones
1086 3207 1169 3277 arri-

124 3309 259 3403 piebant
273 3311 378 3381 sancti
392 3309 439 3378 illi
453 3314 576 3396 Patres,
593 3309 653 3403 qui
668 3333 745 3380 cum
760 3311 946 3402 Augustino
958 3314 1057 3403 supro
1066 3313 1167 3384 citato

124 3415 352 3510 intelligebant
366 3415 527 3486 «verbum
537 3416 596 3485 Dci
604 3439 725 3508 panem
734 3439 803 3486 esse
812 3416 1055 3509 quotidianum,
1066 3443 1167 3511 quem

126 3523 273 3616 quotidie
290 3512 512 3615 frangendum
540 3522 688 3615 quotidie
717 3523 866 3593 esuriunt
881 3537 1020 3594 montes.
1041 3552 1059 3590 ι
1080 3527 1166 3596 Hlnc

126 3633 299 3702 conciones
323 3629 389 3699 illae
415 3653 495 3724 quas
519 3630 695 3721 Gregorius
717 3631 899 3723 praesertim
923 3632 1164 3719 Nazianzenus,

128 3740 301 3831 Gregorius
330 3741 516 3829 Nyssenus,
542 3737 658 3808 beatus
685 3737 830 3831 denique
852 3737 1105 3827 chrysostomus
1131 3739 1167 3809 in

164 3893 170 3919 ¹
183 3888 206 3936 S.
220 3885 306 3953 Chrys.
318 3885 343 3936 iu
358 3888 444 3938 oeno.
454 3885 543 3939 flomil.
555 3899 641 3950 mm,
650 3900 676 3934 ιι.
693 3899 757 3934 ι.-·
769 3891 781 3920 ¹
794 3883 820 3934 S.
835 3883 957 3935 Gaudent.
972 3883 1035 3936 brix.
1052 3883 1120 3950 praef.
1132 3885 1163 3936 nd

128 3971 239 4021 Benerol

266 4072 301 4117 ιι.
690 4124 694 4130 ,
858 4104 861 4112 .
988 4050 1007 4111 5
