2996 4598
253 419 306 478 280
418 427 597 478 anuroarct
619 429 646 476 s.
672 428 825 490 turnum,
850 425 926 476 elus
949 429 995 492 ιι,
1020 415 1105 478 seor.
1131 434 1155 474 1.
1251 449 1254 454 ·

261 533 320 626 qui
343 531 485 620 faciunt,
513 533 649 603 audiant
671 534 713 604 ad
739 533 934 626 praemium,
959 536 1065 629 etqui
1090 557 1159 604 non
1178 531 1303 604 faciunt

262 637 397 707 audiant
412 638 454 708 ad
467 639 664 732 judicium².
690 665 707 703 ι)
723 679 769 696 -
787 638 886 722 Quod
907 653 940 708 et
959 641 1156 710 confirmans
1173 653 1304 709 sanctus

260 749 382 814 Doctor
398 767 432 813 se
452 735 639 814 «locutum
660 767 729 814 esse
747 743 789 814 de
809 741 925 814 altiore
947 742 1041 831 loco,
1064 773 1081 810 u
1105 747 1172 839 qub
1191 744 1302 837 gradi·

260 851 323 920 bus
339 850 597 938 ascendebatur,
615 853 761 921 asserite
780 855 847 923 Nec
856 851 934 922 alibi
953 852 1062 922 minsis
1076 853 1163 923 clare
1182 883 1189 923 :
1207 881 1224 920 a
1241 857 1304 926 No

258 959 305 1028 vit
322 959 471 1029 Charitas
487 972 594 1028 vestra
610 980 725 1027 omnes
740 981 800 1027 nos
825 981 932 1028 unum
957 961 1148 1051 magistrum
1164 961 1300 1046 habere,

258 1079 291 1134 et
316 1067 379 1134 sub
394 1064 452 1134 illo
477 1063 719 1155 condiscipulos
731 1087 815 1152 csse3
838 1087 899 1134 noc
914 1062 990 1134 ideo
1011 1066 1157 1158 magistri
1174 1089 1300 1152 sumus,

257 1173 335 1264 quia
355 1161 486 1242 deloco
505 1171 665 1264 superiori
684 1170 853 1263 loquimur
871 1171 984 1258 vobis,
1003 1171 1061 1241 sed
1076 1172 1231 1263 magister
1253 1187 1303 1242 est

257 1279 423 1365 omnium,
439 1279 631 1372 quihabitat
646 1279 845 1348 inomnibus
855 1279 949 1349 vobis
960 1282 985 1348 ³.
1007 1306 1023 1344 u
1037 1319 1082 1333 -
1097 1279 1223 1348 Eadem
1238 1302 1301 1348 sae·
1365 1299 1368 1308 ¹

257 1385 331 1478 piris
347 1385 481 1478 repetit,
499 1409 574 1478 quae
589 1384 763 1477 prolixiora
779 1383 907 1470 forent,
925 1384 951 1453 si
966 1407 1025 1477 per
1044 1384 1173 1476 singula
1187 1386 1303 1458 recita·

257 1505 384 1581 rentur3
393 1491 534 1560 sufficiat
544 1505 577 1560 et
585 1492 671 1560 hanc
680 1490 789 1560 adhitc
798 1514 915 1561 vocem
923 1491 1113 1578 rescribere,
1125 1493 1191 1586 qud
1200 1492 1299 1564 dicit:

260 1628 277 1666 «
301 1599 456 1682 Quamvis
471 1614 606 1692 propter
622 1597 889 1668 commoditatem
905 1596 1138 1690 depromendae
1154 1599 1243 1669 vocis
1256 1598 1302 1674 al·

258 1707 340 1776 tiore
351 1706 425 1776 loco
435 1720 519 1774 stare
528 1704 711 1790 videamur,
724 1719 836 1774 tamen
844 1705 880 1773 in
889 1705 960 1797 ipso
970 1704 1084 1775 altiore
1093 1706 1168 1777 loco
1179 1693 1311 1800 vosJ'u-'

257 1813 373 1882 dicatis
388 1826 422 1882 et
433 1833 493 1881 nos
505 1810 723 1906 judicamur⁴.
745 1841 760 1877 »

301 1919 423 1990 Ultima
439 1933 550 1988 autern
565 1918 621 1988 illa
637 1919 741 1988 sancti
754 1919 930 2010 Augustini
940 1918 1041 1988 verba
1054 1943 1128 2012 non
1145 1916 1226 1990 facti
1243 1945 1300 1991 so-

255 2027 327 2096 lum
343 2028 511 2096 veritatem
526 2026 657 2112 astruit,
675 2025 731 2095 sed
746 2026 845 2118 hujus
864 2027 998 2120 insuper
1013 2027 1154 2119 primam
1173 2042 1207 2096 ct
1221 2029 1300 2120 qui-

256 2134 331 2202 dem
344 2133 542 2226 praecipuam
552 2130 798 2202 consuetudinis
810 2155 940 2202 eausam
949 2155 1016 2202 non
1028 2133 1166 2203 obscure
1178 2135 1299 2226 signifi·

255 2255 320 2328 cat,
330 2241 449 2334 nempe
460 2254 498 2308 ut
509 2263 585 2308 curn
594 2239 708 2332 majori
723 2240 954 2309 commoditate
965 2264 1029 2311 vox
1037 2242 1296 2334 depromeretur.

257 2347 351 2418 Unde
375 2347 471 2416 etde
493 2359 606 2415 sancto
628 2345 863 2436 chrysostomo
883 2345 928 2415 sic
946 2344 1095 2440 loquitur
1120 2352 1296 2418 Socrates:

258 2459 426 2523 «Joannes
438 2453 620 2545 episcopus,
631 2476 709 2521 curn
723 2453 901 2544 Eutropius
917 2451 959 2520 ad
971 2452 1076 2522 basim
1094 2453 1203 2524 altaris
1221 2479 1300 2548 pro-

254 2560 413 2628 cumbens
421 2581 490 2650 prae
504 2572 597 2626 metu
605 2571 835 2628 consternatus
843 2571 938 2644 esset,
951 2557 1067 2628 sedens
1081 2561 1117 2628 in
1129 2576 1296 2653 suggestu,

255 2663 474 2751 undeanteb,
501 2665 569 2757 qul>
582 2663 718 2748 Jsaciliirs
732 2663 911 2750 audiretur,
942 2665 1129 2734 concionari
1148 2666 1296 2754 solebat,

255 2773 435 2842 orationem
444 2772 480 2840 in
488 2770 774 2864 reprehensionem
783 2773 853 2865 ejus
863 2770 1127 2842 habuit⁵.»-De
1133 2797 1201 2866 quo
1210 2773 1298 2842 idem

255 2877 398 2956 referens
410 2880 613 2972 Nicephorus
625 2906 655 2947 :u
667 2878 815 2963 loannis,
827 2877 948 2971 inquit,
956 2876 1137 2948 absurdum
1147 2879 1299 2971 Eutropii

254 3001 410 3057 conatum
426 3007 587 3077 arguens,
609 2982 812 3052 luculentam
835 2983 953 3080 habuit
967 2986 1148 3054 orationem
1169 2987 1205 3054 in
1226 3007 1298 3054 am-

253 3097 341 3166 bone
356 3119 414 3164 seu
429 3105 603 3184 suggestu,
621 3092 680 3184 qui
694 3114 766 3160 mos
786 3093 856 3185 ejus
873 3106 942 3162 erat
961 3091 1037 3162 cinn
1052 3092 1214 3185 populum
1234 3091 1298 3164 do-

254 3215 361 3286 ceret,
379 3214 418 3269 ut
426 3221 538 3269 omnes
553 3219 668 3268 vocem
678 3197 746 3290 ejus
755 3199 952 3289 exciperent,
964 3199 1113 3288 sedens6.
1136 3229 1197 3265 »-
1211 3200 1297 3270 Hinc

213 3369 215 3374 .
253 3309 488 3401 Metaphrastes
503 3305 657 3375 eumdem
670 3303 941 3391 chrysostomum
954 3321 1164 3400 repraesentat
1179 3335 1193 3370 ι
1206 3331 1298 3378 cons·

253 3416 449 3487 uendentem
462 3415 497 3482 in
506 3425 710 3504 suggestum,
723 3425 761 3480 ut
777 3426 860 3481 esset
872 3412 1026 3482 omnibus
1037 3412 1228 3482 manifestus
1237 3417 1262 3482 ⁷.
1278 3443 1294 3480 u

255 3527 341 3595 Hinc
356 3539 389 3594 et
406 3527 604 3594 Sozomenus
621 3519 733 3590 asserit
746 3519 840 3589 illum
860 3549 877 3588 «ι
891 3522 910 3589 ὸ
922 3535 1075 3613 suggestu
1087 3520 1247 3609 docuisse,
1264 3535 1297 3592 et

290 3708 298 3736 ¹
313 3701 338 3750 S.
355 3701 455 3764 August.
470 3695 502 3747 de
513 3693 587 3746 Civit.
606 3691 660 3757 Dei,
672 3690 717 3743 lib.
731 3709 760 3755 n,
772 3708 827 3759 cap.
848 3691 924 3744 ab·
936 3701 947 3729 ¹
961 3693 997 3744 ld.
1011 3692 1073 3744 lbid.
1086 3718 1118 3730 -
1135 3691 1194 3744 ²1d.
1217 3695 1293 3745 Serm.

252 3799 349 3848 cmxv,
362 3799 388 3833 u.
405 3800 428 3833 ι.
441 3807 473 3818 -
486 3778 499 3829 4
511 3780 547 3830 ld.
562 3782 641 3830 Senn.
656 3793 724 3842 xxm,
742 3795 767 3827 n.
793 3773 983 3829 1.-⁵Socrat.
1001 3779 1062 3828 Hist.
1089 3778 1179 3830 eccles.
1199 3778 1242 3829 lib.
1257 3795 1294 3842 vr,

252 3884 307 3934 cup.
319 3865 343 3917 5.
358 3863 411 3904 -5
424 3864 525 3934 Niceph.
536 3865 597 3918 nist.
613 3862 701 3915 eccles.
717 3861 761 3913 lib.
772 3879 810 3926 ur,
821 3878 877 3928 cap.
887 3859 911 3926 4.
924 3887 956 3898 ·-
968 3873 980 3915 7
992 3861 1098 3927 uerapn.
1111 3863 1136 3912 in
1148 3863 1198 3913 Vit.
1211 3863 1293 3928 Chrys.
