2930 4582
220 431 323 479 curun
345 437 392 480 vr.
417 435 459 478 nra
479 434 638 480 *unrnono
660 437 696 479 11«
715 433 923 481 ooneromrus
936 427 1104 481 tomeun.
1129 418 1190 479 281

154 549 262 632 potest
273 549 312 605 'et
330 533 420 630 quod
436 534 637 628 impossibile
657 548 716 604 est.
738 535 822 603 Nam
837 529 919 628 quid
935 547 982 603 est
998 532 1103 622 alind,
1120 539 1194 608 Non

152 644 288 740 potestis
302 649 370 712 ess'e
381 641 593 727 immortales,
606 641 664 710 sed
679 653 718 709 ut
732 663 801 708 non
812 640 997 709 moriamini
1010 663 1071 735 ego
1087 640 1193 736 laei03
1309 727 1313 742 1

152 753 214 824 nisi
230 766 264 822 et
278 751 369 846 quod
384 751 456 820 fieri
472 773 540 821 non
555 763 664 843 potest
678 770 740 838 ego
754 747 866 818 facio?

211 887 229 926 a
257 858 341 930 Volo
371 873 483 929 tamen
506 856 631 951 aliquid
659 856 757 924 etiam
785 853 827 926 de
857 853 1043 928 diversitate
1068 858 1198 952 ponde-

151 991 228 1063 rum
245 967 423 1060 disputare.
442 969 536 1056 Rogo
551 978 603 1049 te,
627 961 680 1034 dic
695 962 797 1056 milri,
814 976 901 1032 terra
917 975 1003 1034 terra
1020 978 1089 1052 est,
1111 991 1196 1061 aqua

151 1101 238 1171 aqua
254 1089 318 1162 est,
337 1080 392 1144 aer
417 1079 472 1143 aer
488 1086 552 1158 est,
577 1071 680 1148 aether
699 1069 735 1168 id
758 1083 807 1140 est
826 1069 971 1162 coelnm3
986 1085 1018 1140 et
1034 1072 1117 1164 ignis
1140 1074 1196 1145 ille

138 1182 298 1278 *liquidus
321 1180 446 1262 eoelum
461 1194 521 1250 est.
542 1184 690 1264 Quatuor
705 1178 825 1271 nempe
844 1179 905 1249 ista
918 1180 1012 1273 quasi
1035 1181 1194 1271 gradatim

150 1291 407 1362 construxerunt
422 1303 455 1358 et
472 1287 716 1358 aedificaverunt
732 1286 912 1372 mundum,
930 1286 1073 1372 honest,
1091 1310 1130 1357 ex
1144 1289 1195 1361 his

150 1412 298 1493 quatuor
318 1395 496 1466 aedificatus
512 1408 560 1466 est
577 1392 733 1464 mundus.
753 1399 869 1476 Quaere
890 1393 972 1488 quid
995 1395 1114 1465 inimo
1134 1397 1192 1486 sit,

150 1521 241 1576 terra
258 1519 307 1574 est
326 1533 333 1575 :
352 1502 433 1598 quid
455 1503 615 1598 desuper,
636 1526 721 1598 aqua
741 1516 790 1572 est
809 1531 816 1574 :
840 1501 921 1597 quid
939 1527 1038 1596 super
1057 1529 1192 1599 aquarn,

152 1620 208 1684 aer
228 1627 276 1682 est
294 1644 302 1684 ι
319 1611 401 1704 quid
416 1635 513 1706 super
532 1617 655 1697 aerem,
672 1609 799 1682 coelum
819 1625 887 1697 est,
906 1613 1009 1684 aether
1028 1627 1088 1683 est.
1107 1615 1196 1698 Quid

149 1743 288 1811 corpora
304 1717 407 1788 solida
425 1725 500 1813 qnae
520 1731 676 1787 tenentur
693 1731 793 1809 atque
812 1721 1019 1788 tractantur?
1034 1723 1108 1790 Non
1128 1722 1195 1791 hu·
1255 1701 1265 1714 ⁸

137 1824 239 1895 mida
253 1824 340 1910 dico,
358 1849 434 1918 quae
448 1825 607 1895 labuntur
628 1838 662 1893 et
675 1824 808 1912 llnunt3
829 1847 966 1916 corpora
981 1823 1057 1896 dico
1073 1829 1195 1898 traota-

148 1932 249 2020 bilia,
272 1931 363 2002 und'e
387 1934 485 2000 sunt?
506 1935 614 2002 Terrae
633 1928 822 2024 deputanda
838 1943 932 2017 suut,
955 1955 997 2002 an
1017 1957 1131 2027 aquae,
1154 1962 1196 2008 an

149 2040 232 2126 adri,
256 2062 299 2109 an
319 2039 453 2108 aetheri?
469 2044 695 2132 Responsurus
719 2061 772 2124 es,
790 2051 897 2110 terrae.
922 2043 1101 2110 Terrenum
1118 2066 1196 2136 ergo

148 2169 269 2240 corpus
284 2159 333 2215 est
346 2146 497 2238 lignum?
512 2145 609 2238 plane
625 2160 805 2242 terrenum.
825 2151 865 2216 ln
885 2149 971 2217 terrd
987 2149 1142 2238 nascitur,
1160 2152 1196 2222 in

148 2257 235 2326 terra
251 2254 363 2340 alitur,
377 2253 414 2322 in
425 2254 512 2324 terri
527 2254 652 2324 crescit.
667 2253 851 2324 Tractabile
870 2271 930 2343 est,
948 2281 1016 2327 non
1032 2259 1192 2330 fluxibile.

148 2363 233 2432 Redi
251 2385 382 2432 meeum
400 2359 442 2429 ad
458 2359 554 2430 illum
570 2360 719 2432 ordinem
740 2362 937 2453 ponderum.
955 2369 1052 2436 Terra
1067 2366 1103 2435 in
1115 2367 1195 2436 l'un-

149 2470 305 2540 damento
321 2483 370 2538 est
385 2497 393 2539 :
408 2467 557 2538 ordinem
572 2492 719 2562 sequere.
735 2469 824 2556 Quid
836 2476 1083 2564 superterram?
1095 2499 1192 2570 aqua.

149 2579 258 2661 Quare
273 2570 404 2667 lignum
419 2589 512 2644 natat
528 2599 626 2668 super
642 2580 783 2670 aquarn?
795 2591 964 2648 terrenum
984 2595 1033 2650 est
1048 2606 1167 2678 corpus
1184 2614 1192 2656 ι
1251 2603 1259 2614 ·

148 2685 174 2754 si
194 2707 328 2755 revoces
346 2682 394 2750 ad
409 2681 503 2750 illum
526 2681 675 2750 ordinem
695 2685 903 2775 ponderum,
929 2687 991 2756 sub
1016 2693 1101 2784 aqna
1126 2715 1196 2762 esse

148 2788 285 2875 debuit,
313 2812 382 2857 non
401 2788 518 2882 supr‘a.
546 2787 735 2857 Invenimus
755 2790 842 2858 inter
864 2806 985 2861 terram
1009 2809 1042 2862 et
1068 2797 1195 2886 lignum

147 2920 268 2994 aquam
284 2896 427 2966 mediam
451 2925 458 2968 ε
478 2896 591 2966 subter
611 2910 749 2984 terram,
771 2919 869 2992 super
890 2923 1029 3002 aquam,
1047 2915 1080 2972 et
1097 2929 1196 2998 super

30 3094 34 3100 1
148 3029 268 3099 aquam
286 3005 407 3074 iterirm
424 3019 563 3094 terram,
589 3006 723 3100 quandd
738 3007 872 3101 quidem
887 3007 1014 3102 lignum
1030 3025 1116 3082 terra
1132 3028 1191 3086 est.

148 3113 323 3184 Perdidisti
342 3110 436 3182 illum
454 3113 620 3199 ordinem,
641 3128 716 3184 tene
732 3116 843 3185 fidem.
866 3121 955 3210 Ergb
977 3133 1105 3190 terrena
1121 3145 1195 3193 eor-

147 3243 225 3312 pora
239 3221 377 3290 inventa
394 3233 471 3288 sunt
487 3244 584 3313 super
600 3219 821 3309 elementum,
839 3225 930 3317 quod
947 3227 1130 3297 secundum
1146 3244 1195 3300 est

147 3326 178 3395 in
193 3329 310 3400 ordine
324 3327 575 3417 elementorum,
589 3329 724 3422 quandd
739 3343 855 3399 natant
869 3331 970 3422 ligna,
988 3359 1096 3431 neque
1111 3361 1197 3408 mer·

149 3449 280 3523 guntur.

210 3569 227 3607 u
251 3541 397 3613 Attende
429 3539 541 3627 aliud,
569 3541 661 3635 quod
684 3541 759 3635 plus
780 3543 909 3613 'mireris
928 3577 938 3635 3
960 3569 1097 3640 corpora
1124 3551 1195 3642 ipsa

150 3651 350 3739 gravissima,
368 3664 402 3719 et
417 3664 528 3720 tamen
543 3663 683 3736 terrena,
702 3676 777 3744 quae
787 3675 863 3721 mox
877 3665 916 3722 nt
926 3652 1056 3726 dimissa
1071 3655 1195 3730 fuerint

149 3776 243 3848 super
260 3782 391 3852 aquam,
407 3757 564 3828 continuo
578 3751 826 3848 demerguntur,
845 3773 877 3828 et
894 3760 935 3829 ad
950 3759 1016 3831 ima
1030 3763 1194 3855 profunda

149 3865 354 3952 perveniunt,
367 3866 451 3934 sieut
461 3878 510 3934 est
520 3863 656 3953 serrum,
671 3869 837 3958 postremb
849 3867 933 3937 sieut
943 3883 991 3938 est
1001 3867 1189 3963 plumbum.

150 3966 235 4046 Quid
253 3971 341 4048 enim
361 3971 500 4066 plumbo
521 3973 673 4064 gravius?
687 3973 826 4046 Accedit
845 3989 957 4048 tamen
976 4001 1094 4052 manns
1114 3983 1193 4054 arti·
1245 4003 1251 4016 ·
