2984 4580
286 465 350 530 340
433 477 612 526 ῐιιῑετοῑιιεΔ
635 477 662 523 s·
688 476 841 537 raucum,
869 477 943 522 reas
966 481 1015 538 11,
1041 469 1124 524 sucr'.
1150 481 1174 521 1.
1277 511 1280 516 .

280 581 459 654 Dominum
475 585 581 650 Deum
604 591 732 648 mentes
754 591 877 646 vestras
899 579 958 646 Dei
979 579 1098 654 timore
1117 579 1319 669 convertite3

280 693 387 758 Mum
401 686 456 757 vel
470 687 542 756 serb
561 685 724 778 quaerite:
743 684 820 776 quia
836 685 1031 777 jampridem
1049 709 1108 778 per
1124 686 1320 777 Prophetam

279 814 495 888 praemonens,
509 792 680 877 hortatur,
708 803 742 860 et
757 789 856 860 dicit:
880 790 1040 888 Quoen'te
1054 791 1270 878 Dominum,
1289 805 1323 862 et

280 899 673 972 uivetnnimauestra1.
692 895 824 967 Credite
839 894 903 983 illi,
916 897 974 990 qui
986 897 1121 968 omnino
1133 921 1203 968 non
1210 897 1295 967 fallit
1313 928 1320 969 :

280 1004 404 1078 credite
415 1004 483 1090 itti,
506 1005 564 1098 qui
581 1005 653 1073 haec
671 1003 781 1073 omnia
796 1001 909 1072 lutura
923 1004 1075 1096 praedixit
1093 1005 1237 1076 :credite
1252 1004 1320 1092 illi,

279 1111 338 1206 qui
353 1110 564 1184 credentibus
574 1109 749 1203 praemium
760 1109 837 1180 vitae
849 1123 981 1180 aetemae
992 1110 1106 1182 dabit:
1124 1110 1248 1181 credite
1261 1108 1320 1198 illi,

280 1217 338 1312 qui
358 1216 535 1288 incredulis
556 1225 681 1286 aeterna
702 1214 862 1310 supplicia
878 1217 1037 1308 gehennae
1053 1217 1225 1288 ardoribus
1239 1219 1322 1288 irro-

280 1323 371 1416 gabit
386 1328 412 1393 ².
430 1351 446 1389 n

325 1428 418 1500 Idem
433 1429 574 1500 alterum
586 1429 632 1500 sic
647 1427 772 1499 claudit
788 1441 965 1500 tractatum
975 1458 997 1500 :-

329 1537 410 1606 «His
421 1536 692 1610 meditationibus
703 1538 966 1608 corroborandus
981 1551 1030 1608 est
1041 1539 1181 1624 animus,
1194 1543 1322 1610 Fratres

278 1642 498 1732 dilectissimi,
516 1641 676 1737 ejusmodi
694 1643 983 1715 exercitationibus
1002 1646 1117 1715 contra
1132 1646 1242 1714 omnia
1257 1645 1323 1716 dia·

278 1748 348 1820 boli
360 1748 470 1843 jacula
492 1749 686 1821 firmandus.
707 1750 756 1820 Sit
776 1749 812 1818 in
834 1751 988 1821 manibus
1003 1752 1111 1822 divina
1132 1753 1261 1840 Lectio,
1289 1754 1322 1822 in

278 1855 427 1926 sensibus
444 1855 609 1926 dominica
629 1856 794 1946 cogitatio.
806 1857 919 1927 Oratio
925 1859 1013 1951 jugis
1025 1859 1163 1928 omnino·
1171 1882 1240 1928 non
1251 1881 1321 1929 ces·

278 1975 338 2033 set.
367 1961 522 2034 Salutaris
550 1962 698 2054 operatio
724 1976 920 2054 perseveret.
947 1962 1177 2056 Spiritualibus
1196 1987 1323 2058 semper

278 2069 408 2138 actibus
420 2089 623 2160 'occupemur
641 2062 652 2133 τ’
666 2081 704 2138 ut
719 2070 990 2164 quotiescumque
1011 2071 1163 2141 inimicus
1178 2095 1323 2142 accesse-

121 2204 126 2214 ·
159 2262 162 2267 Ι
278 2173 333 2261 rit,
348 2174 477 2267 quoties
497 2171 587 2244 adire
606 2175 801 2262 tentaverit,
815 2189 848 2245 et
862 2175 1011 2274 clausum
1027 2175 1229 2249 advenisse
1244 2202 1323 2272 pec-

278 2294 333 2352 tus
354 2280 500 2352 inveniat
519 2295 553 2351 et
576 2295 787 2352 armatum.»

323 2386 420 2461 Idem
434 2387 634 2482 paulopost:
1332 2461 1336 2467 .

324 2523 343 2560 «
366 2499 502 2565 Venena
525 2493 611 2566 sellis
634 2519 766 2581 evome,
792 2493 1028 2566 discordiarum
1050 2499 1139 2570 virus
1165 2499 1321 2590 exclude,

280 2611 441 2692 purgetur
457 2622 549 2671 mens
564 2623 666 2693 quarn
680 2601 896 2693 sempiternus
910 2602 995 2674 livor
1006 2604 1175 2676 infecerat.
1193 2609 1325 2677 Amari-

280 2703 592 2800 tudoomnin'quae
604 2705 693 2776 intus
704 2707 888 2796 insederat,
906 2711 1026 2806 Christi
1036 2712 1212 2784 dulcedine
1220 2714 1324 2785 lenia-

282 2825 348 2886 tur.
367 2816 450 2884 Ama
461 2835 528 2898 eos,
545 2837 628 2907 quos
638 2813 714 2886 ante
730 2812 856 2901 oderas,
873 2815 973 2909 dilige
988 2818 1073 2906 illos,
1088 2821 1323 2916 quibus'injus·

261 2921 322 2990 tis
334 2921 630 2991 obtrectationibus
641 2920 809 2993 invidebas
828 2952 835 2992 :
854 2923 959 2995 bonos
971 2927 1110 3016 imitare,
1129 2931 1154 2998 si
1166 2945 1260 3022 potes
1275 2960 1282 3000 :
1296 2933 1324 3000 si

280 3025 397 3097 sectari
408 3049 477 3095 non
488 3039 593 3118 potes,
608 3025 772 3096 collaetare
786 3030 873 3097 certe
889 3045 922 3100 et
934 3024 1099 3124 gratulare
1110 3036 1320 3106 melioribus:

279 3129 333 3200 fac
348 3144 381 3199 te
392 3129 456 3203 illis
472 3131 616 3200 adunata
627 3129 802 3204 dilectione
817 3139 1028 3232 participem,
1043 3141 1095 3213 lac
1110 3157 1143 3213 te
1158 3144 1324 3214 consortio

279 3236 446 3306 charitatis
462 3251 496 3306 et
510 3234 722 3308 fraternitatis
731 3241 874 3312 :vinculo
889 3246 1096 3317 eobaeredem
1120 3279 1128 3319 :
1150 3249 1323 3320 dimitten-

279 3356 337 3412 tur
351 3341 413 3412 tibi
424 3341 548 3430 debita,
565 3344 700 3439 qnandd
716 3347 837 3440 tuipse
854 3349 1013 3422 dimiseris
1031 3356 1256 3448 :accipientur
1273 3380 1335 3450 sag

168 3463 171 3475 '
278 3452 488 3540 crificiatua,
506 3452 583 3524 clun
599 3456 752 3548 pacificus
767 3457 810 3527 ad
825 3463 929 3529 Deum
945 3464 1071 3534 veneris
1088 3467 1112 3534 ³.
1134 3493 1150 3532 »
1176 3479 1179 3488 ’
1288 3515 1291 3520 -

326 3558 382 3625 23⁰
412 3558 573 3639 Quaedam
593 3561 691 3628 etiam
715 3560 757 3630 de
774 3561 1320 3665 Praetermt'osioneattingenda,

279 3663 347 3756 quat
362 3683 424 3746 uos
439 3664 604 3756 praeterire
624 3666 779 3758 fingimus
790 3670 854 3740 hoc
867 3672 960 3765 quod
975 3679 1213 3764 tunc'maxime
1225 3679 1322 3750 volu·

280 3789 356 3839 mus
374 3766 493 3842 dicere.
516 3773 596 3842 flaee
610 3770 700 3843 utilis
721 3790 770 3847 est
791 3779 978 3866 exornatio,
998 3782 1025 3850 si
1041 3798 1100 3854 aut
1116 3807 1201 3873 rem,
1220 3809 1321 3879 quam

278 3921 325 4050 π’
339 3915 420 4009 imos.
446 3922 472 3982 ν’,
493 3915 520 3966 6.
535 3927 592 4004 ᾗ·
615 3917 640 3970 S.
667 3915 739 3987 Cypr.
762 3923 846 3974 contri
872 3893 1020 3980 Demetrion.
1038 3955 1070 3967 ·-
1089 3928 1150 3983 ³1d.
1176 3933 1208 3984 do
1227 3935 1275 3986 Zel.
1296 3939 1320 3984 et

298 4011 360 4050 lVOl.
