2984 4580
322 415 387 477 422
469 428 649 477 annosior
672 426 699 472 o.
724 424 876 491 aterum,
900 424 979 474 raas
1000 425 1045 490 11,
1070 429 1156 474 sacr.
1181 429 1206 474 r.

121 537 128 551 '
200 560 207 566 ·
321 531 379 602 ciri
392 542 512 623 potest,
529 530 594 598 hoc
608 540 669 612 est,
686 527 951 619 postqulrmhlne
966 528 1208 614 excesserimus,
1228 529 1366 598 acerbe-

314 660 385 730 que
393 634 548 706 conclusa
557 632 776 725 fuerintque
786 631 925 726 quisque
934 633 969 700 in
978 634 1041 702 hac
1050 633 1118 702 vira
1128 635 1238 726 gessit,
1251 649 1363 730 atque,

319 756 354 812 et
368 739 516 811 scelerati
525 739 687 824 homines,
705 737 887 830 supplicio,
910 752 946 808 et
958 739 1018 832 qui
1032 740 1158 810 animos
1169 742 1364 832 purgatrint,

318 850 493 944 splendore
519 848 629 918 allecti
653 847 789 916 suerint.
817 847 991 952 Quocirca
1006 847 1098 917 vobis
1121 849 1366 940 providendum

225 955 228 960 ’
318 969 379 1042 est,
397 979 440 1025 ne
453 954 495 1024 ad
511 956 647 1046 gratiam
663 966 858 1024 cunctanter
872 953 1056 1043 accedatis,
1072 954 1187 1024 verirm
1200 979 1366 1027 summam

318 1065 517 1136 celeritatem
529 1062 723 1146 adhibeatis,
742 1083 785 1129 ne
799 1061 884 1130 latro
898 1061 993 1131 vobis
1008 1075 1209 1153 antevertat,
1222 1064 1366 1135 neadul·

317 1185 369 1241 ter
383 1193 440 1240 vos
456 1181 650 1262 praeteream
672 1191 715 1236 ue
731 1191 846 1238 avarus
862 1169 1021 1261 superiori
1040 1168 1229 1238 conditione
1243 1171 1309 1262 sit3
1325 1196 1365 1242 ne

319 1277 452 1347 sicarius
469 1261 595 1353 bonum
616 1274 700 1344 illud
719 1275 903 1368 praeripiat3
920 1299 962 1344 ue
978 1275 1195 1370 publicanus,
1213 1301 1258 1346 ne
1273 1287 1364 1348 scor'-

248 1367 252 1372 ⁴
319 1399 426 1471 tator,
450 1408 492 1453 ne
514 1382 660 1476 denique
682 1383 857 1476 quisquam
884 1406 925 1452 ex
955 1383 1012 1471 iis,
1041 1384 1101 1477 qui
1128 1409 1199 1476 per
1226 1387 1302 1454 orm
1329 1385 1365 1457 in

319 1517 470 1589 regnum
495 1495 714 1583 irrumpunt,
740 1488 900 1595 illudque
926 1494 1129 1585 rapiunt¹.
1159 1493 1255 1564 Ultrd
1278 1495 1365 1597 enim

317 1604 386 1673 vim
401 1601 538 1694 patitur,
553 1599 591 1670 a‘c
603 1613 737 1692 propter
751 1599 932 1669 bonitatem
948 1600 1159 1690 tyrannidem
1175 1602 1305 1672 suffert.

365 1736 383 1773 s
409 1708 604 1793 Enimvero,
628 1708 655 1775 si
669 1707 751 1776 milri
766 1705 1019 1776 auscultandum
1032 1709 1185 1800 putabis,
1203 1708 1247 1779 ad
1260 1708 1366 1780 scelus

319 1812 455 1909 quidem
473 1828 507 1884 et
522 1811 674 1882 fraudem
690 1812 804 1882 tardus
820 1812 894 1898 eris,
912 1810 1000 1882 celer
1025 1828 1135 1884 autem
1152 1813 1363 1887 adsalutem.

1467 1367 1470 1528 l

319 1921 393 1991 Pari
410 1920 499 1990 enirn
514 1919 550 1987 in
564 1918 645 1988 vitio
657 1933 751 2005 suut,
765 1919 993 2012 promptitudo
1005 1920 1048 1990 ad
1063 1921 1194 2008 vitium,
1209 1937 1243 1992 et
1253 1925 1365 2014 segni·
1461 2006 1466 2023 Ι

297 2039 299 2045 ’
318 2027 379 2097 ties
399 2025 442 2095 ad
464 2026 632 2096 virtutem.
658 2026 690 2095 si
707 2023 749 2095 ad
764 2027 1068 2097 commessationem
1089 2043 1226 2100 vocatus
1242 2028 1363 2120 luetis,

318 2157 362 2205 ne
381 2132 533 2221 festines3
551 2133 578 2201 si
594 2131 636 2202 ad
648 2131 725 2201 fidei
741 2125 994 2225 abjurationem,
1013 2133 1064 2204 lac
1075 2137 1193 2228 pedem
1210 2140 1300 2208 retro
1315 2161 1366 2210 ce·

318 2239 452 2312 lerrime
468 2236 611 2329 referas,
632 2239 658 2308 si
678 2238 741 2307 tibi
759 2240 996 2332 flagitiosorum
1022 2265 1060 2312 ac
1079 2242 1286 2336 perditorum
1302 2247 1365 2317 ho·

319 2353 448 2422 minum
467 2348 656 2420 sodalitium
675 2349 821 2420 dixerit:
842 2350 943 2422 Veni
956 2351 1163 2442 nobiscnm,
1179 2359 1365 2451 particeps

235 2537 249 2558 ,Α
320 2471 396 2527 esto
410 2457 621 2552 sanguinis,
637 2457 756 2525 airum
768 2455 910 2551 justum
925 2458 1057 2556 injuste
1072 2463 1110 2532 in
1129 2477 1266 2533 terram
1282 2463 1366 2536 abs·
1468 2529 1469 2540 ,

319 2560 521 2632 condamus
535 2567 570 2648 ²3
587 2583 630 2628 ne
645 2561 781 2630 auribus
796 2563 932 2655 quidem
949 2566 1008 2635 hos
1024 2589 1190 2639 sermones
1213 2570 1362 2641 admitte.
1468 2645 1469 2652 χ

314 2670 369 2740 lta
381 2667 462 2737 duas
476 2667 631 2737 maximas
642 2667 800 2740 utilitates
817 2674 1043 2766 consequeris:
1063 2679 1141 2746 nim
1156 2677 1270 2750 stillis
1284 2703 1364 2773 pec·

186 2849 192 2855 ,
317 2790 428 2848 catum
444 2799 541 2846 suurn
554 2777 733 2865 indicabis,
754 2791 788 2848 et
803 2792 837 2846 te
853 2779 960 2872 ipsum
978 2785 997 2851 a
1013 2785 1112 2874 prava
1127 2786 1284 2858 societate
1293 2789 1363 2857 exi·

197 2969 199 2974 Ι
312 2896 399 2954 mes.
413 2887 458 2952 At
473 2883 500 2952 si
510 2883 570 2951 tihi
586 2906 725 2974 magnus
739 2883 843 2954 David
853 2884 940 2956 dicat
958 2909 966 2952 t
986 2887 1029 2960 V
1027 2891 1122 2958 enite
1130 2942 1143 2978 ,
1161 2891 1363 2965 emultemus

317 2988 478 3061 Domino
502 2991 537 3078 ³3
554 2990 581 3057 si
596 2988 678 3058 alius
695 2991 878 3081 Propheta:
901 2991 1037 3064 Venite
1058 2997 1303 3069 ascendamus
1327 3003 1363 3072 in

179 3130 181 3142 =
203 3167 204 3170 ,
318 3109 476 3166 montem
484 3094 636 3165 Domini
650 3096 680 3184 ⁴3
691 3097 718 3164 si
732 3097 800 3187 ipse
811 3097 923 3169 salutis
932 3116 1053 3171 nostrae
1062 3104 1192 3175 Vindex
1205 3135 1212 3176 :
1227 3107 1269 3180 V
1269 3109 1362 3178 enite

317 3196 443 3270 adme
457 3221 599 3287 omncs,
616 3199 679 3292 qni
692 3199 889 3292 laboratis,
904 3220 939 3276 et
953 3211 1099 3278 onerati
1119 3212 1216 3299 estis,
1243 3227 1280 3283 et
1294 3237 1361 3312 ego

314 3329 379 3377 vos
399 3307 562 3402 reficiam
583 3311 595 3350 ⁵
613 3333 622 3377 .·
653 3323 711 3379 aut
718 3363 731 3396 ,
748 3308 914 3408 Surgite,
931 3311 1109 3386 abeamus
1125 3315 1209 3388 ltine
1225 3319 1257 3406 ⁶,
1281 3322 1361 3393 nne

260 3475 263 3482 .
313 3411 539 3508 splendidius
552 3414 778 3514 effulgentes,
791 3431 827 3489 et
840 3419 1024 3522 superpiae
1038 3423 1240 3521 congretate,
1254 3443 1292 3499 et
1301 3453 1360 3499 su·

310 3535 380 3615 per
389 3519 604 3614 sapphirum
615 3522 821 3594 collustrati
831 3529 863 3613 ⁷,·
872 3551 914 3598 ne
930 3530 964 3597 in
978 3533 1180 3602 contrarium
1193 3536 1356 3626 nitamur,

314 3653 358 3698 nc
373 3629 680 3700 moram-faciamus.
702 3638 885 3721 Petrumet
900 3641 1059 3708 Ioannem
1080 3640 1298 3716 aemulemur:
1316 3644 1358 3715 ad

346 3881 453 3933 ¹ltatth.
467 3896 554 3950 xr,12.
569 3909 601 3920 -
616 3893 626 3920 ²
639 3885 709 3938 Pror.
726 3905 746 3952 1,
760 3905 799 3939 11.
813 3915 842 3925 -
857 3886 942 3939 ³Psal.
955 3905 1017 3958 xciv,
1033 3911 1056 3944 1.
1068 3919 1101 3932 -
1111 3893 1123 3942 l
1135 3895 1217 3946 Mich.
1231 3911 1268 3962 rv,
1282 3911 1308 3949 2.
1324 3923 1355 3937 -

246 4017 250 4030 ,
309 3961 421 4020 ⁵llattlr.
435 3982 469 4032 ιι,
480 3967 521 4020 28.
536 3993 568 4007 -
581 3965 672 4024 ⁶Joan.
687 3987 738 4036 nv,
752 3972 794 4026 31.
810 3997 842 4010 -
853 3981 864 4027 t
877 3973 965 4030 rhran.
981 3993 1015 4042 rs,
1030 3995 1054 4043 7.
1065 3975 1202 4033 -ttoan
1218 3993 1260 4047 rx,
1278 3981 1304 4034 3.

190 3783 203 3806 ,
312 3736 530 3829 Baptismum,
539 3752 578 3807 ut
592 3737 641 3807 illi
650 3737 693 3808 ad
704 3741 893 3834 sepulcrum
904 3756 938 3814 et
949 3747 1252 3838 resurrectionem⁸,
1266 3751 1357 3821 omni
1467 3781 1468 3820 z
