2992 4590
284 385 347 450 152
391 432 393 438 ,
437 401 615 452 aauromct
639 403 664 451 s.
690 401 843 466 aaaron,
869 397 945 448 rurs
967 403 1012 464 11,
1036 397 1120 446 sacr.
1146 403 1171 445 r.

281 521 315 577 et
328 521 525 601 montanum
533 497 702 602 quoddam
717 521 848 576 antrum
860 560 868 593 ‚
879 506 977 600 'quasi
987 504 1117 575 virtutis
1133 501 1279 572 scholam
1290 517 1324 574 et

282 614 462 699 officinam,
472 617 611 707 jactans,
623 637 684 683 ηερ
696 627 899 704 arrogantem
912 613 1090 707 quemdam
1105 611 1321 697 Centaurum,

279 720 420 790 heroum
453 720 504 788 sui
528 719 684 811 temporis
707 732 962 812 praeceptorem,
989 741 1050 788 ηερ
1075 717 1117 786 ab
1143 740 1183 787 eo
1220 729 1325 786 artem

280 826 432 919 percipit,
450 843 517 918 quo
533 825 659 917 lepores
671 827 793 916 sagittis
807 826 960 916 configat,
978 823 1032 894 vel
1050 821 1207 894 hinnulos
1226 847 1326 893 cursu

171 951 197 1016 j
281 933 496 1024 insequatur,
515 929 566 999 vel
585 955 695 1002 cervos
718 946 880 1016 venetur,
897 930 951 1001 vel
965 920 1113 998 inrebus
1133 928 1256 998 bellicis
1268 951 1326 998 ex-

281 1037 397 1124 cellat,
415 1037 469 1108 vel
481 1035 604 1108 feroces
619 1062 721 1132 equos
738 1039 860 1132 optime
881 1037 1008 1123 domet,
1034 1035 1151 1106 eodem
1175 1036 1328 1106 videlicet
1380 1094 1392 1111 .

282 1157 316 1214 et
332 1168 418 1238 equo
433 1157 528 1212 utens
543 1157 577 1212 et
587 1145 754 1236 magistro,
769 1169 830 1215 ηερ
842 1143 1000 1214 fabulosis
1015 1167 1187 1213 cervorum
1202 1168 1239 1213 ae
1256 1143 1328 1214 leo·

281 1273 363 1321 num
389 1249 541 1320 medullis
562 1253 728 1340 nutritur3
749 1251 806 1322 sed
822 1250 972 1323 liberales
993 1265 1077 1320 artes
1098 1249 1257 1338 docetur,
1277 1263 1328 1320 at-

168 1423 185 1447 „
224 1434 228 1445 ,
261 1383 269 1402 ·
283 1357 402 1452 quoad
413 1357 474 1426 Dei
486 1355 614 1426 cultum
628 1358 807 1444 excolitur,
827 1373 882 1444 et,
905 1372 943 1427 ut
959 1381 1026 1427 uno
1042 1357 1143 1428 verbo
1159 1357 1327 1450 complec-

282 1479 352 1550 tar,
377 1486 437 1556 per
458 1465 578 1556 primas
599 1488 636 1533 ae
657 1465 797 1557 pueriles
817 1463 1003 1556 disciplinas
1025 1463 1067 1533 ad
1089 1461 1237 1533 futuram
1250 1487 1328 1556 per-

284 1568 461 1641 fectionem
476 1569 620 1640 ducitur.
643 1574 746 1658 Nam,
765 1571 823 1664 qui
837 1569 891 1640 vel
906 1571 991 1640 solos
1011 1594 1135 1657 murm,
1157 1571 1212 1640 vel
1226 1569 1334 1640 solam

284 1676 468 1746 doctrinam
489 1677 655 1746 consecuti
677 1690 770 1761 sunt,
790 1677 835 1746 ab
854 1675 956 1745 alterat
975 1679 1054 1748 verb
1071 1677 1288 1763 deseruntur,
1305 1675 1347 1744 ii·

284 1783 365 1854 mihi
379 1783 464 1852 nihil
479 1785 498 1851 a
511 1776 609 1852 luscis
620 1782 753 1852 differre
768 1782 933 1870 videntur,
946 1783 1067 1876 quibus
1083 1783 1159 1852 cinn
1171 1805 1329 1875 magnum

281 1891 515 1960 detrimentum
532 1893 589 1976 sit,
616 1905 697 1961 tunc
713 1894 791 1960 verb
815 1894 919 1985 major
947 1891 1137 1984 turpitudo,
1156 1893 1223 1962 sive
1250 1891 1330 1962 alios

205 2053 207 2062 .
285 2012 438 2085 cernant,
456 1999 523 2067 sive
536 1999 578 2067 ab
591 1998 660 2066 aliis
674 2012 861 2067 cernantur.
881 2003 925 2068 At
939 1999 1061 2094 quibus
1074 2000 1215 2092 utraque
1231 1997 1330 2068 laude

285 2105 461 2191 excellere,
475 2129 511 2174 ac
524 2103 616 2175 velut
632 2105 840 2174 ambidextris
856 2129 924 2174 esse
947 2107 1103 2198 contigit,
1120 2107 1156 2181 hi
1173 2107 1330 2174 nimirum

285 2213 439 2284 omnibus
467 2212 612 2308 numeris
636 2213 778 2282 absoluti
802 2227 899 2300 sunt,
928 2237 965 2284 ac
992 2237 1069 2284 cum
1096 2213 1228 2282 alterius
1253 2213 1330 2283 ritae

284 2319 606 2420 beatitudine'vitam
620 2335 733 2411 agunt.
754 2323 852 2404 Quod
873 2321 1007 2414 quidem
1023 2321 1091 2407 illi,
1106 2335 1145 2390 ut
1159 2341 1219 2414 par
1240 2335 1327 2407 erat,

203 2423 209 2426 ’
285 2427 441 2517 contigit,
459 2427 582 2520 qnippe
599 2428 657 2520 qui
673 2427 890 2496 domesticum
909 2427 1047 2496 haberet
1071 2428 1200 2497 virtutis
1213 2435 1333 2496 ‘exem-

285 2533 374 2626 plar,
388 2533 423 2600 in
440 2531 532 2625 quod
541 2532 718 2602 oculorum
730 2535 830 2602 aciem
842 2533 1016 2603 intendens
1031 2588 1040 2619 ,
1057 2535 1166 2604 statim
1187 2535 1332 2628 optimus

287 2652 368 2708 erat.
387 2643 431 2707 Et
445 2636 725 2731 quemadmodum
741 2663 902 2732 equorum
917 2640 1047 2732 pullos,
1071 2665 1108 2710 ac
1124 2641 1268 2726 vitulos,
1287 2641 1332 2710 si-

261 2802 264 2812 ,
288 2746 359 2818 mul
375 2762 474 2840 atque
489 2748 524 2816 in
542 2746 659 2816 lucem.
672 2747 885 2840 prodierunt,
909 2736 1070 2818 matribus
1087 2750 1152 2818 suis
1175 2748 1333 2818 assultare

288 2853 460 2944 videmus3
479 2855 523 2923 sic
538 2852 594 2922 illc
609 2868 736 2946 patrem
752 2879 827 2924 cum
840 2856 962 2948 equino
978 2871 1011 2926 et
1034 2877 1190 2946 generoso
1205 2855 1334 2947 impetu

289 2962 510 3054 bpropinquo
526 2961 757 3046 assectabatur,
768 2984 828 3030 ηερ
843 2963 862 3030 a
877 2963 1011 3030 summis
1023 2961 1152 3032 virtutis
1164 2959 1333 3050 illiusagi-
1386 3021 1388 3028 a

214 3105 216 3110 ·
289 3067 470 3138 tationibus
493 3065 594 3155 longo
616 3065 787 3137 intervallo
811 3066 969 3156 distabat3
994 3081 1067 3153 aut,
1094 3067 1119 3135 si
1144 3066 1267 3153 mavia,
1298 3068 1334 3134 in

290 3173 368 3266 ipsa
380 3195 514 3266 quoque
534 3173 663 3242 virtutis
680 3173 948 3259 adumbratione,
974 3171 1096 3243 suturae
1112 3173 1243 3244 virtutis
1257 3171 1336 3266 pul-

290 3277 511 3350 chritudinem
526 3278 773 3376 subindicabat,
798 3293 897 3374 atque
913 3280 1120 3351 accuratioris
1143 3281 1219 3350 vitae
1239 3294 1335 3350 notas
1356 3351 1357 3356 ,

292 3385 368 3455 ante
384 3386 591 3456 accuratioris
606 3387 681 3454 vitae
697 3401 827 3478 tempus
839 3385 1046 3478 praeferebat.

335 3520 358 3588 ‘'.
369 3491 441 3562 Illic
458 3494 557 3585 porrb
581 3493 657 3562 edm
680 3492 755 3561 satis
775 3493 911 3562 uberem
927 3493 1110 3564 doctrinam
1126 3493 1333 3586 collegisset,

291 3623 353 3668 nec
369 3599 416 3666 rei
427 3603 622 3692 cujusquam
633 3599 781 3668 honestae
794 3600 946 3691 ignarum
956 3614 989 3670 et
999 3615 1164 3693 expertem
1176 3625 1253 3670 eum
1266 3625 1336 3670 esse

293 3719 475 3796 oporteret,
499 3727 559 3773 nec
584 3705 626 3785 ab
646 3705 792 3796 apicula,
818 3730 893 3798 quae
917 3729 956 3773 ex
981 3707 1182 3800 quibuslibet
1197 3707 1353 3797 floribus.

291 3809 461 3878 utilissima
481 3833 621 3902 quaeque
636 3809 795 3902 decerpit,
813 3809 926 3879 labore
939 3834 976 3880 ac
993 3809 1161 3904 diligentia
1173 3813 1334 3906 superari,

293 3919 485 3999 Caesaream,
503 3929 541 3984 ut
555 3915 737 4018 scholarum
754 3917 843 3984 urbis
853 3915 939 3984 illius
958 3919 1120 4018 particeps
1137 3932 1236 4000 esset,
1254 3941 1336 3988 con-
