2992 4590
263 400 326 462 116
409 411 586 460 unurourct
610 412 637 458 s·
663 411 815 474 risuum,
839 410 915 459 rans
937 418 982 477 11,
1007 414 1094 460 sucu.
1114 419 1141 459 ¹1.

259 511 454 606 praeclarum
468 511 568 590 hodie
587 513 681 582 nobis
696 511 920 606 spectaculum
936 529 969 583 et
986 514 1098 584 hilaris
1117 528 1299 608 conuentus

258 620 419 711 contingit
434 645 441 690 :
457 642 519 689 uec
534 613 695 688 minorem
705 641 796 688 nunc
811 619 908 688 video
929 618 1045 712 populi
1060 619 1298 713 frequentiam,

256 729 357 819 quam
367 726 403 796 in
417 727 506 795 sacri
521 725 655 794 Paschae
671 723 861 794 celebritate
875 755 884 795 :
897 725 981 794 adad
996 727 1093 796 exciti
1112 728 1188 796 estis
1208 727 1301 796 istius

258 834 413 921 silentio,
441 834 533 926 quod
561 832 856 925 impraesentiarum
882 834 996 926 quavis
1022 835 1103 903 tubat
1131 835 1299 905 clariorem

257 965 376 1014 sonum
396 941 526 1011 emittit.
544 941 588 1011 Et
607 941 749 1032 virgines
773 938 942 1027 thalamis,
964 941 997 1011 e't
1016 940 1169 1012 mulieres
1193 939 1302 1034 gyna-
1388 932 1392 944 ’

258 1051 322 1120 ceis
334 1048 481 1132 desertis,
500 1061 534 1116 et
546 1046 607 1116 viri
621 1047 695 1118 foro
716 1071 821 1120 vacuo
834 1047 967 1135 relicto,
984 1051 1124 1120 universi
1139 1050 1205 1119 hirc
1221 1073 1302 1119 con-

258 1156 418 1241 curristis,
436 1168 474 1224 ut
486 1155 667 1224 humanam
683 1169 834 1225 naturam
855 1156 985 1236 traduci
1005 1157 1176 1244 videretis,
1195 1172 1229 1226 et
1243 1181 1302 1226 sae-

258 1261 419 1333 cularium
442 1262 651 1353 negotiorum
675 1276 939 1333 momentaneam
966 1259 1218 1336 mutabilitatem
1240 1263 1301 1333 de-

259 1371 342 1460 tegi,
359 1367 517 1461 illamque
532 1368 749 1438 meretriciam
762 1367 880 1440 faciem
891 1370 963 1438 heri
979 1393 1017 1440 ac
1041 1370 1164 1440 nudius
1182 1371 1302 1448 ‚tertius

257 1475 501 1571 praeclarissime
524 1474 778 1568 splendentem,
791 1476 882 1568 (talis
897 1478 985 1560 enim
1004 1492 1053 1548 est
1068 1501 1107 1547 ex
1122 1477 1234 1547 alienis
1250 1478 1304 1547 in·

253 1584 347 1678 juriis
361 1581 519 1668 felicitas,
541 1605 617 1675 quae
633 1584 752 1673 rugosa
767 1584 881 1676 quavis
897 1583 1026 1654 anicula
1046 1583 1225 1654 deformior
1248 1607 1303 1676 ap-

258 1702 362 1783 paret,
374 1692 388 1777 )
402 1709 513 1756 rerum
528 1688 711 1758 mutatione
731 1691 896 1782 tanquam
910 1691 1047 1782 spongia
1065 1689 1209 1783 quedam
1232 1705 1303 1761 tec-

258 1796 341 1866 toria
357 1795 517 1887 lucosque
529 1794 725 1865 abstersisse.
1140 1788 1150 1803 '

306 1932 320 1967 a
348 1904 450 1980 Tanta
472 1902 591 1992 nempe
607 1915 656 1971 est
683 1901 782 1994 hujus
800 1899 973 1973 infortunii
992 1906 1060 1990 vis,
1090 1929 1165 1999 quae
1192 1907 1301 1976 virum

257 2009 387 2084 felicem
415 2033 452 2078 ac
484 2008 719 2100 conspicuum,
750 2033 839 2081 nunc
871 2013 1019 2081 omnium
1046 2013 1302 2107 abjectissimum

257 2113 423 2188 reddidit!
443 2116 589 2184 Introeat
616 2113 706 2185 dives
729 2115 862 2209 aliquis,
889 2131 922 2188 et
948 2141 1102 2210 magnam
1125 2117 1300 2190 utilitatem

257 2221 431 2320 percipiet:
443 2221 558 2292 videns
571 2219 658 2290 enim
674 2223 692 2289 e
707 2221 776 2300 tam
791 2221 877 2294 celso
893 2223 1022 2316 fastigio
1038 2224 1209 2318 delapsum
1225 2249 1302 2296 eum

257 2333 316 2427 qui
335 2344 444 2403 totum
463 2330 579 2399 orbem
601 2330 941 2419 metu'concutiebat,
961 2355 999 2401 ac
1022 2329 1197 2402 formidine
1221 2356 1302 2404 con·

259 2455 413 2525 tractum,
426 2436 606 2530 quavisque
622 2438 701 2506 rand
712 2451 770 2505 aut
785 2440 895 2529 lepore
903 2438 1112 2526 timidiorem,
1131 2454 1165 2510 et
1176 2441 1302 2533 absque

259 2545 399 2618 uinculis
418 2544 582 2612 columnae
598 2543 676 2612 huic
690 2542 889 2630 haerentem,
906 2560 941 2615 et
956 2546 1026 2616 vice
1042 2547 1166 2616 catenae
1184 2547 1302 2616 timore

259 2655 396 2725 affixum
426 2663 703 2744 trementemque,
726 2651 888 2743 ‚reprimet
911 2655 1149 2744 arrogantiam,
1178 2651 1302 2724 fastum

214 2813 216 2818 -
261 2774 377 2846 exuet,
395 2772 428 2827 et
442 2754 651 2827 consideratis
673 2779 748 2850 quae
770 2757 805 2826 in
825 2757 978 2827 humanis
1000 2759 1128 2830 casibus
1152 2758 1302 2855 conside-

258 2867 362 2940 randa
377 2878 473 2951 sunt,
493 2861 638 2934 discedet
660 2865 765 2955 reipsa
786 2862 919 2950 doctus,
946 2890 1021 2958 quae
1047 2866 1222 2958 Scripturae
1241 2889 1303 2936 nos

260 2977 398 3065 docent,
415 2972 513 3066 quale
523 2985 572 3041 est
586 2971 670 3040 illud
685 2969 842 3040 :Omnis
857 2973 1116 3067 earofoenum,
1135 2987 1170 3042 et
1184 2975 1303 3043 omnis

259 3082 381 3182 gloria
402 3078 555 3149 bominis
578 3075 705 3170 utflos
720 3076 824 3174 foeni
846 3105 856 3147 :
881 3081 980 3148 uruit
989 3080 1156 3176 foenum,
1183 3095 1219 3149 et
1222 3078 1303 3178 flos

262 3189 339 3282 ejus
348 3183 511 3258 decidam
525 3182 628 3252 :illud
641 3185 720 3252 item
734 3213 741 3252 :
756 3183 857 3255 Sicut
861 3184 1012 3281 sterium
1024 3184 1195 3256 velociter
1205 3209 1303 3256 cres-

262 3311 358 3385 cent,
380 3310 416 3365 et
438 3295 531 3363 sicut
545 3291 647 3362 olera
663 3284 860 3362 uerborum
881 3295 951 3363 cito
968 3292 1185 3364 decideram:
1211 3319 1302 3384 quo-

262 3407 364 3477 niam
378 3404 470 3473 sr'eut
483 3401 615 3496 sumus
632 3398 709 3470 dies
724 3399 801 3496 ejus
822 3415 905 3470 sunt
920 3404 932 3442 ³
947 3433 955 3490 3
973 3401 1147 3495 etreliqua
1168 3403 1298 3472 similia.

258 3514 381 3584 count
397 3533 523 3603 pauper
537 3511 769 3599 introgressus,
787 3522 820 3577 et
835 3499 899 3578 hoc
911 3509 1143 3602 spectaculum
1155 3511 1303 3580 animad-

257 3636 406 3704 vertens,
425 3605 492 3688 non
508 3615 657 3708 displicet
678 3615 834 3706 sibiipse,
847 3639 960 3709 nequo
976 3615 1096 3686 sortem
1121 3641 1215 3687 suam
1240 3618 1302 3694 de-

81 3805 83 3822 ,
166 3804 174 3821 Ι
256 3729 385 3823 plorat,
404 3723 461 3794 sed
477 3723 594 3814 gratias
609 3723 743 3813 insuper
757 3725 940 3813 paupertati
953 3720 1070 3811 habet,
1095 3749 1170 3818 quae
1190 3725 1302 3792 sibiet

259 3834 339 3926 asyli
358 3835 430 3902 vice
450 3831 491 3900 sit
511 3830 682 3912 tutissimi,
703 3843 736 3898 et
750 3832 863 3921 pontis
887 3832 1142 3926 tranquillissimi
1163 3847 1198 3901 et
1219 3833 1302 3901 arcis

299 3971 306 3998 ¹
322 3964 376 4013 lsai.
392 3977 430 4024 χι,
450 3977 474 4025 7.
495 3984 524 3996 ···
540 3969 549 3994 ¹
564 3957 626 4023 Psal.
642 3971 726 4022 xxxvi,
741 3969 765 4008 2.
777 3985 810 3995 ·-
825 3957 834 3998 ³
848 3959 883 4010 ld.
895 3975 925 4024 cr,
941 3957 963 4022 4.
1068 3951 1070 3959 ”
