2982 4584
240 457 304 522 tat
387 469 567 520 unsroamt
589 470 615 516 s.
641 469 796 533 aternu,
820 469 898 516 nas
919 473 962 532 rr,
987 470 1072 516 sucu.
1098 472 1122 513 1.

239 600 311 647 cam
320 573 444 646 :Gloria
456 574 544 644 Patri
552 571 730 642 immortali
742 573 749 640 l
760 571 918 642 Adoratio
930 571 960 639 ei
969 571 1026 665 qui
1035 568 1180 640 coelestia
1192 569 1284 641 dona

121 743 122 750 ,
238 683 296 754 vili
311 697 410 776 atque
423 682 551 774 abjecto
563 679 721 766 contulit,'
735 693 774 748 ut
789 677 900 769 gloriae
915 678 1104 748 drachmam
1117 677 1186 771 ipse
1198 678 1285 749 offe-

238 803 289 860 rat
301 789 384 881 Regi
392 789 621 858 universorum
635 788 672 856 in
686 785 817 857 saecula.
830 789 937 856 Amen
947 787 972 855 ¹.
992 811 1009 851 u

285 895 338 966 Sic
354 891 433 963 alibi
447 908 579 964 sanctus
594 895 683 964 idem
698 894 862 964 Diaconos
880 921 888 963 ι

287 1003 388 1072 «Oro
404 1016 437 1072 tc
454 1002 575 1094 igitur,
600 1000 658 1071 lux
671 1001 832 1087 ueritatis,
855 998 1004 1084 Christe,
1022 1000 1106 1070 Nate
1117 995 1286 1067 benedicti

140 1125 143 1140 '
239 1110 360 1195 Patris,
381 1110 487 1200 ligura
498 1109 690 1180 substantiae
705 1110 788 1202 ejus,
801 1107 860 1201 qui
872 1105 964 1176 sedes
980 1104 1023 1174 ad
1033 1105 1201 1174 dexteram
1216 1128 1288 1174 ma-

235 1219 362 1312 jestatis
386 1219 475 1311 ejus,
501 1216 840 1311 incomprehensibilis
857 1215 921 1286 riti
937 1215 1019 1300 Dei,
1039 1213 1287 1307 impervestiga-

123 1345 141 1374 ι
239 1324 315 1395 bilis
326 1326 467 1412 Christe,
486 1325 589 1416 gloria
601 1339 634 1395 et
646 1325 805 1416 gaudium
818 1321 1080 1395 desiderantibus
1094 1335 1128 1391 et
1143 1323 1286 1415 diligen-

239 1433 328 1502 tibus
349 1445 403 1519 te,
421 1429 579 1502 exultatio
603 1447 636 1503 et
659 1431 773 1501 laetitia
788 1431 1037 1526 expectantibus
1053 1446 1105 1518 te,
1125 1433 1194 1503 vita
1212 1455 1287 1504 mea

240 1539 370 1610 Christe
385 1567 393 1608 ι
406 1539 496 1610 salva
510 1563 563 1608 me
577 1553 781 1632 peccatorem
797 1540 832 1608 in
846 1563 950 1630 regno
965 1553 1037 1626 tuo,
1049 1538 1108 1608 lux
1122 1561 1208 1627 mea,
1222 1544 1288 1610 Do·

241 1647 342 1716 mine.
360 1649 425 1728 Qui
451 1645 579 1716 laborat
595 1647 784 1738 operarius,
811 1646 997 1716 mercedem
1013 1647 1063 1716 sui
1082 1647 1150 1717 lte
1165 1646 1287 1718 laboris

242 1766 415 1846 expectat:
436 1755 501 1822 heu
516 1753 528 1822 l
542 1752 656 1846 ling-ua
671 1777 744 1823 mea
760 1753 909 1841 laborat,
926 1752 1059 1823 laudem
1076 1768 1168 1823 tuam
1191 1777 1289 1824 enar·

242 1858 359 1946 raudo,
372 1860 538 1950 Salvator3
549 1861 666 1930 verbm
682 1885 725 1932 ne
738 1862 819 1932 mihi
834 1861 996 1932 retribuas
1008 1859 1191 1932 secundtlm
1204 1885 1288 1955 opus
1382 1905 1384 1907 ·

243 1990 372 2053 meum,
390 1989 499 2060 neque
521 1966 705 2036 secundum
724 1981 815 2038 actus
831 1991 921 2040 meos
936 1968 1096 2062 rependas
1111 1969 1213 2061 mihi3
1230 1969 1289 2040 sed

243 2074 371 2170 salvum
386 2098 439 2143 me
454 2073 505 2144 fac
518 2100 578 2169 per
592 2076 732 2166 gratiam
743 2089 848 2163 tuam,
858 2090 893 2145 et
904 2099 963 2170 per
976 2077 1198 2147 miserationes
1214 2092 1289 2148 tuas

244 2181 473 2250 misereremei
488 2211 495 2252 :
509 2183 587 2276 quia
603 2183 797 2255 benedictus
811 2207 845 2255 es
861 2197 919 2270 tu,
936 2186 1004 2253 uni
1017 2201 1094 2253 curn
1109 2183 1288 2255 benedicto

245 2293 342 2357 Patre
356 2301 436 2376 tuo,
454 2303 487 2358 et
504 2291 627 2384 Spiritu
643 2305 702 2384 tuo
717 2305 828 2361 sancto
850 2291 1037 2363 vivificante
1053 2304 1086 2360 ct
1100 2289 1285 2384 paraclito,

244 2409 379 2464 nuncet
392 2419 539 2490 semper,
556 2412 589 2468 et
601 2399 636 2468 in
651 2398 771 2470 saecula
787 2398 995 2471 saeculorum.
1005 2402 1143 2474 Ament.
1164 2424 1181 2463 u
1272 2481 1275 2488 Ι

217 2559 222 2564 ’
266 2565 290 2692 d¹
301 2560 327 2608 S.
340 2557 458 2624 Ephrem.
473 2561 550 2613 serm.
565 2577 592 2627 u,
604 2563 636 2613 dc
654 2561 779 2616 Beatittrd.
793 2586 826 2602 -·
837 2573 848 2602 ¹
860 2564 897 2618 td.
912 2565 989 2616 Sorm.
1001 2579 1028 2629 u,
1038 2563 1063 2614 in
1074 2563 1175 2618 secund.
1189 2561 1286 2614 bomin.

245 2643 264 2692 t
283 2647 350 2694 vent.

608 3247 687 3300 FlNlS
702 3249 777 3300 tottt
793 3249 934 3336 saeuum.
