2982 4584
244 383 324 476 ‘sto
414 423 593 472 annnorum
615 423 642 471 t.
665 425 821 488 frarann,
847 423 922 470 rans
944 427 992 484 11,
1017 419 1102 470 tzor.
1127 427 1152 468 1.

254 526 343 615 lem,
361 547 398 596 ac
414 526 442 596 si
456 549 526 596 non
538 521 607 620 jlm
620 538 770 594 mortuus
789 536 895 611 esset,
918 520 1018 616 paulo
1028 523 1143 614 postea
1158 523 1301 593 moritu-

253 655 330 702 rum
341 631 453 702 luisse.
471 637 516 702 tt
535 653 605 701 non
619 630 755 701 satiatus
768 651 840 714 etas
853 627 943 699 illius
957 627 1220 700 consuetudine?
1234 629 1302 702 Sed

252 740 300 811 ibi
310 739 506 834 semperillo
515 736 805 812 fruerisltvetles
820 739 875 810 hic
889 739 997 832 ipsum
1008 735 1142 810 videro?
1157 741 1203 808 Et
1217 736 1303 834 quid

250 850 364 920 vetat?
377 848 471 920 Licet
485 847 547 918 tibi
562 845 658 918 illum
671 847 806 936 videre,
823 848 850 917 si
867 846 993 940 sapias:
1009 868 1082 939 spes
1098 845 1188 916 enim
1204 842 1303 916 futu-

250 977 365 1027 rorum
376 956 449 1051 ipso
463 957 536 1030 visu
546 953 665 1028 clarior
679 969 740 1027 est.
759 958 810 1026 Tu
825 957 905 1028 verd
919 955 947 1026 si
961 955 998 1026 in
1013 953 1219 1050 regnasset,
1236 953 1303 1025 ibi-

250 1087 317 1158 que
340 1055 497 1153 floreret,
525 1085 595 1135 non
618 1056 789 1158 qnaesisses
812 1059 908 1134 illum
933 1061 1073 1133 videre:
1096 1084 1134 1132 ac
1156 1061 1235 1154 edm
1257 1062 1302 1132 ad

248 1171 349 1263 longe
360 1172 530 1243 meliorem
546 1185 668 1243 sortem
687 1171 826 1260 abierit,
843 1184 979 1267 propter
990 1191 1132 1264 parvum
1143 1169 1302 1240 absentiae

208 1323 210 1330 ·
247 1291 380 1372 tempus
392 1280 503 1349 animo
519 1277 653 1348 delicis!
665 1276 743 1349 ciam
754 1277 894 1348 maxime
909 1289 1097 1349 consortem
1111 1290 1223 1348 tecum
1237 1277 1301 1347 ha-

248 1385 336 1455 beas.
362 1383 428 1458 Sed
447 1385 557 1458 virum
571 1409 641 1458 non
654 1385 842 1458 habessit
857 1385 1098 1458 consolatorem
1116 1385 1220 1456 habes
1238 1407 1302 1478 pa·

167 1535 168 1544 1
247 1506 333 1564 trem
361 1494 589 1587 orphanorum
614 1505 648 1566 et
660 1493 807 1590 judicem
830 1495 1019 1568 viduarum.
1045 1491 1136 1566 Audi
1159 1492 1301 1565 Paulum

246 1601 333 1672 hanc
348 1598 545 1672 viduitatem
553 1600 686 1672 beatam
696 1599 943 1694 praedicantem,
956 1623 994 1672 ac
1005 1597 1191 1672 dicentem:
1206 1599 1298 1694 Quae

249 1721 372 1778 antem
386 1707 471 1779 vere
488 1703 599 1778 vidua
611 1720 666 1778 est
681 1721 717 1780 et
731 1704 919 1797 solitaria,
936 1709 1097 1802 speravit
1113 1709 1151 1779 in
1171 1707 1300 1779 Domi-

247 1819 326 1886 no¹.
341 1815 475 1886 Etenim
489 1817 562 1887 haec
581 1817 752 1910 probatior
767 1818 853 1906 erit,
877 1835 953 1913 quae
964 1819 1123 1912 majorem
1139 1817 1295 1888 exhibue-
1357 1887 1366 1902 ,

206 2007 210 2019 ⁸
245 1923 289 1993 rit
307 1923 513 2017 patientiam.
531 1923 608 1997 Noli
627 1921 729 2015 igitur
743 1923 859 2018 lugere
872 1924 914 1994 de
934 1927 972 1994 ea
986 1949 1021 1995 re
1036 1949 1112 2018 qnae
1127 1925 1187 1994 tibi
1203 1947 1300 1994 coro-

245 2053 322 2099 nam
339 2044 455 2122 parat,
473 2027 516 2100 de
536 2031 603 2126 qni
621 2030 809 2102 mercedem
833 2031 991 2126 postulas.
1011 2030 1197 2104 Reddidisti
1212 2033 1302 2102 enim

248 2136 449 2232 depositum,
464 2139 492 2210 si
506 2138 543 2208 id
557 2139 650 2234 qnod
664 2141 727 2211 tibi
739 2139 901 2212 creditum
919 2157 989 2212 erat
1001 2139 1245 2214 exhibuistiNe
1260 2141 1303 2212 sis

246 2247 325 2339 ergd
340 2243 502 2332 sollicita,
519 2247 546 2316 si
560 2247 597 2317 in
617 2248 774 2320 thesauro
793 2249 990 2338 inviolabili,
1006 2250 1099 2346 quod
1110 2249 1301 2344 possidebas

248 2350 439 2448 deposuisti.
472 2353 505 2426 si
522 2355 622 2449 porrd
638 2356 789 2428 didiceris
805 2381 880 2452 quae
901 2358 942 2427 sit
955 2381 1099 2450 praesens
1114 2349 1200 2444 vita,
1224 2381 1301 2450 qnae

247 2458 382 2549 futura,
408 2460 569 2557 quddqnc
595 2465 667 2534 haec
693 2465 735 2534 sit
752 2487 870 2534 aranea
891 2475 925 2532 et
939 2464 1078 2550 umbra,
1094 2465 1208 2540 omnia
1222 2466 1300 2536 verd

220 2560 224 2567 ⁴
248 2591 325 2661 quae
339 2569 376 2637 in
389 2567 446 2637 illi
457 2582 552 2652 sunt,
569 2569 706 2638 immota
726 2567 1005 2672 immortaliaque,
1024 2591 1092 2638 non
1107 2567 1173 2640 alio
1190 2571 1300 2664 egebis

248 2696 410 2745 sermone.
428 2675 526 2745 Nunc
542 2674 630 2742 enirn
652 2661 740 2744 iilius
753 2687 831 2744 tuus
847 2673 889 2743 ab
905 2674 996 2744 omni
1009 2677 1195 2748 mutatione
1206 2701 1301 2772 erep-

248 2795 303 2852 tus
322 2793 381 2850 est.
403 2781 436 2852 Si
452 2794 564 2850 autem
579 2779 634 2850 hic
650 2779 837 2872 mansisset,
855 2779 1082 2870 fonsbonus,
1096 2781 1300 2855 sortemalus
1345 2796 1351 2802 '

249 2885 383 2988 futnrns
401 2901 483 2957 erat.
498 2891 621 2958 Annon
637 2855 729 2956 vides
747 2900 831 2981 quot
845 2871 994 2958 homines
1010 2887 1094 2960 filios
1108 2915 1184 2962 suos
1201 2889 1300 2962 abdi·
1311 2897 1315 2905 “

250 3007 381 3080 cant,et
389 2994 607 3088 quotpeJores
616 2991 946 3085 abdicatrscoguntur
955 2995 1046 3066 doma
1055 2999 1300 3070 retinereillaec

159 3136 161 3141 ·
249 3099 393 3191 itaque
384 3123 421 3167 ιιι
446 3112 558 3167 mente
577 3093 744 3170 versantes
764 3099 1061 3194 philosophemur3
1084 3103 1129 3174 ita
1150 3103 1240 3174 enirn
1264 3119 1300 3177 et

250 3203 409 3277 defuncto
429 3205 513 3296 grati
529 3205 667 3291 erimus,
684 3219 718 3274 et
733 3207 823 3299 apud
838 3207 988 3279 homines
1004 3209 1116 3279 multis
1135 3210 1298 3282 laudibus

248 3312 412 3399 fruemur,
431 3326 531 3406 atque
544 3303 565 3381 b
582 3315 650 3381 Deo
664 3331 819 3422 magnam
835 3315 1003 3406 patientiae
1018 3319 1203 3389 mercedem
1214 3317 1297 3389 rese·

248 3445 359 3492 remus
371 3435 589 3514 ,aeternaque
607 3416 715 3490 bona
711 3445 977 3526 consequemur3
993 3449 1069 3520 quae
1090 3428 1218 3497 utinam
1228 3449 1297 3509 nos

164 3619 166 3624 ,
218 3618 221 3624 A
248 3553 363 3601 omnes
380 3527 617 3648 adipiscamur,
645 3529 749 3620 gratia
771 3544 804 3598 et
819 3517 1021 3623 benignitate
1049 3536 1296 3607 Domininostri

248 3640 327 3706 Jesu
341 3635 473 3722 Christi,
487 3657 541 3704 cm
531 3632 660 3726 gloria
672 3648 705 3704 et
720 3635 895 3728 imperium
908 3639 1072 3710 insaecula
1083 3629 1293 3714 saecutorlm

240 3744 389 3810 ornent.
407 3769 423 3806 »

152 3931 156 3950 Ι
212 3923 215 3927 ,
276 3846 443 3920 1a⁰ltutta
453 3847 531 3918 vitia
542 3862 793 3940 persequentem
803 3850 1088 3941 Chrysostomum,
1100 3855 1220 3928 multas
1233 3857 1295 3930 vir·

282 3975 1105 4050 ¹r'tiro.s,5.-¹&Chryeinllattbflomilurqn.3·5.
