2984 4580
103 501 106 510 ,
161 432 164 436 ’
212 465 313 512 cleon
336 471 383 513 vr.
403 469 444 512 nn
459 464 624 512 unruono‘
642 468 677 510 ru
700 467 908 511 concremans
931 464 1097 512 tentarat.
1125 452 1187 515 387

147 567 387 659 importunitati
399 587 572 658 procerum
586 561 728 655 fideique
740 564 892 655 pravitati
900 563 1113 636 tribuendum
1125 582 1186 654 est,

146 675 204 767 qui
219 675 412 768 simplicem,
430 673 615 767 pariamque
630 671 666 738 in
679 671 938 762 pietatefrnnam
954 673 1189 761 animam,.mi-
1306 674 1313 682 '

146 783 299 876 nimique
316 783 470 850 barathra
487 779 738 872 prospicientem
757 781 963 866 nacti,eam,
982 783 1049 874 qud
1067 781 1205 870 libuit,

146 883 367 974 abduxerunt,
386 901 488 978 atque
502 884 711 955 accuratioris
722 883 882 960 doctrinae
894 899 1069 978 praetextu,
1082 887 1189 958 zelum
1257 979 1259 985 Α

143 995 181 1064 in
196 995 313 1066 vitium
328 995 511 1068 verterunt.

192 1127 209 1167 a
234 1107 278 1173 At
293 1125 365 1187 nos,
383 1101 419 1170 id
434 1098 525 1192 quod
543 1098 749 1168 communius
764 1112 824 1184 est,
844 1097 915 1168 tiam
927 1113 1066 1193 patrem,
1088 1104 1191 1196 liquo

145 1209 365 1300 imperatoriae
383 1206 538 1298 potentiae
548 1203 692 1298 fideique
711 1202 928 1275 fundamenta
943 1208 1193 1280 Christianismo
1278 1296 1282 1300 ι

140 1318 229 1408 jacta
242 1327 331 1399 suut,
346 1305 420 1382 tiam
435 1313 532 1382 etiam
548 1309 626 1380 fidei
637 1309 863 1381 haereditatem
879 1311 922 1382 ad
935 1311 1042 1384 filium
1053 1312 1193 1386 devolu-
1298 1393 1301 1404 Δ

146 1437 216 1492 tam
231 1419 427 1510 cogitantes,
442 1421 529 1511 ejus,
544 1417 602 1510 qui
611 1417 699 1510 juste
715 1439 843 1508 semper
857 1419 893 1488 in
904 1420 1042 1512 imperio
1053 1422 1190 1510 vixerat,

146 1529 271 1620 pioque
285 1527 351 1596 fine
365 1527 466 1596 vitam
480 1524 651 1608 clauserat,
662 1545 700 1592 ac
715 1523 936 1616 principatum
948 1527 1042 1596 nobis
1054 1528 1192 1621 relique·
1244 1515 1248 1526 ¹

147 1649 211 1720 rat,
229 1632 492 1718 tabernaculum,
510 1645 548 1700 ut
564 1645 720 1724 parerat,
738 1633 864 1700 honore
876 1629 1190 1724 complectebantur.

147 1745 192 1810 Ut
217 1753 327 1808 autem
356 1739 398 1808 ad
426 1759 579 1830 magnam
600 1751 634 1805 ct
655 1737 899 1828 imperatoriam
919 1740 1036 1810 urbem
1058 1743 1194 1836 propitia
1269 1791 1271 1796 ·

144 1847 300 1932 accessit,
318 1846 400 1938 quid
418 1845 520 1914 totius
540 1843 698 1912 exercitiis
717 1842 920 1930 satellitium,
938 1859 971 1914 et
992 1861 1193 1920 armatorum
1261 1875 1275 1942 j

144 1953 280 2023 ordines
293 1975 363 2022 sese
377 1951 581 2044 imperatori,
602 1948 760 2042 tanqu'am
775 1951 852 2021 vitae
868 1954 967 2022 usura
980 1953 1119 2042 fruenti,
1137 1981 1195 2026 ex-

144 2060 300 2129 hibentes
323 2079 581 2128 commemorarc
605 2056 743 2142 attinet,
770 2073 828 2126 aut
850 2057 1034 2150 splendidae
1056 2060 1195 2134 ei'vitans

143 2167 360 2250 effusionem,
379 2165 546 2251 omnium,
570 2187 646 2256 quae
662 2166 811 2255 unquam
833 2162 970 2234 suerunt
996 2182 1055 2236 aut
1072 2166 1196 2239 suturae

143 2285 237 2357 sunt,
255 2271 522 2340 celeberrimam?
533 2274 578 2340 bt
593 2268 686 2338 fortis
701 2269 757 2339 ille
769 2285 802 2340 ct
818 2269 935 2360 audax,
950 2275 1102 2368 novique
1115 2289 1204 2368 pur·⁴
1285 2287 1288 2290 '

142 2380 231 2472 pura
253 2391 405 2463 ornatus,
427 2377 531 2470 eatque
547 2373 589 2445 de
609 2378 722 2464 causat,
745 2391 784 2447 ut
808 2379 979 2470 probabile
1003 2395 1067 2467 est,
1090 2381 1195 2454 elatus

146 2497 252 2578 atque
264 2484 419 2571 insolens,
436 2481 560 2553 funeris
574 2483 646 2575 ipse
658 2484 793 2577 quoque
808 2484 967 2554 bonorem
983 2486 1014 2554 ei
1029 2510 1089 2579 pro
1101 2504 1195 2581 parte

141 2593 204 2662 sua
224 2591 403 2683 impendit,
427 2589 577 2658 eamdem
593 2591 731 2680 gratiam
755 2589 855 2679 dans,
876 2593 1085 2688 ‘vicissimque
1106 2599 1194 2666 acci·

139 2699 253 2790 piens,
267 2696 386 2787 partim
397 2695 430 2765 vi
442 2709 476 2762 et
490 2697 692 2779 necessitate,
707 2698 826 2785 partim
840 2701 968 2787 sponte,
981 2715 1019 2769 ut
1028 2701 1116 2770 sarna
1129 2694 1189 2772 est.
1291 2726 1296 2738 ·

138 2802 320 2872 Exercitus
336 2801 424 2868 enim
444 2800 635 2886 universus,
653 2801 782 2870 tametsi
797 2805 948 2892 praesenti
971 2804 1109 2897 imperio
1123 2831 1191 2877 sese

137 2909 366 2995 submitteret,
384 2909 501 3001 majori
509 2923 622 2977 tamen
634 2909 759 2978 honore
771 2908 967 2980 defunctum
976 2936 1189 3008 prosequens,

136 3014 439 3110 (quandoquidem
455 3014 642 3084 recentibus
658 3013 766 3089 adbirc
782 3015 1021 3088 calamitatibus
1033 3023 1190 3114 majorem
1239 3107 1244 3116 Ι

136 3122 323 3218 quamdam
337 3121 599 3194 benevolentiam
610 3143 679 3216 prae
694 3123 789 3192 nobis
802 3121 887 3194 ferre
899 3125 1117 3218 solemus,)ac
1127 3153 1188 3222 pro

135 3231 272 3324 ingenti
287 3251 348 3300 suo
362 3249 475 3307 amore
489 3230 644 3300 moestitit
659 3230 809 3317 affectus,
820 3245 854 3299 et
863 3232 1084 3303 misericordia
1098 3255 1189 3306 com·

134 3351 270 3423 motus,
293 3359 332 3406 ac
354 3333 495 3428 proinde
517 3355 593 3404 eum
613 3335 751 3403 minuat
769 3348 808 3402 ut
827 3336 1057 3426 imperatorem
1076 3342 1185 3412 bouc-

134 3448 204 3516 rari
218 3469 257 3516 ac
273 3445 393 3538 suscipi
407 3467 476 3514 nou
485 3443 607 3530 ‘serena
625 3448 835 3534 Apostatam,
849 3457 888 3512 ut
902 3447 1041 3515 exanimi
1056 3450 1186 3542 corpori

135 3577 219 3625 cum
238 3554 434 3646 congruenti
449 3551 567 3622 habitu
582 3550 712 3621 obviam
728 3549 901 3643 procedat,
923 3568 1060 3623 monent
1084 3570 1184 3650 atque

134 3663 226 3732 adeo
249 3673 372 3750 cogunt
397 3689 404 3730 :
426 3662 577 3744 bocest,
594 3672 633 3727 ut
655 3657 802 3727 detracto
823 3659 961 3748 acapite
975 3658 1180 3754 diademate,

133 3767 369 3860 demissoque,
387 3779 426 3833 ut
445 3765 599 3854 decebat,
617 3765 692 3833 ante
715 3765 945 3856 imperatorem
968 3783 1122 3859 aspectu,
1137 3772 1183 3842 ita

133 3875 268 3948 deinde
281 3899 355 3944 eum
378 3873 476 3942 simul
490 3897 565 3944 cum
581 3875 632 3960 iis,
648 3873 707 3966 qui
722 3871 917 3959 efferebant,
938 3875 1180 3969 ard-sepulcrum

132 3981 320 4076 nobileque
335 3979 419 4048 illud
435 3977 666 4071 Apostolorum
681 3977 809 4075 fanum,
827 3981 885 4072 qui
899 3995 1048 4054 sanctum
1063 4006 1177 4076 genus,

636 4083 638 4090 ’
1021 4089 1073 4157 25.
