2984 4580
268 418 332 482 att
415 434 592 510 aperuerat
615 431 641 478 s.
667 431 823 494 aaaron,
848 430 925 478 rnna
948 435 993 493 rr,
1017 433 1102 478 auor.
1128 434 1152 476 r.

312 537 363 608 Sic
383 550 512 606 sanetus
531 532 651 602 iterum
667 532 851 624 Cyprianus
867 531 908 602 de
922 533 1034 625 Lapsis
1047 552 1231 602 sermonem
1243 530 1305 602 ius·

265 643 388 714 tituens
406 671 414 710 ι

311 778 328 816 a
352 745 443 832 Quid
458 743 607 816 hocloco
622 743 753 831 faciam,
768 732 968 814 dilectissimi
984 747 1129 830 Fratres,
1142 744 1306 816 fluctuans

263 856 354 927 vario
369 853 489 923 mentis
503 853 609 921 aesna?
628 849 728 944 quid,
750 863 808 920 aut
822 851 992 944 quomodo
1006 850 1133 922 dicam?
1152 849 1307 942 lacrymis

265 963 380 1055 magia,
398 963 498 1056 quam
513 960 621 1031 verbis
632 981 716 1052 opus
730 973 780 1029 est
791 963 816 1028 ¹.
837 986 854 1024 u

313 1072 365 1144 Sic
379 1070 522 1164 denique
537 1081 668 1139 sanctus
683 1066 868 1137 Bernardus
882 1065 926 1136 ad
939 1067 1127 1159 Eugenium
1141 1069 1305 1140 scribens:

269 1206 286 1246 a
304 1177 401 1250 Unde
412 1179 480 1271 jam
492 1175 624 1246 initium
635 1199 775 1262 sumam,
789 1189 853 1246 etc.
879 1177 912 1242 ²?
936 1203 952 1240 s

309 1288 374 1356 26⁰.
389 1288 464 1356 Non
492 1296 706 1376 praetereatur
733 1283 832 1352 etiam
862 1282 1081 1378 Congeries,
1109 1283 1176 1377 qua
1207 1282 1308 1352 verba

207 1381 213 1396 ¹
263 1390 527 1484 multiplicantur
546 1390 590 1460 ad
603 1387 880 1460 corroborandam
898 1389 1105 1458 seutentiam.
1124 1392 1219 1458 Hane
1235 1413 1308 1460 ora-

264 1499 362 1570 tionis
379 1497 518 1568 sormam
534 1497 635 1566 habes
650 1493 741 1588 apud
755 1509 905 1565 sanctum
920 1499 1082 1566 loannem
1096 1495 1280 1566 Climacum
1297 1525 1304 1566 :

312 1635 329 1672 a
355 1604 533 1698 Superbia,
552 1603 679 1696 inquit,
697 1617 746 1672 est
759 1603 819 1672 Dei
834 1603 1029 1692 abnegatio,
1046 1603 1232 1694 aspernatio
1247 1605 1308 1674 bo-

265 1714 410 1796 minum,
427 1711 565 1780 laudum
587 1709 777 1801 progenies,
796 1707 973 1780 sterilitatis
991 1723 1240 1799 argumentum,
1258 1710 1309 1780 di-

173 1840 174 1849 *
265 1819 334 1889 vini
350 1817 503 1909 adjutorii
523 1815 689 1908 expulsio,
710 1816 851 1908 stuporis
869 1839 1061 1908 praecursor,
1076 1815 1230 1908 lapsuum
1245 1819 1308 1890 mi-

265 1926 378 2010 nistra,
393 1923 485 1993 castis
501 1921 636 1990 materia
646 1974 661 2006 „
674 1920 853 1990 iracundiae
868 1920 959 2009 l'ons,
973 1921 1189 1992 simulationis
1194 1925 1306 2017 janua,

266 2031 509 2098 firmamentum
530 2025 741 2112 daemonium,
761 2025 958 2098 delictorum
974 2042 1102 2115 custos,
1124 2027 1254 2099 duritiae
1276 2045 1310 2100 et

266 2133 468 2207 crudelitatis
479 2132 616 2220 artilex,
631 2134 862 2226 compassionis
882 2151 916 2205 et
931 2135 1161 2206 misericordiae
1177 2137 1309 2227 ignora-

266 2246 326 2331 tio,
345 2265 474 2313 amarus
489 2256 631 2329 exactor,
645 2242 778 2314 immitis
789 2243 907 2337 judex,
922 2245 981 2314 Dei
997 2243 1209 2333 adversatrix,
1227 2244 1311 2316 blas·

268 2352 411 2446 phemiae
423 2349 514 2419 radix
529 2351 554 2418 ³.
575 2379 591 2416 u

312 2464 396 2528 Item
411 2458 566 2547 Origenes
575 2455 618 2526 de
633 2455 770 2528 muliere
785 2458 962 2528 Chananea
980 2489 988 2532 ι

316 2592 332 2630 «
355 2563 492 2648 Mulier,
510 2565 631 2656 inquit,
649 2579 749 2654 caput
764 2566 908 2655 peceati,
927 2590 1017 2636 arma
1032 2567 1175 2652 diaboli,
1193 2567 1310 2660 erpulf

264 2673 318 2748 sio
331 2668 485 2764 paradisi,
502 2683 607 2738 mater
622 2668 745 2756 delicti,
763 2673 932 2766 corruptio
942 2673 1022 2765 legis
1032 2675 1190 2768 antique,
1204 2675 1311 2746 venie·

268 2779 327 2849 bat
342 2776 385 2847 ad
401 2777 578 2847 Dominum
590 2777 749 2846 Jesum⁴.
770 2804 786 2842 r

314 2889 453 2958 Sanctus
468 2898 578 2954 autem
593 2883 799 2974 Cyprianus:

317 2991 504 3061 «Patientia
519 3003 587 3074 est,
609 3012 684 3081 quae
699 3012 759 3058 nos
771 2994 840 3060 Deo
855 3004 888 3060 et
900 2992 1109 3088 commendat
1124 3009 1159 3064 et
1173 3010 1281 3066 servat
1300 3024 1307 3064 :

268 3099 338 3188 ipsa
354 3087 419 3179 est,
441 3117 517 3187 quae
537 3094 618 3162 iram
639 3095 810 3185 temperat,
828 3121 904 3189 quae
918 3097 1066 3191 linguam
1083 3098 1203 3188 frenat,
1217 3124 1311 3170 men·

267 3308 426 3400 impetum
443 3305 580 3399 frangit,
599 3310 737 3380 tumoris
757 3311 946 3384 violentiam
962 3317 1168 3408 comprimit,
1192 3318 1327 3388 moen--

268 3413 361 3484 dium
385 3413 556 3486 simultatis
576 3417 738 3509 extinguit
762 3447 769 3488 :
793 3424 921 3490 coercet
942 3423 1123 3514 potentiam
1146 3423 1305 3512 divitum,

267 3521 411 3613 inopiam
433 3543 616 3614 pauperum
636 3521 781 3610 refovet,
800 3539 911 3595 tuetur
926 3527 961 3596 in
980 3527 1162 3620 virginibus
1178 3531 1305 3600 beatam

265 3627 497 3718 mtegritatem,
515 3629 549 3698 in
565 3628 672 3698 viduis
683 3628 881 3702 laboriosam
895 3634 1089 3722 castitatem,
1101 3636 1137 3704 in
1148 3638 1306 3730 conjunc·

265 3734 307 3801 tis
322 3747 356 3803 et
374 3733 532 3803 maritatis
547 3731 751 3807 individuam
768 3739 959 3809 charitatem
984 3769 991 3810 :
1010 3741 1088 3812 facit
1107 3742 1248 3812 humiles
1270 3743 1304 3810 in

303 3889 310 3914 ¹
325 3881 350 3930 S.
369 3882 440 3946 cypr.
456 3880 587 3947 delapsis.
598 3907 630 3920 -
643 3893 654 3920 ²
668 3886 693 3937 S.
707 3873 821 3938 bernard.
835 3885 866 3938 ad
876 3855 965 3952 Eugen.
979 3911 1011 3926 -
1025 3885 1073 3947 ³8.
1086 3892 1156 3942 toan.
1171 3887 1270 3942 Climac.
1279 3889 1302 3942 in

268 3961 331 4014 Scal.
345 3989 377 4000 -
390 3961 403 4012 l
415 3962 511 4030 Origen.
526 3965 558 4017 de
569 3967 674 4021 Chanar.
