2930 4582
223 437 324 484 etrus
348 442 394 484 vs.
420 440 461 484 uz
483 439 640 484 usruouo
664 441 698 482 m
715 439 921 482 couctoutsus
938 435 1104 482 unumst.
1131 425 1187 484 est

157 552 192 608 et
206 540 385 608 castitatem
400 537 541 630 professa
555 535 701 627 publice,
721 535 858 629 mentita
870 557 940 604 sum
952 537 1109 626 Domin03
1122 536 1198 608 ideo

157 668 226 715 nou
249 659 298 714 est
324 645 404 714 mihi
430 643 552 712 fiducia
579 640 754 712 invocandi
779 641 954 710 Dominum
981 641 1196 730 altissimum,

155 750 237 842 quia
252 751 458 820 obstructum
479 761 527 816 est
543 770 580 816 os
599 745 923 837 delinquentium...
949 745 1117 818 Adhaesit
1132 747 1201 818 Itis·

156 885 234 958 guo
250 852 519 954 meofaucibus
539 853 640 937 mers,
664 867 698 920 et
715 853 752 920 t'n
766 849 952 942 puluerem
971 856 1097 922 mortis
1111 857 1124 894 ²
1139 853 1199 922 de-

159 969 257 1038 ducta
271 990 347 1038 sum
362 968 397 1038 ,3.
420 967 655 1034 Verumtamen
675 959 822 1030 clamabo
844 961 887 1030 ad
908 962 1102 1050 Dominum,
1124 961 1202 1032 oiim

159 1075 269 1146 adhuc
284 1063 415 1161 tempus
430 1082 490 1152 est,
508 1066 589 1136 ddm
600 1067 867 1158 duturspatium3
883 1067 960 1160 quia
973 1068 1007 1136 in
1021 1081 1125 1136 morte
1135 1091 1204 1138 nou

138 1171 209 1254 'est
229 1179 405 1261 memoria,
423 1190 456 1246 et
476 1176 511 1244 in
526 1174 655 1244 inferno
674 1197 742 1244 uon
767 1190 815 1244 est
839 1174 999 1248 consessio
1017 1205 1025 1246 ι
1045 1175 1203 1246 Domine

160 1314 207 1360 ne
227 1291 265 1358 in
287 1289 345 1356 irci
362 1287 425 1356 tuci
442 1285 580 1380 arguas
594 1306 667 1380 me,
681 1305 795 1373 neque
815 1281 991 1378 infecere
1013 1298 1073 1354 tuo
1088 1283 1203 1354 corri-

158 1397 245 1489 pias
261 1417 320 1464 me
333 1395 385 1462 ⁴...
408 1397 494 1460 Tuus
512 1413 617 1458 sermo
633 1404 692 1474 est,
711 1404 767 1458 tua
787 1390 956 1480 promissio
972 1419 979 1462 :
994 1390 1095 1462 Nolo
1107 1415 1205 1463 mor·

164 1515 237 1568 tem
248 1497 468 1590 peccatoris,
485 1494 553 1566 sed
565 1496 847 1579 conversionem,
866 1509 902 1564 et
917 1497 1016 1568 uiroc
1034 1501 1059 1566 ⁵.
1083 1498 1136 1568 sd
1151 1513 1200 1587 te,

163 1611 250 1676 Deus
267 1628 378 1688 meus,
391 1627 461 1672 mea
474 1604 659 1690 conversim
676 1603 754 1694 quia
764 1601 851 1672 solus
862 1617 953 1694 potes
964 1627 1120 1674 renovare
1136 1629 1205 1674 om·

161 1713 227 1794 nia,
243 1725 276 1780 et
289 1711 330 1779 ab
341 1708 450 1780 inseris
463 1711 585 1780 animas
597 1732 726 1778 revocas
739 1738 747 1778 :
762 1723 800 1778 tu
808 1707 904 1778 solvis
917 1711 1119 1802 compeditos
1132 1741 1140 1782 ι
1153 1726 1203 1799 tu,

161 1822 267 1900 Deus,
282 1816 389 1886 allisos
409 1817 522 1905 erigis,
540 1838 645 1883 caeeos
659 1813 838 1896 illuminas,
857 1829 1004 1884 mortuos
1026 1817 1159 1886 suscitas
1177 1819 1203 1890 ⁶.

162 1924 303 1996 Errooi
316 1927 407 1994 sicut
421 1925 495 1994 oris
504 1921 650 2015 perdita
665 1925 698 2007 ⁷3
716 1923 845 2015 require
863 1921 1019 1992 famulam
1038 1939 1145 2010 tuam,
1163 1949 1205 1995 ne

161 2016 263 2126 lupius
284 2032 425 2102 crudelis
447 2032 563 2122 glutiat
586 2055 650 2102 me.
669 2029 782 2100 Multi·
799 2028 922 2102 dicunt
937 2034 1071 2104 animae
1090 2057 1204 2106 meres

163 2149 308 2210 nonest
328 2137 428 2210 salus
449 2136 504 2208 illi
526 2139 563 2206 in
587 2135 668 2208 Deo
690 2137 768 2233 ejus
787 2141 812 2206 ⁸.
832 2138 897 2208 Sed
916 2153 1013 2208 tuum
1033 2141 1207 2236 consilium

163 2260 274 2316 tecum
287 2260 380 2314 est...
392 2243 454 2328 Ne
467 2245 576 2312 intres
589 2245 625 2310 in
631 2241 812 2337 judicium
822 2267 904 2315 cnm
912 2244 1062 2338 simulo*
1074 2249 1138 2317 ruo
1149 2251 1205 2342 ⁰2..

164 2357 252 2424 Itum
275 2367 386 2436 tuem,
406 2350 560 2433 Domine,
579 2349 672 2420 aufer
686 2351 704 2416 ὲ
720 2373 785 2434 me,
803 2350 881 2442 quia
898 2352 1029 2441 peccavi
1051 2351 1112 2420 tibi
1133 2375 1210 2420 cru-

165 2459 299 2544 deliter,
315 2459 423 2528 donec
438 2457 595 2550 justifices
610 2479 741 2526 causam
762 2479 889 2540 meam,
910 2471 944 2526 et
959 2457 1079 2526 educas
1103 2481 1156 2526 me
1177 2460 1212 2532 in

164 2566 302 2638 lumine.
322 2571 407 2656 Deus
419 2561 651 2648 virtutum,da
670 2563 873 2653 poenitentiae
890 2564 1058 2650 effectum,
1080 2563 1211 2636 conses-

166 2675 249 2744 sioui
268 2669 540 2763 perseverantium
550 2721 559 2750 ‚
571 2693 613 2736 ue
626 2693 678 2734 me
686 2669 820 2735 induret
832 2668 989 2760 deceptor
1001 2673 1119 2742 animae
1132 2677 1172 2742 ¹⁰.
1189 2700 1206 2742 u

219 2777 409 2850 Notandum
430 2789 479 2842 est
498 2788 608 2844 autem
637 2796 714 2842 cum
741 2772 971 2859 Quintiliano:
998 2805 1013 2841 u
1040 2783 1209 2848 Summam

167 2887 254 2956 circi
273 2885 452 2954 movendos
466 2881 613 2950 Affectus
635 2880 670 2948 iu
687 2880 749 2948 hoc
769 2877 909 2970 positam
922 2903 1007 2966 esse,
1023 2896 1060 2950 ut
1076 2905 1211 2952 movea-

167 3016 244 3064 mur
262 2991 334 3082 ipsi.
349 2993 432 3060 Nirm
449 3002 480 3058 et
492 2987 601 3060 iuctris
617 3000 649 3055 et
664 2986 720 3068 irae
736 2999 769 3054 et
780 2982 1014 3076 indignationis
1027 2987 1208 3081 aliquandi)

169 3098 308 3170 ridicula
324 3097 424 3168 fuerit
443 3096 599 3178 imitatio,
619 3096 644 3164 si
663 3094 764 3163 verbe
779 3089 979 3187 vultumque
996 3095 1126 3165 tantum
1144 3121 1213 3170 nou

170 3208 267 3278 etiam
285 3205 430 3274 auimum
450 3202 816 3294 accommodarerimus.
840 3201 929 3284 Quid
949 3202 1037 3270 euim
1059 3201 1149 3272 uliud
1164 3219 1214 3274 est
1309 3201 1312 3209 '

170 3339 294 3398 causae,
316 3326 355 3384 ut
370 3310 520 3400 lugentes
539 3309 654 3401 utique
672 3308 708 3378 iu
728 3307 852 3382 recenti
871 3307 985 3377 dolore
1004 3309 1211 3396 disertissime
1258 3309 1262 3315 “

171 3420 325 3516 quosdam
336 3416 518 3490 exclamare
529 3415 714 3502 videantur,
727 3426 761 3484 et
775 3412 822 3482 ira
832 3416 1073 3507 nonuunquum
1084 3414 1120 3484 in
1134 3414 1211 3486 doc·

209 3612 218 3640 ¹
236 3603 292 3651 lsai.
313 3615 404 3661 rurus,
420 3611 509 3647 210r-
524 3581 607 3642 ’Psoi
622 3608 672 3652 nr,
688 3595 727 3642 16.
746 3615 776 3628 -
789 3586 803 3628 3
816 3593 841 3641 S.
859 3589 968 3641 umbros.
981 3591 1012 3640 de
1028 3595 1106 3656 Lapsu
1123 3591 1212 3658 virgin.

177 3703 286 3738 consecr.
309 3701 363 3749 cup.
389 3699 455 3746 1‚n.
479 3681 520 3742 48.
546 3705 577 3718 -
598 3675 611 3723 4
636 3677 698 3728 rut.
719 3694 814 3737 xxxvii,
838 3691 861 3726 ι.
882 3701 914 3716 ··-
939 3672 952 3714 5
974 3677 1011 3726 Μ.
1036 3692 1109 3741 cxiv,
1134 3681 1160 3730 8.
1185 3703 1218 3718 ι-

175 3771 223 3824 68.
235 3771 349 3826 Ambros.
364 3770 480 3834 tempu
491 3767 577 3832 Virgiu.
589 3779 700 3820 mereor·
714 3779 769 3828 esp.
780 3779 811 3829 xx.
822 3779 846 3814 u.
861 3759 903 3828 40.
915 3771 968 3814 -1
983 3761 1042 3812 Psal.
1057 3780 1143 3827 utrm,
1159 3764 1215 3830 176.
1243 3797 1251 3807 .

178 3853 235 3896 -3
253 3857 289 3909 ld.
304 3871 341 3916 ut,
358 3855 380 3906 3.
403 3877 432 3886 -
448 3862 460 3904 9
481 3852 516 3902 ld.
530 3866 604 3916 cusu,
617 3860 643 3904 2.
658 3871 690 3884 -
703 3856 726 3883 ¹⁰
746 3849 770 3900 S.
786 3845 901 3902 umbros.
920 3845 952 3898 de
965 3847 1046 3910 Lepsu
1059 3848 1147 3916 virgin.
1162 3865 1218 3902 cou-

174 3935 241 3991 secr.
254 3954 343 4004 caux,
358 3953 381 3985 u.
397 3935 436 3984 50.
812 3925 817 3936 ’

1051 4029 1099 4090 19.
