2982 4584
276 422 341 488 lta
368 477 371 487 .
422 436 601 485 nnnronrct
623 435 650 483 s.
666 435 829 501 frarann,
853 434 930 486 rans
953 441 996 501 rr,
1021 438 1104 484 saer.
1132 439 1155 481 1.

274 539 407 610 nionem
432 537 584 606 omnibus
599 535 779 625 afferebat,
798 531 934 628 perinde
946 535 1099 606 videlieet
1111 549 1210 628 atque
1225 539 1313 608 vocis

273 647 510 728 instrumenta,
534 643 578 712 ob
598 644 735 729 animae,
764 645 830 736 qua
853 643 1093 738 movebantur,
1112 665 1312 728 excessum,

271 754 340 846 jam
355 771 509 842 oppressa
524 761 558 817 et
573 749 713 818 extincta
731 763 848 818 essent.
873 753 916 818 At
940 749 1017 818 clun
1036 761 1146 842 pastor
1165 747 1239 834 ille,
1257 749 1316 841 qui

273 870 409 951 propter
422 854 618 924 miraculum
632 907 641 938 ,
656 855 747 948 quod
763 855 916 924 omnibus
931 855 1029 924 rebus
1041 853 1212 939 elucebat,
1230 852 1316 924 facta

275 965 429 1056 dictaque
444 961 530 1036 illius
550 962 661 1033 omnia
681 961 855 1054 diligenter
872 961 1087 1047 observabat,
1113 961 1200 1031 labia
1216 961 1317 1053 ipsius

274 1071 392 1140 leniter
415 1069 539 1138 moveri
554 1068 719 1154 sensisset,
740 1091 919 1161 auremque
942 1067 1077 1163 propius
1096 1067 1315 1162 admovisset,

274 1176 455 1268 (fidentem
468 1175 557 1243 enim
581 1197 679 1258 eum,
699 1173 775 1243 crim
791 1175 841 1242 sui
857 1197 975 1259 mores,
993 1174 1066 1242 tlrm
1078 1165 1320 1242 commiseratio
1337 1177 1362 1236 ι’

274 1285 351 1377 ipsa.
359 1283 515 1369 faciebat,
527 1284 631 1376 )quin
644 1295 681 1351 tu
690 1281 757 1374 ipse
772 1283 871 1374 hujus
884 1281 1004 1350 silentii
1016 1281 1208 1369 mysterium
1219 1303 1318 1372 expo-

274 1390 325 1458 nis
335 1391 349 1458 ?
360 1393 464 1461 Nemo
476 1388 599 1482 quippe
611 1388 670 1456 tibi
686 1389 832 1456 narranti
844 1387 944 1458 fidem
961 1386 1145 1476 abrogabit.
1169 1383 1317 1455 Psalmo-

275 1497 329 1568 dia
341 1509 430 1583 erat,
444 1496 480 1565 id
500 1495 591 1589 quod
603 1495 880 1584 submussitabat,
899 1519 936 1564 ac
952 1491 1142 1586 psalmodiae
1158 1493 1258 1562 verba
1276 1491 1319 1562 ad

267 1601 398 1672 'exitum
413 1603 638 1695 pertinentia:
656 1615 707 1686 et,
722 1601 750 1669 si
764 1602 839 1669 vere
855 1597 1063 1694 loquendum
1075 1612 1144 1685 est,
1159 1598 1319 1668 libertatis

274 1709 362 1779 illius
378 1731 415 1778 ac
434 1708 581 1794 fiduciae,
599 1731 675 1777 eum
691 1709 847 1800 qualhinc
862 1707 1056 1793 excedebat,
1078 1707 1315 1776 testimonium.

213 1849 215 1854 v
277 1823 321 1884 Ae
337 1816 452 1886 beatus
473 1815 548 1900 ille,
567 1816 625 1908 qui
640 1839 715 1883 eum
732 1816 840 1886 verbis
854 1813 918 1897 illis
935 1827 1117 1882 extremum
1129 1815 1206 1882 vitae
1222 1813 1318 1906 spiri-

186 1949 191 1962 ‘
277 1935 349 1994 tmn
363 1921 513 1990 claudet-l
528 1920 681 2013 Inpone
696 1917 898 2012 inidipsum
915 1917 1095 1988 dormirem
1111 1933 1147 1987 et
1158 1921 1318 2011 requies*

277 2050 360 2115 ecum
370 2031 395 2096 ¹.
414 2031 512 2108 Haec,
527 2040 561 2096 et
577 2028 596 2094 a
611 2039 666 2111 te,
685 2028 705 2094 ὃ
721 2026 898 2095 mulierum
918 2026 1199 2118 praestantissima,
1220 2049 1320 2094 eane-

277 2133 412 2217 bantur,
428 2145 461 2200 et
476 2131 538 2199 tibi
553 2132 808 2223 contingebant,
825 2155 862 2201 ac
874 2131 1066 2222 psalmodia,
1083 2129 1121 2199 id
1134 2145 1215 2217 erat,
1227 2129 1320 2222 qued

254 2238 394 2322 «fiebat,
421 2237 702 2330 conjunctumque
725 2261 802 2306 cum
828 2239 970 2306 discessu
996 2237 1199 2328 epitaphium
1224 2249 1317 2306 erat:

278 2344 400 2437 quippe
412 2367 487 2437 quae
502 2357 648 2414 mentem
661 2346 679 2412 a
694 2343 817 2414 vitiosis
825 2342 1086 2436 permotionibus
1096 2343 1157 2411 rire
1169 2355 1319 2434 pacatam

277 2451 448 2535 habueris,
466 2475 504 2519 ac
523 2465 642 2541 praeter
657 2451 1031 2540 communem'soporem
1043 2459 1059 2534 ,¹
1071 2447 1222 2517 debitum
1234 2472 1321 2540 quo·

233 2647 237 2654 Ι
278 2557 344 2647 que
367 2561 434 2624 Deo
452 2555 557 2622 charis
572 2555 761 2624 hominibus
782 2578 934 2625 somnum
956 2548 1140 2646 acceperiS,
1159 2555 1322 2646 quemad·

278 2658 415 2730 modum
431 2682 503 2730 eam
519 2675 674 2754 parerat,
692 2685 768 2755 quae
784 2661 819 2730 in
836 2661 964 2753 pietatis
978 2661 1102 2748 verbis,
1118 2675 1151 2730 et
1171 2661 1318 2746 vixerat,

279 2779 314 2834 et
325 2764 534 2836 abscesserat.
558 2803 560 2808 ,
1066 2799 1069 2805 Α

325 2899 342 2937 »
363 2872 528 2967 Equidem
548 2895 615 2942 nou
637 2873 771 2960 dubito,
789 2875 870 2967 quin
891 2875 949 2961 iis,
964 2897 1040 2968 quae
1055 2872 1158 2943 oeulis
1177 2896 1322 2944 cernun-

279 2992 351 3063 tur,
376 2979 483 3048 multd
509 2980 733 3070 praestantiora
756 2981 817 3048 sint
839 3003 897 3064 ea,
924 2979 1043 3073 quibus
1068 3003 1158 3049 nunc
1177 2979 1318 3065 frueris,

279 3087 417 3176 nempe,
435 3084 554 3157 Sonus
564 3083 824 3176 epulantium,
842 3089 1034 3178 angelorum
1049 3089 1188 3172 chorea,
1208 3079 1320 3157 eoeles-

279 3191 320 3257 tis
336 3190 437 3276 ordo,
462 3190 573 3280 gloriae
588 3191 838 3283 contemplatio,
852 3191 928 3262 erim
944 3193 1096 3279 alterius,
1115 3193 1188 3262 tlrm
1202 3215 1321 3284 supre-

280 3318 344 3364 mae
362 3297 526 3366 Trinitatis
541 3298 654 3388 purior
668 3311 702 3367 et
722 3297 897 3390 perfectior
922 3299 1135 3384 illuminatio,
1165 3323 1234 3368 non
1250 3301 1322 3392 jam

279 3403 422 3472 vinctam
443 3416 587 3472 mentem
600 3427 637 3472 ae
652 3426 835 3495 persensus
851 3405 1004 3474 diffusam
1015 3404 1224 3496 suffugientis
1238 3457 1248 3490 ,
1262 3403 1322 3472 sed

278 3523 382 3578 totam
402 3532 470 3608 sese
489 3512 551 3580 toti
565 3511 668 3579 menti
688 3510 974 3602 contemplandam
995 3525 1027 3580 et
1040 3509 1217 3580 tenendam
1231 3535 1321 3603 prae7

278 3615 406 3702 bentis,
431 3629 569 3710 totoque
591 3615 768 3685 divinitatis
790 3616 915 3702 lumine
942 3617 1057 3686 animis
1081 3617 1199 3687 nostris
1221 3615 1322 3685 afful-

278 3723 393 3810 gentis.
410 3724 570 3808 Omninb,
588 3723 736 3815 inquam,
750 3723 799 3791 his
814 3722 931 3792 fruaris
946 3747 1106 3816 quorum,
1125 3721 1321 3792 etiamdum

279 3825 388 3896 adhuc
409 3829 445 3898 in
461 3831 546 3898 terra
562 3850 665 3914 esses,
689 3829 732 3898 ob
748 3830 908 3898 sinceram
924 3828 965 3898 ad
986 3852 1023 3899 ea
1035 3823 1154 3900 mentis
1178 3830 1322 3898 erectio·

296 4017 299 4026 Ι
316 3953 399 4006 1Psal.
414 3972 449 4020 rr,
468 3973 506 4008 ro.
522 3980 554 3993 -
568 3965 579 3995 ²
592 3957 629 4007 Id.
644 3957 726 4021 xm,5.
