2930 4582
305 451 367 512 308
458 458 636 508 nnnrourot
660 461 687 507 s.
713 461 862 520 neruum,
888 457 964 508 ntus
987 461 1030 520 11,
1055 459 1140 504 snos.
1166 463 1190 514 r.

300 565 449 637 tudinem
462 563 622 655 eorporis,
636 562 769 654 cibique
784 561 935 647 esuriem,
947 561 1075 656 quintal,
1087 561 1243 652 sexuque
1259 560 1341 629 horel

299 672 429 742 tantirm
445 671 601 753 suscitat,
625 679 663 736 ut
687 667 779 736 velut
798 666 899 758 longo
922 668 1071 752 itinere,
1088 666 1340 761 gravissimoque

298 777 413 848 labore
432 774 602 846 consectus
627 773 757 842 sibimet
771 773 940 865 lassusque
964 773 1141 842 videatur:
1170 787 1229 841 ant
1250 775 1341 865 quasi

297 885 509 956 refectionem
532 883 597 951 cibi
620 880 766 950 biduano
791 881 916 974 jejunio
944 877 1140 950 triduanove
1163 880 1337 951 distulerit.

298 993 383 1064 num
400 991 558 1085 praetcrea
573 987 640 1058 hirc
655 987 801 1082 illucque
817 989 930 1057 anxius
945 989 1214 1082 circumspectat,
1233 1002 1267 1058 et
1282 1013 1341 1060 uec

295 1099 430 1170 fratrem
454 1098 515 1168 sibi
536 1097 725 1189 quempiam
749 1095 926 1166 adventare
953 1097 1092 1189 suspirat
1120 1123 1128 1162 ι
1157 1097 1341 1191 saepiusque

294 1205 462 1297 egreditur
475 1218 508 1274 et
529 1201 711 1293 ingreditur
726 1201 844 1273 cellam
860 1232 868 1273 ε
886 1227 924 1273 ac
940 1202 1063 1290 solem,
1080 1202 1227 1274 velutad
1243 1227 1339 1274 occa·

295 1336 369 1384 sum
389 1310 513 1382 tardius
532 1323 782 1401 properantem,
805 1310 950 1379 erebribs
963 1311 1122 1380 intuetur.
1137 1315 1180 1380 Et
1195 1311 1242 1380 ita
1258 1314 1339 1405 qud-

183 1411 189 1422 ’
295 1420 372 1489 dam
387 1416 602 1488 irrationabili
617 1418 734 1484 mentis
746 1413 949 1503 confusione,
967 1417 1059 1487 velut
1071 1432 1156 1486 terra
1168 1417 1339 1511 suppletur

293 1513 449 1616 caligine,
474 1524 631 1617 omnique
657 1537 733 1592 actu
756 1523 892 1616 spiritali
917 1523 1065 1596 redditur
1089 1525 1212 1594 otiosus
1228 1549 1267 1596 ac
1283 1550 1339 1597 va·

294 1657 375 1704 cuns
394 1659 403 1701 :
421 1647 460 1701 ut
475 1629 567 1698 nullst
591 1653 625 1698 re
644 1628 707 1698 alit
732 1643 833 1698 tantae
857 1632 1108 1723 oppugnationis
1133 1633 1335 1721 remedium,

293 1743 394 1835 quam
407 1739 590 1807 visitatione
602 1735 712 1804 fratris
728 1738 910 1830 cujuspiam
925 1791 933 1823 ‚
948 1762 1006 1807 seu
1022 1740 1128 1808 somni
1142 1738 1242 1810 solius
1258 1741 1339 1810 sola-

205 1871 206 1878 ¹
292 1849 361 1935 tio,
379 1871 473 1940 posse
496 1846 635 1915 aestimet
650 1845 799 1914 inveniri.
820 1845 944 1914 Deinde
967 1848 1119 1916 honestas
1143 1849 1231 1916 idem
1248 1872 1339 1919 mor·

290 1958 354 2027 bus
379 1979 417 2024 ae
442 1952 636 2022 necessarias
660 1953 804 2042 suggerit
829 1951 1040 2022 salutationes
1067 1953 1226 2024 fratribus
1242 1957 1337 2026 exhi-

292 2062 430 2153 bendas,
442 2058 706 2149 visitationesque
716 2058 933 2144 infirmorum,
941 2061 994 2129 vel
1004 2061 1132 2131 eminirs
1145 2062 1197 2133 vel
1209 2062 1340 2155 longius

291 2169 487 2266 positorum.
507 2163 668 2247 Quaedam
683 2163 782 2232 etiam
800 2165 853 2257 pia
870 2187 907 2233 ac
922 2165 1071 2258 religiosa
1088 2169 1190 2238 dictat
1202 2171 1311 2241 officia
1329 2201 1336 2241 :

291 2275 387 2362 illos,
417 2273 470 2343 vel
490 2271 562 2340 illas
587 2269 707 2338 debere
732 2285 883 2362 parentes
905 2272 1102 2367 inquiriset
1127 2278 1168 2345 ad
1190 2277 1338 2348 salutan-

293 2383 352 2456 dos
368 2405 423 2452 eos
440 2378 586 2450 crebrius
610 2379 778 2471 properari
797 2408 803 2448 :
822 2378 912 2448 illam
935 2381 1142 2472 religiosam,
1166 2383 1338 2455 devotam-

293 2481 442 2586 que'Deo
462 2485 659 2570 foeminam,
685 2484 776 2554 omni
796 2487 976 2576 praesertim
996 2503 1169 2579 parentum
1187 2492 1340 2584 praesidio

295 2598 484 2668 destitutam
500 2645 509 2678 ‚
528 2613 685 2681 magnum
706 2615 789 2693 opus
804 2613 873 2662 esse
889 2594 1018 2686 pietatis
1031 2595 1238 2690 [requentiirs
1253 2601 1339 2671 invi·

299 2727 388 2776 sere:
404 2727 441 2772 ac
454 2701 480 2770 si
492 2697 574 2794 quid
584 2698 614 2767 ei
629 2699 671 2768 sit
686 2701 920 2788 necessarium,
936 2727 1011 2796 quae
1028 2706 1047 2772 a
1063 2707 1202 2799 propriis
1219 2731 1339 2803 paren·

297 2813 388 2886 tibus
408 2805 583 2898 negligitur
608 2818 707 2898 atque
731 2805 929 2900 despicitur,
957 2812 1196 2882 sanctissimum
1218 2839 1339 2908 procu-

300 2925 363 2995 rari
370 2976 382 3008 ,
397 2915 565 3006 magisque
589 2926 739 3004 oportere
754 2913 790 2982 in
805 2913 855 2982 his
872 2937 1004 3006 operam
1020 2919 1148 3012 pietatis
1167 2922 1337 3014 impendi,

175 3019 180 3032 ¹
263 3043 267 3052 ‘
300 3033 401 3124 qubm
417 3019 620 3095 infructuosi
650 3042 688 3090 ac
707 3020 776 3093 sinc
798 3020 868 3091 ullo
889 3022 1041 3115 prosectu
1065 3028 1100 3096 in
1118 3028 1239 3099 cellula
1261 3033 1339 3100 resi-

302 3135 414 3205 dere¹.
432 3159 449 3196 >r

348 3236 513 3309 Hactenus
529 3233 716 3321 Cassianus,
733 3235 792 3328 qui
808 3259 875 3306 non
890 3237 999 3308 minus
1015 3241 1125 3312 vivide
1143 3243 1222 3314 alibi
1238 3245 1340 3339 expri-

303 3348 365 3418 mit
384 3343 517 3436 superbi
529 3341 682 3412 monachi
696 3365 803 3412 mores
819 3355 852 3411 et
867 3343 1036 3436 ingenium
1056 3377 1064 3417 ε
1289 3345 1292 3352 ’

351 3483 367 3520 «
385 3449 535 3543 Quisquis
554 3448 722 3540 Superbiae
742 3449 859 3520 morbo
874 3443 974 3522 luerit
989 3462 1169 3547 occupatus
1184 3511 1192 3543 ,
1210 3481 1280 3529 non
1294 3482 1340 3528 so-

301 3563 373 3633 lum
393 3556 519 3627 nullam
534 3555 743 3646 subjectionis
768 3571 825 3626 aut
849 3557 1045 3629 obedientiae
1065 3563 1213 3654 regulam
1231 3581 1341 3638 eusto-

303 3669 374 3739 dire
390 3666 562 3756 dignatur,
580 3657 693 3730 renim
707 3684 749 3728 ne
763 3661 867 3754 ipsam
883 3667 1018 3736 auribus
1030 3669 1165 3762 quidem
1178 3674 1245 3742 suis
1262 3674 1341 3744 doc·

303 3777 421 3844 trinam
447 3767 656 3861 perfectionis
681 3765 824 3837 admittit
855 3771 1080 3868 :tantbmque
1104 3781 1285 3849 concrescit
1308 3781 1343 3850 in

303 3881 401 3952 corde
424 3880 493 3970 ejus
513 3873 664 3966 spiritalis
690 3875 783 3944 verbi
807 3869 995 3967 fastidium,
1012 3897 1050 3952 ut
1066 3884 1143 3954 cirm
1165 3885 1252 3958 forre
1273 3886 1342 3956 talis

341 4020 348 4046 ¹
362 4012 431 4059 Joau.
449 4003 553 4058 Cassian.
566 4003 608 4054 lib.
621 4004 675 4055 nde
688 4005 788 4070 suedia,
797 4019 853 4070 cap.
871 4017 896 4058 α.
