2984 4580
274 447 376 496 stros
394 430 444 507 rr.
456 447 504 496 na
520 445 678 496 amasso
701 443 738 493 nr
758 439 967 492 coactorum
988 439 1155 491 suenrus.
1181 421 1247 490 tar

206 549 353 622 Motibus
367 551 489 644 quibus
501 547 660 619 auditoris
675 564 821 618 assensus
832 542 977 638 quodam
991 543 1093 614 modo
1108 545 1244 636 rapitur.

246 657 341 748 Licet
355 671 464 725 autem
479 655 547 726 duo
566 653 622 724 illa
637 653 890 742 distinguamus,
906 669 975 720 non
990 663 1099 719 tamen
1119 669 1247 744 semper

205 763 378 857 stultique
398 764 552 832 distincta
575 759 785 854 reperiuntur
802 755 891 850 apud
914 769 1042 826 sanctos
1061 762 1191 848 Patres3
1213 773 1247 830 st
1280 843 1283 852 Δ

203 873 315 940 revera
338 871 454 970 multae
479 881 618 962 possunt
643 865 820 957 excogitari
840 863 1013 934 Orationes
1035 885 1111 958 quae
1130 863 1246 934 ultima

202 977 259 1046 ills
279 976 474 1046 collectione
501 965 570 1044 iton
595 971 779 1063 indigeant,
806 969 863 1040 sed
888 970 1114 1040 exhortatione
1137 972 1246 1042 statim

202 1105 280 1152 cum
292 1079 563 1152 antecedentibus
576 1077 790 1150 concatenata
808 1075 1046 1169 concludendus
1064 1075 1181 1146 melitis
1194 1078 1246 1150 vi·

201 1192 383 1261 deantur.⁴
641 1259 642 1262 ,

246 1299 349 1369 Porro
368 1298 468 1390 qutun
489 1294 619 1389 grandis
638 1292 826 1386 nobilisque
840 1292 897 1362 illa
916 1291 1004 1360 beati
1023 1291 1179 1384 Cypriani
1200 1287 1246 1362 de

202 1403 434 1489 Mortalitate
445 1405 634 1489 conclusio,
654 1403 734 1488 uhi,
753 1402 829 1472 ciam
845 1400 888 1470 de
903 1403 1011 1471 Morte
1028 1397 1245 1473 achriuiano

201 1532 270 1582 non
285 1508 431 1594 timendi
443 1507 590 1598 disserat,
608 1513 680 1580 heac
691 1509 835 1604 denique
846 1507 881 1577 in
892 1508 992 1578 rerba
1007 1508 1128 1578 desinit
1146 1539 1154 1579 ι

248 1648 264 1686 «
289 1618 571 1690 Considerandum
586 1632 656 1704 est,
675 1621 805 1686 Fratres
823 1615 995 1700 carissimi,
1015 1629 1048 1686 et
1063 1613 1245 1686 identidem

199 1726 424 1816 cogitandum,
435 1725 639 1794 renuntiasse
652 1741 712 1792 nos
723 1723 870 1806 mundo,
888 1725 1083 1817 ettanquim
1100 1724 1244 1816 hospites
1288 1803 1290 1810 Α

198 1833 423 1924 etpercgrinos
434 1833 507 1902 istic
524 1823 655 1900 interim
669 1830 799 1922 degere.
817 1827 1065 1922 Amplectamur
1077 1829 1167 1900 diem
1186 1831 1244 1926 qui

198 1939 339 2030 assignat
359 1937 505 2030 singulos
520 1937 688 2008 domicilio
712 1955 793 2026 snos
810 1935 869 2030 qui
891 1957 951 2006 nos
976 1929 1073 2020 istinc
1095 1949 1241 2026 ereptos,

197 2045 375 2139 etglaqueis
393 2041 607 2137 'saecularibus
624 2042 772 2114 erolutos
783 2042 934 2136 paradiso
946 2043 1086 2112 restituit
1100 2056 1244 2135 etregno

153 2212 155 2214 .
197 2153 335 2224 coelesti.
347 2155 427 2238 Quis
435 2176 503 2224 non
513 2153 851 2247 peregreconstitutus
860 2151 1092 2245 properaretin
1101 2154 1241 2244 patriam
1292 2173 1303 2220 ¹.

196 2259 345 2352 regredi?
359 2262 433 2354 quis
445 2285 513 2332 non
523 2261 565 2330 ad
574 2279 650 2330 suos
659 2261 813 2356 navigare
824 2259 992 2344 festinans,
1002 2273 1137 2328 ventum
1149 2279 1244 2352 pross

195 2389 314 2462 perum
338 2367 489 2460 cupidiirs
512 2382 657 2460 optaret,
679 2357 718 2436 ut
741 2365 896 2442 velociter
918 2385 1009 2436 caros
1033 2365 1146 2436 liceret
1170 2385 1242 2436 am·

195 2473 468 2568 plectiiPatriam
480 2489 624 2546 nostram
634 2473 823 2568 paradisum
833 2485 1242 2567 computemus3parentes
1311 2557 1313 2562 ¹

195 2583 394 2674 patriarchas
414 2583 536 2652 habere
554 2584 622 2676 jhm
642 2583 822 2674 coepimus3
845 2579 927 2674 quid
946 2601 1014 2650 non
1029 2602 1242 2674 properamus

196 2701 229 2756 et
239 2687 415 2771 currimus,
428 2699 467 2754 ut
482 2691 622 2778 patriam
634 2702 780 2756 nostram
793 2688 924 2772 videre,
941 2701 980 2755 ut
989 2702 1140 2778 parentes
1152 2687 1241 2760 salu-

159 2824 163 2834 ·
195 2805 266 2862 tare
284 2791 467 2884 possimus?
477 2789 617 2884 Magnus
628 2791 696 2862 illic
711 2809 773 2861 nos
788 2809 938 2861 carorum
951 2809 1108 2864 numerus
1123 2809 1242 2887 capec—
1303 2839 1307 2846 -

195 2915 244 2970 tat
256 2931 265 2991 3
279 2912 465 2994 parentum,
481 2901 637 2984 l'ratrum,
655 2899 800 2971 filiorum
815 2900 972 2994 frequens
987 2911 1092 2988 troset
1110 2903 1242 2996 copiosa

193 3008 291 3078 turba
302 3005 482 3094 desiderat,
493 3009 560 3102 jam
572 3008 614 3078 de
625 3009 684 3077 sua
696 3007 941 3078 immortalitate
949 3023 1076 3094 secura,
1089 3021 1122 3078 et
1132 3010 1241 3080 adhirc

147 3167 151 3173 .
192 3109 235 3184 de
257 3115 369 3184 nostra
381 3117 486 3184 salute
501 3114 650 3194 sollicita.
667 3115 720 3186 nd
732 3117 851 3187 horum
867 3129 1080 3210 conspectum
1096 3131 1130 3187 et
1149 3140 1241 3188 com·
1324 3167 1329 3175 ·

191 3221 326 3314 plexum
338 3220 463 3305 venire,
477 3237 602 3314 quauta
614 3221 723 3293 stillis
739 3237 772 3293 et
787 3224 881 3294 nohis
897 3226 932 3294 in
941 3229 1117 3296 commune
1125 3225 1239 3298 laetitia

191 3331 262 3398 ert?
277 3327 383 3421 qualis
396 3324 462 3395 illic
475 3327 660 3397 caelestium
677 3346 851 3418 regnorum
870 3331 1021 3425 voluptas
1037 3333 1107 3420 sine
1122 3333 1238 3404 timore

190 3435 363 3521 moriendi,
379 3447 412 3503 et
421 3457 497 3504 curn
510 3435 693 3504 aeternitate
703 3436 855 3506 vivendi?
866 3440 965 3530 quem
978 3459 1103 3508 summa
1118 3453 1151 3508 et
1163 3463 1238 3532 per-

188 3555 288 3635 petua
297 3540 530 3611 i'elicitasillllc
540 3542 760 3636 apostolorum
771 3539 928 3634 gloriosus
937 3544 1153 3636 chorus3illlc
1163 3567 1238 3638 pro·

188 3649 362 3741 phetarum
371 3636 591 3718 exultantium
605 3649 848 3742 numerus3illlc
858 3665 1041 3741 martyrum
1051 3653 1237 3748 innumera·

187 3754 261 3826 bilis
274 3755 415 3846 populus
428 3758 472 3826 ub
485 3755 670 3827 certaminis
680 3769 713 3826 et
722 3758 877 3850 passionis
891 3757 1026 3850 gloriam
1037 3771 1214 3831 coronatus
1224 3791 1245 3853 :¹

130 3935 133 3947 ,
188 3863 428 3957 triumphantes
435 3857 502 3936 illle
510 3867 667 3958 virgines,
684 3887 760 3961 quae
776 3869 1069 3961 concupiscentiam
1079 3871 1185 3940 carnis
1200 3883 1234 3940 et

186 3971 352 4064 corporis,
369 3965 581 4043 continentiae
592 3975 711 4046 robore
721 3974 940 4066 subegerunt,
954 3977 1152 4048 remunerati
1168 3977 1229 4046 mi-
