2992 4590
250 433 315 493 tto
406 447 633 516 introducas.
660 445 915 510 rtraurs,·aans
939 451 985 510 11,
1010 447 1094 495 saon.
1122 423 1174 492 1.'
1224 423 1230 442 ⁴
1308 507 1310 515 Ι

250 551 292 620 sis
307 549 512 620 daemonibus
527 549 762 619 inserviamus?
774 547 866 632 Quid
879 563 1010 620 tantum
1021 547 1166 635 dederis,
1181 548 1290 646 quan-

250 671 320 728 tum
334 655 460 726 conaris
471 653 620 725 auferre?
629 653 693 726 Odi
706 679 839 742 munus,
856 680 923 752 quo
936 655 1096 728 damnum
1107 657 1268 726 inferatur
1281 685 1289 728 :

249 787 319 834 non
335 763 476 855 suscipio
496 764 657 832 honorem
676 761 844 834 dedecoris
859 777 1040 858 parentem.
1060 763 1218 834 Pecunias
1234 761 1292 833 das
1336 841 1338 843 .
1420 784 1424 794 ¹

249 873 304 942 hic
319 894 565 964 permansuras,
584 871 721 963 gloriam
734 887 1000 942 marcescentem.
1017 875 1140 964 ¹Notum
1156 867 1208 940 m'e
1224 869 1293 940 fac-

250 993 344 1048 turus
355 991 404 1046 est
416 978 615 1070 imperatori,
628 977 711 1046 seda
723 1002 802 1048 vero
817 984 906 1070 Rege
915 978 1187 1062 abalienas.Quid
1198 977 1293 1071 parce
1360 1008 1369 1016 -

172 1147 173 1152 ,
250 1111 356 1180 pauca
372 1110 411 1155 ex
425 1085 601 1156 mundanis
613 1087 712 1156 rebus
727 1085 914 1180 polliceris?
926 1087 1072 1158 Mundus
1088 1101 1178 1156 totus
1194 1090 1213 1156 b
1230 1111 1293 1156 no·

252 1193 303 1262 bis
322 1207 529 1284 contemptus
546 1206 605 1262 est.
625 1197 689 1280 Res
703 1191 846 1262 visibiles
857 1194 936 1263 ¹cum
952 1189 991 1262 ed
1006 1216 1083 1286 spe,
1107 1217 1183 1288 quae
1199 1184 1296 1263 nobis

251 1302 287 1369 in
301 1300 386 1370 votis
402 1313 470 1385 est,
489 1323 557 1368 non
573 1315 700 1393 queunt
716 1303 909 1394 comparari.
927 1300 1028 1370 Vides
1039 1301 1103 1370 boc
1119 1289 1241 1373 coelbm
1256 1315 1296 1371 ut

251 1405 429 1500 pulchrum
451 1420 602 1498 aspectu,
625 1419 664 1478 ut
688 1412 871 1500 magnum?
886 1407 977 1478 vides
1001 1423 1145 1494 terram,
1169 1420 1295 1502 quanta
1393 1398 1395 1408 ’

252 1515 310 1598 sit,
328 1527 362 1582 et
377 1537 453 1606 quac
469 1513 556 1582 inea
572 1527 649 1582 sunt
664 1513 894 1584 admirationi?
908 1513 998 1586 Nihil
1012 1515 1130 1594 horum
1143 1512 1297 1608 adaequat

249 1623 413 1714 justornm
424 1618 664 1689 beatitudinem
676 1650 682 1689 :
696 1621 858 1714 siquidem
878 1622 950 1691 baec
962 1633 1175 1714 praetereunt,
1186 1633 1297 1690 nostra

253 1729 332 1797 verb
355 1739 501 1796 manent.
520 1727 726 1820 Concupisco
742 1727 867 1823 donum
884 1749 989 1796 uuum
1005 1781 1014 1812 ,
1033 1751 1186 1798 coronam
1200 1727 1298 1821 justi·

204 1834 207 1840 ’
253 1833 308 1902 tiae
329 1863 336 1903 :
355 1832 466 1923 gloriae
482 1833 579 1902 nnius
594 1833 768 1926 impotenti
789 1834 950 1904 desiderio
973 1847 1110 1921 teneor,
1131 1836 1201 1928 ejus
1221 1857 1297 1926 quae

255 1953 303 2013 est
317 1939 352 2008 in
372 1963 475 2031 regno
497 1939 671 2009 coelorum.
698 1944 864 2010 Honorem
885 1941 1194 2038 supernumambio
1213 1970 1221 2010 :
1239 1963 1297 2032 ge-

172 2099 175 2106 ·
253 2049 373 2118 hennae
389 2063 502 2118 metuo
524 2047 733 2141 supplicium.
751 2049 841 2140 Ignis
865 2049 921 2118 ille
936 2049 1194 2120 extimescendas
1215 2049 1298 2118 mihi

255 2169 323 2244 est3
341 2177 440 2249 quem
454 2157 530 2224 verb
547 2166 604 2228 vos
620 2155 882 2242 comminamini,
900 2157 926 2226 is
941 2181 1118 2227 conservus
1133 2171 1192 2228 est.
1208 2159 1298 2227 Con-

255 2276 433 2356 temptores
448 2261 613 2332 idolorum
629 2265 721 2332 novit
736 2263 1009 2358 revereri.Jacula
1021 2274 1201 2359 puerorum
1215 2276 1299 2355 puto
1353 2282 1355 2286 ⁴

255 2369 367 2466 plagas
387 2384 517 2440 vestras.
533 2373 661 2463 Corpus
675 2371 762 2439 enim
788 2370 905 2457 caedis,
923 2371 1013 2465 quod
1025 2425 1034 2458 ,
1048 2373 1075 2442 si
1091 2371 1215 2440 diutids
1231 2393 1301 2440 res·

255 2479 376 2564 titerit,
400 2502 556 2548 coronam
579 2477 834 2568 splendidiorem
850 2493 1095 2572 consequetur:
1122 2479 1299 2550 sinautem

174 2591 175 2600 ’
256 2585 352 2655 citiirs
372 2583 550 2670 defecerit,
577 2583 772 2654 liberabitur
789 2583 955 2679 judicibus
967 2589 1035 2655 tam
1054 2585 1225 2672 violentis,
1240 2587 1299 2679 qui

257 2692 334 2762 cium
350 2691 545 2762 famulatum
558 2715 734 2784 corporum
746 2692 839 2762 vobis
850 2692 1063 2784 sumpseritis,
1077 2691 1186 2762 adhuc
1201 2694 1300 2761 etiam

256 2799 454 2870 contenditis
466 2799 580 2868 animis
596 2799 768 2868 dominari.
788 2800 872 2885 Qui,
891 2801 953 2868 nisi
969 2805 1037 2870 Deo
1049 2814 1162 2869 nostro
1178 2798 1300 2892 praese-

188 2944 191 2951 ν
257 2907 395 2984 ramini,
419 2893 537 2974 saevitis
551 2905 645 2998 quasi
668 2906 813 2974 extremai
829 2905 1007 2996 ignominia
1022 2907 1041 2974 a
1056 2905 1152 2974 nobis
1166 2905 1299 2996 affecti3

258 3028 357 3106 atquc
385 3009 550 3080 horrenda
572 3011 644 3079 baec
672 3005 827 3102 supplicia
851 3011 1037 3096 intentatis,
1064 3011 1188 3080 crimen
1204 3011 1301 3081 nobis

258 3120 460 3212 objectantes
483 3115 651 3207 pietatem.
670 3121 714 3184 At
736 3115 911 3185 offendetis
927 3140 996 3186 non
1023 3115 1173 3204 timidos,
1192 3139 1302 3212 neque

258 3229 334 3298 vitae
343 3222 491 3317 cupidos,
504 3246 611 3316 neque
621 3223 679 3316 qui
692 3221 786 3292 facile
794 3217 1159 3320 berterreanturfidqnc
1168 3248 1229 3318 pro
1242 3225 1301 3294 Dei

259 3333 446 3405 dilectione.
457 3335 522 3402 Nos
534 3331 620 3398 enim
631 3343 664 3399 et
673 3331 786 3416 rotari,
798 3343 831 3398 et
842 3331 989 3424 torqueri
1001 3331 1303 3426 equulemetcom·

259 3443 348 3526 huri,
361 3455 396 3510 et
408 3463 505 3510 omne
520 3435 763 3509 tormentorum
776 3462 879 3530 genus
893 3437 1038 3532 perferre
1053 3441 1158 3534 parati
1174 3463 1300 3510 sumus.
1327 3435 1334 3448 ’

259 3579 262 3584 ·
304 3578 320 3615 »
343 3552 422 3618 Haec
435 3561 544 3616 autem
559 3545 634 3614 etim
656 3544 798 3614 audisset
814 3545 974 3638 superbus
991 3545 1048 3616 ille
1064 3569 1102 3616 ac
1118 3547 1300 3633 barbarus,

257 3659 348 3728 baud
373 3653 648 3725 ferensvirorum
670 3651 801 3722 dicendi
818 3651 1023 3739 libertatern,
1041 3654 1089 3722 ira
1112 3655 1183 3747 ejus
1204 3655 1303 3746 suprb

258 3747 396 3834 modum
417 3763 666 3847 effervescente,
695 3761 870 3854 reputabat
885 3784 994 3830 secum
1012 3761 1181 3854 quodnam
1197 3762 1304 3830 artist-

260 3871 348 3941 cium
363 3869 577 3960 excogitaret,
595 3883 634 3938 ut
648 3883 788 3938 mortem
802 3867 837 3937 et
853 3867 985 3959 longam
1002 3882 1035 3936 et
1048 3890 1191 3936 amaram
1204 3866 1304 3938 simul

261 3977 305 4048 eis
328 3990 476 4047 strueret.
506 3967 636 4048 Invenit
658 3974 793 4047 tandem
828 3973 989 4068 ejusmodi
1019 3973 1219 4064 artificium,
1245 3971 1300 4044 sed
