2930 4582
218 481 222 487 -
278 437 344 502 ato
434 451 612 501 nausearet
636 454 662 499 e.
689 454 844 516 rancun,
870 449 946 500 rans
968 457 1011 514 11,
1036 455 1120 498 secr.
1147 457 1170 496 1.

277 557 398 625 iratus
411 556 476 626 Sed
496 557 709 648 posteaquam
731 555 823 625 venit
847 554 923 642 ille,
942 553 1156 648 laboremque
1185 550 1317 622 illorum

277 663 314 731 in
326 661 531 732 cicatricibus
543 663 628 731 sicut
641 660 756 730 artifex
770 660 866 747 vidit,
881 661 960 730 boui
974 661 1036 731 viri
1048 658 1183 730 functus
1195 659 1315 745 officio,

276 771 437 864 persuasit
451 769 577 838 homini
591 781 630 836 ut
643 766 691 835 illi
707 768 816 868 poti-irs
831 767 935 860 quiin
950 789 989 836 eo
1001 766 1129 835 tantiam
1145 765 1317 835 laborave-

276 892 367 964 rant,
389 878 552 971 quantiam
567 877 637 968 ipse
652 875 827 966 inspiciens
846 875 1038 961 mirabatur,
1058 875 1235 944 curationis
1251 898 1317 942 suae

277 987 344 1054 fine
368 983 576 1069 fruerentur,
594 981 745 1075 adjiciens
768 981 860 1074 quod
876 984 986 1051 reveri
1007 983 1070 1050 nisi
1085 995 1191 1051 sectus
1216 995 1323 1074 esset,

276 1093 384 1164 salvus
399 1113 468 1160 esse
483 1112 552 1158 non
567 1101 697 1180 posset;
714 1086 772 1156 se'd
787 1085 883 1157 valde
900 1087 1074 1157 abhorrere
1099 1091 1117 1156 'a
1134 1089 1199 1157 suis
1218 1087 1318 1156 mori-

277 1199 361 1282 bus,
389 1210 427 1265 ut
450 1194 641 1264 bominibus
670 1215 812 1286 quorum
840 1194 1136 1263 artificiosissimam
1162 1217 1316 1286 operam,

278 1302 494 1385 industriam,
526 1297 731 1390 diligentiam
761 1297 925 1368 admirans
955 1299 990 1366 in
1016 1299 1221 1368 cicatricibus
1253 1302 1320 1392 ejus

216 1469 219 1474 ,
280 1409 428 1494 videret,
446 1419 581 1498 propter
602 1406 755 1495 exiguum
774 1404 865 1496 quod
885 1405 1059 1491 remansit,
1078 1405 1221 1498 palmam
1239 1406 1321 1475 tanti

280 1515 403 1584 laboris
418 1512 573 1582 auferret
594 1508 727 1578 Redditi
744 1523 821 1577 sunt
840 1509 951 1578 animo
970 1512 1057 1602 ejus,
1080 1525 1113 1579 et
1128 1510 1253 1602 placuit
1270 1527 1319 1596 ut,

282 1624 399 1694 eodem
409 1617 631 1691 Alexandrino
643 1617 821 1703 assistente,
835 1617 897 1709 ipsi
909 1617 1018 1686 sinain
1030 1616 1123 1686 illum
1140 1619 1244 1704 ferro,
1266 1619 1322 1712 qui

278 1733 347 1823 jbm
363 1749 521 1798 consensu
539 1724 687 1793 omnium
700 1723 793 1792 aliter
809 1723 998 1794 insanabilis
1014 1723 1205 1816 putabatur,
1222 1727 1323 1817 aperi·

282 1849 366 1905 rent.
383 1839 465 1918 Quae
481 1855 531 1902 res
546 1829 646 1900 dilata
665 1843 715 1924 est
728 1830 763 1899 in
782 1825 1038 1922 consequentem
1053 1829 1151 1900 diem.
1172 1831 1238 1901 Sed
1249 1832 1324 1901 clun

284 1942 439 2012 abiissent
460 1937 524 2024 illi,
553 1960 593 2005 ex
615 1959 757 2005 moerore
782 1935 885 2004 nimio
915 1936 1040 2005 domini
1066 1950 1178 2006 tantus
1207 1951 1256 2008 est
1290 1939 1324 2006 in

284 2049 384 2119 domo
398 2047 455 2118 illu
469 2058 599 2114 exortus
613 2041 728 2127 dolor,
745 2055 784 2110 ut
797 2045 956 2135 tanquam
970 2041 1093 2112 funeris
1107 2043 1257 2135 planctus
1273 2045 1325 2115 vix

284 2156 554 2248 comprimeretur
577 2151 718 2221 anobis.
745 2151 929 2220 Visitabant
952 2175 1028 2220 eum
1051 2152 1199 2245 quotidie
1223 2153 1326 2222 sancti

284 2263 365 2350 viri,
383 2261 553 2356 episeopus
573 2271 655 2327 tunc
676 2255 850 2345 Uzalensis,
873 2257 979 2327 beatae
994 2259 1160 2328 memoriae
1178 2259 1326 2330 Saturni-

285 2396 360 2456 nus,
378 2383 412 2438 et
425 2367 598 2461 presbyter
614 2363 767 2450 Gelosus,
785 2387 823 2433 ac
838 2363 967 2435 diaconi
982 2366 1246 2458 carthaginensis
1270 2390 1326 2437 ec·-

285 2477 393 2554 clesiae
419 2501 428 2544 a
454 2474 489 2542 in
512 2472 633 2566 quibus
653 2485 733 2556 erat,
750 2483 784 2539 et
804 2493 844 2539 ex
868 2471 989 2564 quibus
1012 2471 1100 2542 solus
1116 2485 1165 2541 est
1186 2475 1326 2542 nuncin

287 2585 386 2653 rebus
395 2579 560 2663 humanis,
570 2580 639 2670 jim
653 2579 823 2669 episcopus
838 2601 916 2646 eum
929 2579 1055 2648 bonore
1069 2582 1089 2648 b
1103 2579 1199 2650 nobis
1215 2579 1326 2650 debito

287 2683 508 2760 nominandus
535 2683 704 2770 Aurelius,
733 2707 810 2752 cum
837 2708 905 2777 quo
930 2685 1137 2755 recordantes
1166 2685 1328 2755 mirabilia

287 2821 385 2892 opera
401 2795 472 2881 Dei,
487 2792 528 2863 de
545 2793 606 2862 hale
619 2815 655 2860 re
664 2792 750 2884 saepe
765 2790 919 2862 collocuti
933 2815 1057 2880 sumus,
1076 2815 1220 2887 eumque
1232 2793 1327 2864 valde

287 2903 491 2989 meminisse,
513 2899 606 2995 quod
622 2922 933 2986 commemoramus,
954 2901 1150 2970 invenimus.
1173 2901 1331 2984 Quicum

200 3084 204 3089 ,
287 3037 381 3098 eum,
404 3011 488 3079 sicut
503 3007 669 3092 solebant,
687 3006 820 3096 vespere
835 3007 1022 3091 visitarent,
1040 3009 1166 3098 rogavit
1189 3029 1244 3077 eos
1266 3008 1327 3077 mi·

287 3103 480 3192 serabilibus
494 3113 663 3204 lacrymis,
682 3126 721 3182 ut
732 3113 827 3180 mane
843 3111 1056 3204 dignarentur
1072 3137 1140 3204 esse
1152 3129 1328 3206 praesentes

234 3313 237 3322 Δ
288 3251 349 3298 suo
372 3222 481 3292 funeri
495 3219 605 3314 potitis
623 3222 725 3313 quim
741 3219 858 3289 dolori.
884 3224 1006 3294 Tantus
1023 3221 1110 3290 enim
1131 3242 1208 3307 eum
1224 3238 1329 3293 metus

288 3359 329 3405 ex
344 3331 508 3427 prioribus
523 3330 685 3400 invaserat
697 3329 818 3421 poenis,
834 3342 873 3398 ut
887 3351 921 3399 se
935 3317 1021 3398 inter
1036 3329 1241 3401 medicorum
1259 3357 1328 3401 ma-

288 3465 351 3512 nus
371 3463 439 3510 non
464 3437 630 3508 dubitaret
650 3458 718 3503 esse
738 3435 946 3504 moriturum.
963 3437 1131 3507 Consolati
1153 3453 1231 3508 sunt
1253 3439 1333 3508 eum

288 3550 349 3637 illi,
367 3561 401 3617 et
415 3543 536 3616 hortati
551 3557 589 3612 ut
605 3543 641 3611 in
656 3546 725 3610 Deo
739 3541 867 3628 fideret,
885 3543 1019 3636 ejusque
1036 3542 1242 3614 voluntatem
1257 3545 1330 3614 viri·

176 3650 180 3662 ’
288 3659 363 3730 liter
379 3655 490 3725 serret.
504 3649 587 3721 Inde
599 3649 643 3718 ad
658 3649 839 3718 orationem
853 3650 989 3742 ingressi
1006 3675 1119 3722 sumus
1138 3683 1145 3723 :
1164 3653 1223 3723 ubi
1235 3653 1329 3724 nobis

291 3793 332 3838 ex
346 3785 439 3833 more
458 3783 566 3852 genua
589 3756 787 3848 figentibus,
804 3771 903 3850 atque
920 3758 1187 3830 incumbentibus
1210 3775 1327 3848 terrae,

287 3873 344 3942 ille
360 3893 393 3940 se
405 3869 450 3938 ita
461 3865 617 3958 projecit,
635 3865 794 3956 tanquam
805 3863 919 3933 luisset
934 3863 1045 3958 aliquo
1056 3865 1246 3959 impellente
1259 3893 1329 3960 gra·

287 3978 375 4051 viter
398 3983 596 4068 prostratus,
624 3983 659 4041 et
684 3969 789 4064 coepit
813 3991 906 4041 orare
933 3971 1088 4066 :quibus
1113 3971 1239 4062 modis,
1262 3995 1329 4070 quo
