2984 4580
225 423 287 502 358
370 429 549 480 suenorum
571 429 597 476 s.
623 429 774 489 etenum,
797 428 873 476 atas
893 433 941 496 rr,
966 428 1050 476 secr.
1073 433 1097 480 t.

119 577 122 589 =
224 540 258 608 in
280 536 358 628 suga
383 555 509 604 omnes.
531 530 595 600 Ubi
613 529 778 599 eunuchi?
797 552 910 600 omnes
924 553 994 601 sese
1011 519 1268 624 pmripubrunts

223 643 288 714 Ubi
307 637 426 711 amici?
441 637 547 708 larvas
563 634 746 728 ponebant.
768 634 833 704 Ubi
852 633 994 706 domus?
1008 633 1261 709 claudebantur.

221 750 286 821 Ubi
306 743 474 842 pecuniae?
495 764 609 842 earum
630 764 794 835 possessor
812 741 952 834 aufugit.
982 747 1026 814 Et
1048 743 1108 814 ubi
1129 744 1264 816 tandem

157 921 163 934 ,
221 853 392 950 pecuniae?
408 849 546 920 defossae
561 861 649 918 sunt.
669 847 812 918 Ubinbm
826 847 1023 918 reconditae?
1037 848 1125 922 Nirm
1145 848 1264 922 molet-

220 976 274 1032 tus
288 959 383 1031 vobis
398 959 491 1027 sum?
505 954 587 1026 niun
607 975 764 1026 onerosus
779 953 860 1022 diurn
881 977 1010 1047 semper
1023 953 1119 1040 dico,
1135 955 1264 1030 divitias

221 1090 288 1153 eos,
306 1065 365 1159 qui
381 1063 458 1157 ipsis
473 1061 560 1130 male
575 1072 729 1144 utuntur,
746 1057 906 1151 prodere?
922 1060 1014 1130 venit
1028 1073 1179 1154 tempus,
1196 1066 1265 1156 qub

220 1175 400 1248 vorborum
413 1169 533 1240 veritas
546 1165 783 1238 ostenderetur.
810 1167 898 1250 Quid
911 1189 964 1237 eas
977 1167 1115 1254 retines,
1133 1193 1211 1262 quae
1229 1171 1265 1240 in

220 1279 402 1352 tentatione
418 1273 502 1345 nibil
516 1289 550 1346 te
562 1276 679 1367 juvare
690 1276 846 1367 possunt?
857 1275 884 1343 si
896 1273 978 1368 quid
989 1274 1116 1345 habent
1129 1276 1261 1364 virium,

221 1387 329 1459 adsint
343 1384 403 1453 tibi
418 1383 496 1452 crim
510 1382 546 1451 in
566 1380 795 1450 necessitatem
814 1378 967 1450 incideris
986 1410 994 1452 :
1011 1381 1039 1450 si
1054 1394 1135 1451 tunc
1157 1381 1264 1452 diffu-

222 1497 329 1590 giunt,
344 1492 475 1563 cuinam
492 1489 553 1560 tibi
567 1488 641 1558 usui
657 1490 752 1557 sunt?
767 1487 846 1580 ipsae
861 1510 911 1558 res
926 1489 1154 1560 testificantur.
1169 1487 1281 1574 Quae?

221 1623 299 1672 nam
310 1623 350 1669 ex
362 1599 401 1668 iis
413 1595 559 1668 utilitas?
571 1591 671 1686 gladii
686 1593 786 1679 acuti,
804 1616 892 1664 mors
903 1593 1090 1678 imminens,
1104 1597 1264 1668 exercitus
1322 1614 1326 1618 ·

219 1710 356 1790 furens,
373 1717 424 1774 tot
442 1702 607 1772 minarum
630 1698 835 1792 expectatio:
859 1698 982 1770 divitiae
1000 1702 1079 1773 verb
1099 1705 1263 1796 nusquam

221 1823 424 1906 comparent.
442 1811 518 1893 Quo
537 1831 572 1879 se
592 1806 824 1876 subduxbmnt
837 1804 904 1884 illae
919 1804 1087 1899 fugitivae?
1106 1807 1186 1902 ipsae
1200 1810 1264 1882 tibi

220 1920 418 1995 haecomnia
435 1915 523 1986 mala
539 1916 774 2007 procurarunt,
800 1914 882 1983 etin
902 1927 1050 2008 tempore
1064 1917 1263 1987 necessitatis

219 2029 364 2120 fugiunt.
383 2025 582 2115 Quanquam
597 2045 648 2097 me
663 2021 760 2091 multi
775 2045 904 2115 semper
917 2037 1084 2114 accusant,
1102 2024 1194 2118 qubd
1209 2023 1262 2096 di-

220 2136 302 2205 vites
320 2132 505 2218 incemam:
529 2125 635 2196 atilli
659 2151 817 2220 pauperes
836 2151 964 2222 semper
986 2131 1165 2202 incessunt.
1191 2135 1262 2222 Ego

145 2226 150 2234 ¹
220 2241 299 2313 verb
320 2259 448 2330 semper
463 2236 589 2305 incesso
613 2233 751 2326 divites,
769 2258 854 2322 non,
874 2236 1027 2330 inquam,
1045 2235 1181 2324 divites,
1205 2238 1262 2310 sed

218 2371 285 2434 eos,
301 2345 359 2440 qui
374 2341 460 2414 malb
475 2341 595 2413 divitiis
609 2355 761 2412 utuntur.
783 2346 917 2435 Semper
929 2343 1017 2412 enim
1033 2344 1108 2414 dico
1123 2367 1177 2414 me
1192 2368 1261 2416 non

220 2451 384 2528 criminari
396 2449 543 2536 divitem,
557 2448 616 2520 sed
627 2472 790 2542 rapacem.
808 2449 908 2521 Aliud
922 2451 1025 2538 dives,
1043 2451 1133 2523 aliud
1148 2475 1259 2546 rapa13

215 2560 311 2636 aliud
326 2556 523 2651 opulentus,
538 2554 629 2625 aliud
643 2579 769 2626 avarus.
788 2560 853 2625 Res
867 2555 1048 2649 distingue,
1063 2583 1105 2629 ne
1117 2557 1261 2630 confun-

220 2669 278 2740 das
291 2691 348 2754 ea,
362 2689 439 2761 quae
450 2664 654 2736 commisceri
668 2688 737 2736 non
752 2678 900 2758 possunt.
918 2665 1014 2738 Dives
1030 2669 1162 2738 estnon
1181 2691 1260 2762 pro-

214 2779 330 2849 ‘hibeo
343 2779 456 2868 Rapax
466 2773 595 2844 esthon
607 2771 652 2842 do
665 2773 803 2844 crimini.
818 2776 886 2842 Tua
896 2773 1059 2866 possides?
1073 2775 1124 2844 his
1136 2773 1258 2845 fruere.

219 2885 334 2957 Aliena
354 2882 462 2974 rapis?
485 2903 555 2950 non
578 2879 669 2950 sileo.
694 2879 750 2948 Vis
773 2901 835 2972 me
849 2879 1016 2972 lapidare?
1038 2896 1171 2974 paratus
1187 2905 1260 2952 sum

218 2991 412 3084 sanguinem
426 2985 629 3079 profundere
642 3019 652 3075 3
670 2998 841 3078 peceatum
863 2987 1021 3058 duntaxat
1035 3001 1132 3058 tuum
1148 2989 1261 3083 prohi-

220 3102 295 3168 beo.
312 3100 387 3172 Non
402 3116 484 3162 euro
500 3091 587 3177 odia,
601 3115 670 3163 non
685 3090 811 3160 bellum
826 3121 834 3163 :
851 3095 1007 3164 unamihi
1017 3119 1097 3166 cura
1112 3095 1260 3167 cstaudi-

219 3220 329 3274 torum
344 3197 523 3294 profectus.
534 3197 613 3268 ·Filii
621 3197 686 3268 mei
700 3212 777 3270 sunt
785 3199 921 3293 perindb
936 3201 1053 3272 divites
1065 3218 1165 3297 atque
1177 3227 1259 3298 pau-

218 3333 310 3406 peres
330 3338 338 3381 :
353 3308 467 3379 ambos
481 3307 569 3377 enim
583 3306 697 3378 eadem
711 3308 886 3400 parturivit
900 3307 991 3380 alvus
1004 3342 1014 3402 3
1027 3311 1144 3382 iisdem
1160 3314 1258 3383 ambo

218 3418 388 3490 doloribus
412 3416 491 3486 nati.
519 3417 553 3487 Si
567 3416 679 3510 itaque
698 3439 876 3508 pauperem
892 3417 1050 3505 incessas,
1071 3431 1105 3488 te
1123 3443 1226 3512 arguo
1247 3448 1255 3494 z

217 3551 286 3598 non
298 3539 428 3596 tantum
444 3536 493 3594 est
504 3520 662 3593 damnum
679 3525 846 3622 pauperis,
857 3537 1019 3618 quantum
1034 3525 1143 3596 divitis
1157 3555 1165 3597 ε
1180 3529 1256 3596 nam
1339 3599 1349 3606 ξ

215 3656 341 3728 pauper
355 3655 423 3703 non
437 3629 582 3700 multbm
597 3628 785 3702 detrimenti
800 3632 942 3723 patitur,
960 3631 995 3702 in
1006 3633 1154 3725 pecuniis
1169 3634 1257 3705 enirn

214 3741 346 3810 laeditur
364 3769 372 3810 :
387 3752 427 3809 tu
439 3738 565 3808 verbio
580 3736 688 3806 animi
703 3735 842 3808 laederis.
860 3739 925 3820 Qui
936 3738 1008 3808 vult
1027 3737 1154 3826 caedat,
1169 3739 1256 3833 lapi·

214 3846 312 3918 dibus
327 3847 480 3939 impetat,
499 3843 576 3914 odio
599 3845 731 3915 habeat.
758 3844 894 3916 Materia
914 3845 1038 3938 quippe
1058 3869 1255 3916 coronarum

215 3951 343 4023 insidias
357 3967 433 4023 sunt
451 3982 459 4022 :
477 3951 687 4045 premiorum
702 3952 791 4041 idem
803 3974 972 4039 numerus,
990 3955 1049 4047 qui
1063 3953 1251 4050 vulnerum.
