2930 4582
202 427 428 484 carosensis
450 433 606 482 morrono
629 405 664 480 rrt'
687 429 894 484 oonnrotrmua
916 431 1084 486 tratura.
1111 425 1172 488 2³1

35 517 41 528 ⁶
136 530 313 604 extulerint
330 536 416 606 boati
432 539 587 606 Doctores
601 535 782 604 innumeris
796 533 924 606 ostendi
947 552 1054 630 posset
1073 561 1178 610 erem·

135 636 218 730 plis3
241 655 345 733 moen
370 644 499 712 tantum
517 641 719 733 seligemus,
741 641 794 710 rel
817 643 926 733 potiris
947 667 1023 736 quae
1046 647 1197 724 obviam,

135 745 280 836 primdm
295 751 485 832 occurrunt,
495 747 552 817 bic
563 747 722 816 ascribere
738 747 890 816 sufficiet.
1050 747 1053 754 ’

180 856 242 923 Hic
258 871 422 942 retractet,
440 858 499 950 qui
508 856 661 939 voluerit,
674 851 900 923 admirabilem
913 857 1016 925 sancti
1030 859 1178 950 Gregorii

134 962 329 1031 Nazianzeni
345 965 586 1046 Narrationem‚
597 961 663 1054 qud
678 961 781 1028 sancti
790 959 898 1028 Basilii
908 963 1017 1032 coram
1029 965 1179 1038 Modesto

133 1065 292 1157 praesecto
302 1071 521 1138 constantiam
536 1068 618 1138 vivis
628 1067 759 1134 exhibet
769 1065 951 1153 coloribus,
965 1081 998 1136 et
1009 1093 1110 1161 quam
1126 1095 1178 1142 su·

132 1173 242 1264 peritis
258 1175 301 1249 de
316 1175 432 1245 eodem
442 1175 559 1244 Basilio
574 1174 745 1268 loquentes
761 1173 802 1242 ad
817 1176 956 1244 verbum
971 1176 1179 1248 retulimus¹.'
1213 1217 1219 1224 ·

131 1279 186 1350 ld
200 1283 264 1352 hoc
277 1297 387 1352 autem
401 1283 589 1376 adjiciamus
605 1284 673 1351 haec
688 1283 791 1351 sancti
803 1284 938 1351 loannis
949 1284 1176 1373 chrysostomi

131 1390 317 1477 perorantis
329 1389 443 1474 verba,
462 1389 581 1481 quibus
597 1408 762 1457 conversae
782 1387 824 1456 ad
846 1386 981 1456 meliora
997 1393 1176 1462 meretricis

131 1491 285 1584 exemplo
295 1493 499 1585 desperantes
515 1493 557 1562 ad
568 1492 723 1562 fiduciam
736 1514 888 1564 revocare
899 1495 1017 1585 satagit
1031 1523 1039 1564 z

181 1625 198 1664 u
222 1599 358 1667 Etiamsi
366 1600 400 1666 in
416 1613 596 1668 extremum
612 1600 769 1692 nequitiae
783 1600 928 1692 (aliquis)
944 1599 1053 1692 lapsus
1069 1601 1121 1687 sit,
1132 1625 1175 1671 ne

130 1701 283 1793 desperet
302 1703 344 1773 de
367 1706 606 1797 resipiscentii3
626 1704 722 1775 facile
737 1707 860 1798 quippe
881 1721 930 1775 est
951 1729 991 1774 ex
1006 1705 1175 1798 prolundo

129 1811 348 1901 improbitatis
370 1821 547 1903 emergere.
571 1817 700 1880 Annon·
708 1813 826 1882 audilis
838 1811 1006 1905 quomodo
1021 1816 1176 1884 meretrix

128 1917 198 2002 illa,
219 1938 295 2010 quae
309 1917 439 1998 lascivid
457 1939 570 1987 omnes
585 1919 780 2010 superabat,
799 1943 911 1988 omnes
926 1923 1039 2011 posted
1054 1922 1175 2012 pietate

128 2025 227 2094 vicit?
238 2026 311 2096 Non
325 2023 367 2092 de
382 2022 438 2092 illa
452 2025 572 2116 loquor
583 2047 660 2118 quoe
673 2025 707 2092 in
718 2025 901 2116 Evangeliis
917 2024 1041 2115 fertur3
1059 2023 1117 2094 sed
1132 2027 1175 2094 de

128 2128 186 2200 itta
198 2150 276 2222 quae
288 2145 401 2200 nostro
414 2153 485 2199 aevo
496 2153 535 2198 ex
545 2131 724 2199 Phoenicius
734 2130 865 2199 civitate
875 2131 1024 2199 omnium
1040 2132 1174 2224 nequis-

129 2237 211 2306 sima
231 2235 306 2306 suit.
331 2235 411 2304 Haec
426 2237 550 2330 quippe
565 2236 719 2304 meretrix
741 2238 830 2328 apud
846 2257 905 2310 nos
921 2250 1008 2321 erat,
1035 2237 1174 2328 primas-

129 2365 196 2437 qno
217 2344 252 2411 in
276 2345 374 2411 scend
386 2344 529 2427 tenebat,
548 2343 641 2434 cujus
654 2362 775 2410 nomen
787 2341 913 2432 ubique
925 2341 1171 2432 celebrabatur3

106 2474 110 2479 ’
128 2473 190 2518 nec
205 2451 241 2517 in
257 2451 368 2518 nostri
390 2448 473 2516 urbe
490 2447 636 2534 mmmm,
654 2445 712 2517 sed
726 2447 830 2540 usque
850 2447 892 2517 ad
905 2448 1024 2517 Cilicas
1036 2463 1069 2518 ct
1084 2452 1173 2541 Cap-

128 2555 288 2648 padocas3
314 2554 563 2646 multorumque
590 2575 667 2646 opes
691 2555 858 2640 exhausit,
883 2553 1025 2647 pupillos
1050 2555 1173 2624 multos
1261 2565 1263 2569 ’
1291 2530 1304 2542 „

128 2663 228 2754 cepit.
247 2655 386 2730 Plurimi
404 2665 486 2730 verb
509 2679 583 2728 eam
601 2661 756 2730 maleficis
776 2663 825 2729 uti
845 2661 971 2729 artibus
991 2663 1169 2749 dicebant,

129 2791 191 2838 nec
204 2769 349 2860 corporis
365 2767 471 2837 sormi
484 2767 634 2851 tannim,
652 2769 708 2834 sed
727 2782 760 2835 et
774 2769 937 2836 veneficiis
955 2769 1036 2835 retia
1048 2785 1172 2858 espan-

129 2875 224 2944 disse.
251 2879 330 2944 Haec
355 2873 569 2967 imperatricis
596 2874 730 2966 quoque
756 2871 889 2941 fratrem
915 2873 1069 2963 irretivit3
1094 2877 1172 2942 nbm

129 2976 237 3051 multi
251 2984 283 3053 vi
298 2983 482 3071 tyrannidis
505 2979 662 3074 pollebat.
693 2979 757 3051 Sed
783 2981 930 3072 repente,
957 2980 1067 3050 nescio
1090 3003 1173 3073 quo·

129 3088 251 3162 modo:
269 3089 336 3158 imb
348 3090 452 3182 probe
467 3091 533 3158 scio
549 3089 716 3182 quomodo
727 3119 736 3176 3
747 3089 864 3180 sponte
880 3101 1016 3172 mutata,
1035 3088 1172 3180 gratiam

130 3197 189 3264 Dei
204 3195 266 3264 sibi
278 3191 467 3280 concilians,
488 3197 599 3264 omnia
613 3193 669 3262 illa
684 3195 815 3284 sprevit,
834 3217 872 3263 ac
887 3196 1039 3287 projectis
1054 3195 1174 3264 diabo-

131 3301 201 3372 licis
223 3303 404 3385 illecebriS,
425 3289 467 3370 ad
483 3301 606 3370 coelum
622 3299 772 3368 accurrit.
793 3303 993 3392 'Quanquam
1015 3301 1100 3368 nihil
1119 3293 1175 3370 ills

132 3412 260 3503 turpius
276 3424 366 3495 erat,
384 3409 511 3478 crimin
531 3409 627 3476 scena
645 3421 870 3496 compareret:
894 3394 1039 3474 attamen
1054 3406 1174 3476 multae

132 3520 245 3608 postes
256 3517 404 3584 castitate
417 3513 600 3605 superavit,
622 3511 794 3602 cilicioque
814 3511 929 3578 induta
949 3533 1046 3580 omne
1062 3513 1179 3580 transi-

134 3623 232 3714 gebat
243 3635 384 3714 tempus.
401 3623 507 3714 Hujus
520 3618 711 3688 revocandae
722 3619 819 3686 causi
830 3615 1033 3709 praefectust
1044 3617 1177 3710 quibus-

134 3729 210 3800 dam
224 3729 405 3798 concitatus
421 3740 480 3811 est,
496 3721 617 3794 milites
631 3726 747 3794 armati
763 3726 806 3794 ad
818 3749 947 3794 scenam
965 3723 1055 3792 illam
1072 3737 1179 3792 trans-

136 3837 221 3908 serre
235 3861 303 3905 non
319 3836 510 3928 potuerunt,
524 3859 632 3927 neque
650 3858 689 3903 ex
699 3848 789 3904 coetu
807 3835 984 3926 virginum,
1002 3833 1176 3924 quasillum

177 3977 182 4002 ¹
197 3969 264 4015 Tem.
275 3983 293 4029 r,
306 3964 353 4016 vit.
366 3966 390 4014 S.
410 3961 478 4012 Basil.
