2992 4590
233 446 335 492 error
358 447 403 491 vr.
430 445 471 490 nn
495 429 651 491 uncnono
675 447 710 492 ut
728 445 1118 494 concrouronsmnnrrrnr.
1148 412 1211 494 lob

169 535 306 640 quisquc
321 545 470 616 nostrum
489 545 561 614 haec
573 542 728 629 audiens,
745 546 991 635 congratulatur
1008 547 1094 640 ipsi,
1112 567 1149 617 ac
1166 547 1209 617 de

168 654 235 746 ejus
247 652 335 722 recte
359 651 454 722 factis
466 651 615 736 laetatur,
634 651 791 744 omnique
806 651 940 722 crimine
961 653 1100 724 liberam
1115 653 1208 725 illam

88 755 92 758 ’
168 769 273 853 putat.
293 758 393 842 and
409 759 519 844 sinos,
537 758 596 852 qui
612 754 693 826 mali
706 779 837 844 sumus,
854 759 944 829 bunc
957 761 1123 831 calculum
1135 761 1215 832 feri·

167 888 256 952 mus,
267 867 378 958 cogita
393 879 553 959 quantam
569 863 732 956 acceperit
741 864 890 955 gratiam,
906 879 939 965 et
951 881 1075 960 quanta
1090 889 1213 960 expoea

133 977 136 980 ’
167 974 317 1060 nitentia,
337 973 436 1042 etiam
446 974 771 1065 antequbmmunera
781 969 839 1040 illa
850 973 1129 1066 acciperet,aDeo
1139 997 1217 1044 con·

63 1169 65 1173 v
166 1095 278 1150 secuta
302 1081 345 1150 sit
360 1080 462 1149 bona.
481 1079 582 1149 'Sicut
597 1079 684 1148 enim
706 1091 781 1172 post
799 1081 1011 1149 vehementes
1026 1079 1148 1149 imbres
1163 1086 1217 1150 abr

165 1211 269 1281 purus
281 1187 426 1256 efficitur
440 1239 449 1272 ,
461 1187 507 1255 sic
522 1197 596 1280 post
608 1183 694 1254 fusas
708 1183 869 1276 lacrymas
893 1186 1043 1280 sequitur
1057 1185 1218 1281 tranquil·

164 1293 240 1364 litas
256 1309 290 1364 ct
315 1293 493 1379 serenitas,
518 1307 794 1386 peccatorumque
813 1295 960 1364 tenebrae
981 1296 1153 1386 fugantur.
1171 1298 1216 1364 Et

165 1402 253 1471 sicut
269 1423 308 1470 ex
335 1402 420 1493 aqut
441 1414 474 1468 et
487 1399 621 1492 spiritu,
647 1399 693 1470 sic
715 1423 754 1469 ex
780 1399 932 1491 lacrymis
960 1415 995 1472 et
1012 1397 1215 1472 confessione

166 1529 368 1600 purgamur,
391 1504 490 1576 modb
505 1529 574 1575 non
595 1505 639 1575 ad
656 1507 910 1577 ostentationem
927 1521 960 1577 ct
979 1505 1113 1577 laudem
1134 1531 1214 1601 cap·

166 1613 302 1682 tandem
313 1611 348 1680 id
363 1610 530 1681 faciamus.
549 1615 721 1706 Numquae
737 1614 798 1682 baie
815 1613 857 1682 de
877 1615 975 1684 cansl
986 1611 1213 1704 lacrymatur,

164 1719 266 1810 magis
278 1718 442 1812 culpanda
459 1734 526 1804 est,
541 1722 642 1812 quam
653 1741 704 1805 ea,
719 1743 794 1812 quae
811 1719 889 1790 fuco
906 1735 939 1790 et
954 1721 1132 1813 pigmentis
1146 1743 1215 1791 sese

164 1825 295 1895 oblinit.
309 1824 385 1894 Illas
399 1825 487 1893 enim
504 1820 634 1917 requiro
651 1823 830 1915 lacrymas,
841 1849 917 1919 quac
929 1849 997 1897 non
1016 1825 1058 1894 ad
1076 1839 1216 1896 ostenta·

167 1933 289 2002 tionem
304 1983 313 2016 ,
331 1931 389 2000 sed
404 1930 447 2000 ad
462 1931 749 2023 compunctionem
763 1929 972 2018 funduntur,
991 1955 1067 2025 quae
1084 1932 1213 2003 occulte

164 2041 200 2108 in
215 2037 392 2125 cubiculis,
418 2037 512 2109 nullo
537 2053 639 2124 teste,
660 2063 736 2132 quae
760 2039 871 2131 quiete
891 2039 961 2107 sine
982 2041 1121 2131 strepitu
1145 2061 1215 2108 ma-

166 2160 264 2231 nant,
295 2170 371 2238 quae
398 2169 435 2214 cx
456 2146 574 2215 intimo
595 2144 719 2230 cordis,
749 2169 788 2213 ex
826 2147 1002 2216 afflictione
1028 2161 1061 2216 ct
1082 2145 1212 2234 dolore,

166 2275 242 2347 quac
250 2255 389 2346 propter
401 2253 507 2322 Deum
527 2251 736 2337 emittuntur,
754 2249 867 2345 quales
881 2266 976 2321 erant
989 2257 1094 2322 Annae
1109 2252 1216 2342 lacry-

165 2363 256 2429 mae:
285 2356 383 2454 Ejus
406 2357 501 2426 emin
518 2353 620 2426 labia
628 2410 642 2444 ,
664 2357 775 2449 inquit
800 2360 989 2450 Scriptura,
1019 2355 1215 2430 moueban-

168 2481 247 2554 tur,
274 2479 310 2535 et
338 2488 412 2534 oon·
434 2487 507 2534 non
534 2460 786 2534 audiebatur&
812 2465 936 2536 Verum
957 2465 1111 2556 lacrymae
1138 2465 1215 2537 solae

167 2575 250 2644 tubal
265 2573 435 2672 clariorem
463 2571 658 2641 emittebant
680 2593 814 2663 vocem,
837 2571 979 2667 idebquc
999 2573 1130 2643 vulvam
1145 2579 1215 2671 ejus

167 2680 299 2774 aperuit
308 2683 415 2765 Deus,
436 2691 470 2746 et
485 2677 606 2746 durum
622 2683 733 2746 saxum
749 2681 784 2746 in
794 2703 910 2770 agrum
920 2679 1060 2750 fertilem
1072 2684 1178 2752 vertit.

217 2815 232 2852 a
261 2787 348 2856 Situ
375 2806 511 2878 quoque
527 2783 572 2853 sic
605 2781 816 2872 lacrymeris,
843 2787 973 2852 Domini
1000 2787 1048 2852 tui
1072 2788 1216 2858 inritator

166 2893 307 2962 effectus
319 2915 364 2962 es.
379 2895 462 2962 Nam
475 2890 589 2982 etipse
599 2887 799 2978 lacrymatus
810 2903 858 2957 est
868 2902 901 2957 et
911 2887 954 2958 de
965 2893 1118 2978 Lazaro²,
1129 2906 1163 2961 et
1174 2893 1216 2964 de

165 3001 320 3085 civitate,
345 3015 378 3069 et
402 3000 487 3068 circa
506 2997 627 3068 ludam
660 2995 811 3068 turbatus
833 2999 916 3068 est³.
945 2995 1092 3090 ldipsum
1116 3005 1215 3092 porro

166 3105 280 3177 videre
299 3117 348 3173 est
363 3106 449 3197 saepb
461 3103 653 3191 facientem,
672 3099 836 3173 ridentem
852 3106 929 3174 verb
942 3107 1128 3198 nusquam,
1148 3106 1215 3174 imb

167 3236 211 3282 ne
226 3210 453 3281 subridentem
463 3209 615 3304 quidem,
629 3210 739 3279 nullus
749 3213 836 3280 certe
847 3213 910 3281 hoc
919 3212 1126 3304 Evangelista
1138 3237 1215 3296 nar-

168 3319 263 3388 ravit.
297 3317 445 3410 ldebque
467 3331 511 3404 ¹et
539 3315 678 3385 Paulum
707 3317 853 3403 ssevissc,
888 3342 925 3386 ac
952 3341 1011 3408 per
1035 3319 1214 3392 triennium

168 3439 267 3496 nocte
282 3437 317 3492 et
332 3422 385 3493 dic
395 3423 680 3516 ¹idipsumfecisse,
696 3423 910 3514 etipsectalii
920 3423 961 3491 de
972 3423 1043 3516 ipso
1055 3426 1212 3496 narrant:

168 3529 262 3626 qubd
277 3543 388 3599 autern
402 3529 524 3613 riserit,
543 3551 604 3597 nec
613 3529 700 3619 ipse,
718 3551 780 3596 nec
796 3527 878 3597 alius
893 3543 1081 3598 sanctorum
1094 3529 1215 3624 deipso

169 3637 269 3723 dixit,
287 3636 353 3705 imo
366 3659 427 3705 nec
452 3637 494 3704 dc
513 3633 583 3702 aliis
597 3634 660 3725 ipsi
681 3633 850 3704 similibus.
867 3641 915 3704 Dc
932 3639 1010 3706 Sara
1032 3635 1163 3705 tantiam
1179 3639 1214 3710 id

170 3755 343 3828 narratur,
361 3739 495 3836 quandb
510 3753 660 3832 correpta
683 3738 760 3826 fuit,
778 3755 811 3810 et
833 3741 875 3811 de
890 3740 959 3812 filio
981 3745 1064 3830 Noe,
1080 3737 1213 3836 quando

171 3872 213 3919 cx
224 3849 328 3920 libero
344 3868 454 3920 servus
468 3848 604 3918 effectus
620 3861 679 3918 cst.
695 3852 774 3917 Hace
790 3863 901 3919 autern
917 3849 1009 3939 dico,
1028 3875 1096 3921 non
1113 3865 1151 3921 ut
1167 3853 1212 3921 ri·

209 3989 218 4016 ¹
235 3997 244 4030 ι
260 3983 319 4046 ling.
333 3997 352 4046 r,
368 3979 406 4031 ιδ.
423 4003 453 4016 -
468 3981 561 4029 ²Joan.
575 3994 611 4044 ιι,
624 3976 666 4045 35,
678 4001 709 4014 -
724 3975 736 4016 ²
749 3981 806 4030 Luc.
821 3995 873 4045 ιιι,
884 3977 926 4044 ln.
