2984 4580
275 391 342 456 396
430 407 610 456 rnrorrcr
632 405 660 453 s.
683 403 838 468 nanu,
862 401 941 457 ιω
961 405 1010 465 ιι,
1032 405 1118 449 saer.
1141 405 1168 446 r.

273 511 333 606 qni
353 509 461 580 multa
479 523 614 603 peccata
633 506 839 592 admisimus,
862 529 980 599 poeuas
1000 528 1070 576 nou
1092 505 1228 595 damus,
1252 505 1318 576 nisi

273 620 361 690 enim
377 617 602 703 immutemur,
614 616 792 709 puniemur
802 614 895 684 hand
908 614 1020 684 dubie.
1032 617 1157 700 Etcur,
1173 613 1316 707 inquies,

273 726 311 796 in
329 737 493 794 aeternnm
505 723 680 816 punimur,
697 722 775 793 cirm
789 722 845 792 hic
859 721 951 792 brevi
968 735 1115 814 ternpore
1129 721 1318 814 pecaren-

274 833 371 902 mus‘l
386 833 461 914 Quo
475 843 573 924 paeto
593 831 711 914 horno,
728 829 788 922 qui
800 829 856 898 hic
873 829 1065 899 brevissimo
1083 843 1234 921 tempore
1252 852 1319 898 em·

275 937 352 1008 dem
374 939 536 1031 patrarit,
558 939 595 1006 in
618 950 817 1030 perpetuum
839 934 883 1004 ad
903 934 1038 1006 metalla
1051 933 1250 1005 damnatur?
1274 940 1320 1005 At

275 1050 383 1134 Deus,
399 1047 543 1140 inquies,
560 1069 612 1116 res
623 1043 816 1138 hujusmodi
830 1067 900 1113 non
913 1041 1003 1114 lacit.
1017 1046 1087 1114 Gur
1096 1045 1211 1137 itaque
1221 1067 1319 1136 para-

275 1155 415 1246 lyticum
429 1155 564 1248 triginta
579 1169 656 1225 octo
671 1155 765 1224 aunis
776 1155 814 1222 iu
827 1155 920 1222 tanta
930 1154 1032 1246 poena
1039 1150 1206 1221 definmt?
1220 1150 1321 1235 Quod

275 1263 366 1332 euim
385 1276 595 1356 peccatorum
609 1263 708 1332 eausa
721 1261 816 1330 illum
830 1261 996 1353 punierit,
1014 1258 1093 1328 andi
1107 1257 1190 1352 qnid
1201 1259 1292 1328 dicat
1309 1289 1318 1330 ε

275 1366 378 1439 Ecce
392 1367 640 1464 sanusfactrcs
656 1393 707 1454 cs,
723 1365 802 1438 noli
819 1365 979 1460 amplius
989 1390 1169 1460 peccare,
1189 1390 1237 1436 ne
1256 1363 1323 1434 tibi

276 1473 367 1569 qru'd
379 1473 537 1547 deterius
557 1477 747 1572 contingat
772 1479 796 1544 ¹.
822 1481 996 1561 Attamen,
1012 1475 1163 1570 inquies,
1180 1474 1321 1546 solutio-

276 1607 353 1654 nem
368 1583 504 1654 invenit.
531 1582 604 1653 Illic
626 1585 705 1653 vero
727 1582 856 1652 nonita
877 1605 984 1651 seres
1008 1581 1193 1651 habebunt.
1220 1581 1320 1664 Qndd

276 1691 366 1760 enim
386 1691 487 1760 finem
519 1713 588 1760 non
610 1689 764 1760 habitura
785 1689 872 1774 sint,
899 1689 978 1760 andi
1000 1687 1096 1758 illum
1122 1687 1317 1758 dicentem:

236 1878 240 1887 ¹
279 1795 323 1869 V
320 1798 428 1866 annis
440 1820 564 1868 eoram
577 1819 652 1866 non
661 1797 845 1882 morietur,
859 1797 954 1892 ignis
963 1820 1037 1866 non
1049 1795 1319 1890 ectinguemr²;

276 1917 326 1991 et,
338 1901 453 1974 Ibunt
471 1901 513 1973 lzi
525 1904 564 1973 in
578 1906 692 1974 citam
712 1917 906 1989 oetcmam,
925 1917 961 1973 et
974 1903 1036 1972 isti
1049 1903 1088 1971 in
1102 1900 1318 1995 supplicum

276 2021 450 2082 tetenurm
465 2013 491 2078 ³.
507 2011 542 2080 Si
552 2011 631 2102 crgo
645 2010 714 2080 vita
732 2023 856 2080 aeterna
867 2024 933 2095 est,
947 2009 1145 2102 supplicium
1157 2023 1207 2078 est
1219 2022 1317 2078 acter-

275 2121 451 2190 numNon
459 2117 550 2188 vides
557 2131 682 2211 quanta
688 2119 907 2188 comminatus
915 2116 1174 2188 otrudaeistrn
1181 2116 1236 2186 illa
1243 2140 1319 2186 cve-

274 2224 409 2312 nerunt,
424 2235 483 2296 aut
496 2223 598 2294 verba
612 2224 744 2295 tantlrm
757 2219 834 2294 data
848 2222 965 2294 fuere?
977 2222 1020 2296 Ν
1020 2246 1068 2294 on
1082 2220 1245 2293 manebit
1262 2221 1318 2292 Ia-

272 2333 331 2424 pis
350 2354 461 2425 super
483 2327 644 2424 lapidem
664 2333 690 2399 ⁴.
709 2331 799 2403 Num
817 2332 956 2400 mansit?
976 2331 1063 2414 Quid
1084 2333 1163 2400 vero
1184 2329 1318 2424 quandd

274 2437 382 2508 dixit:
398 2436 487 2508 Erit
499 2434 687 2511 tribulatio
705 2435 826 2528 qualr's
840 2436 1045 2534 nonfuit‘?
1060 2441 1183 2506 Annon
1194 2436 1230 2506 id
1240 2459 1317 2507 eve-

274 2543 343 2612 nit?
360 2547 448 2632 Lege
464 2543 634 2611 historiam
648 2543 803 2633 Josephi,
826 2555 859 2612 ct
874 2544 928 2611 vix
949 2543 1108 2634 respirare
1128 2544 1270 2636 poteris,
1291 2543 1318 2612 si

234 2739 239 2750 ι
274 2646 382 2718 solnm
398 2645 510 2718 audias
525 2671 602 2742 quae
613 2647 660 2717 illi
673 2648 724 2718 his
739 2649 781 2718 de
802 2650 906 2718 causis
921 2651 1007 2742 passi
1021 2665 1110 2720 sunt.
1130 2654 1210 2720 llaec
1224 2649 1315 2737 dico,

274 2778 343 2826 non
358 2769 398 2825 ut
412 2778 554 2826 moerore
569 2756 729 2844 afficiam,
743 2757 800 2826 scd
815 2770 854 2826 ut
864 2757 1025 2828 cautiores
1037 2757 1191 2844 reddam,
1209 2783 1252 2828 ne
1267 2783 1318 2828 sn·

273 2862 400 2956 perflue
424 2886 482 2934 vos
510 2863 701 2934 demulcens
726 2863 769 2932 ad
793 2865 939 2954 graviora
961 2863 1116 2956 patienda
1140 2863 1315 2934 deducam.

272 2971 356 3042 Nam
368 2992 439 3055 cur,
453 2993 578 3063 quaeso,
591 2991 660 3039 non
675 2967 793 3058 dignus
806 2993 839 3040 es
850 2969 1011 3062 supplicio
1023 2970 1100 3040 crim
1110 2975 1318 3063 peccastnn-

273 3095 343 3146 non
355 3077 464 3148 omnia
479 3075 541 3144 tibi
552 3073 722 3166 praedixit?
736 3079 854 3147 Nonne
870 3079 1014 3149 minatus
1033 3082 1101 3148 cst?
1117 3103 1231 3150 nonne
1250 3094 1317 3148 ter·

273 3181 360 3252 ruit?
375 3203 486 3251 nonne
510 3181 683 3252 innumera
700 3205 761 3276 pro
787 3182 892 3254 salute
912 3188 970 3256 tud
986 3185 1085 3256 lecit?
1100 3210 1219 3268 nonne
1225 3187 1316 3258 lava·

272 3312 368 3360 crum
388 3288 641 3380 regenerationis
659 3288 767 3376 dedit,
786 3304 819 3360 et
834 3293 943 3385 priora
964 3295 1074 3364 omnia
1095 3293 1318 3364 condonavit?

200 3467 203 3474 .
272 3421 385 3470 nonne
405 3412 480 3491 post
499 3399 723 3470 remissionem
738 3403 772 3470 e‘t
792 3399 977 3490 lavacrum,
997 3403 1205 3496 poenitentiae
1221 3425 1317 3496 opem

272 3505 333 3578 tibi
346 3507 495 3599 peccanti
511 3505 623 3578 dedit?
635 3530 746 3578 nonne
761 3510 860 3578 etiam
880 3513 993 3603 postca
1008 3509 1138 3582 facilem
1153 3511 1216 3580 tihi
1231 3512 1317 3582 viam

272 3611 351 3684 lecit
366 3612 409 3684 ad
423 3613 646 3686 remissionem
661 3619 890 3707 peccatorum?

313 3721 430 3792 »Audi
455 3715 555 3814 igitur
574 3745 650 3814 quae
671 3725 885 3815 praeceperit:
905 3719 949 3792 Si
965 3717 1128 3794 dimittas
1141 3725 1315 3814 proxr'rrw

308 3865 399 3918 'luen
409 3881 434 3931 r,
448 3864 487 3931 rl.
502 3891 534 3903 -
546 3873 556 3901 ²
569 3867 649 3920 Marc.
662 3885 700 3934 rr,
714 3867 754 3934 44.
767 3865 823 3906 -3
840 3865 930 3920 Matth.
943 3883 1004 3931 xrr,
1015 3868 1057 3936 46.
1072 3896 1104 3907 -
1117 3869 1130 3920 4
1143 3873 1205 3922 Luc·
1220 3867 1314 3934 rrr,6.

273 3973 305 3986 -
319 3945 428 4004 ⁵ttatrt.
440 3963 558 4017 xuv,ar.
637 4007 640 4014 ¹
928 3975 931 3978 ·
