2982 4584
225 443 326 510 claun
349 451 395 494 vr.
414 449 455 492 nn
479 448 636 492 unruono
652 449 687 490 m
710 448 917 492 commonicus
940 445 1107 494 tnurmri.
1134 432 1197 506 435

159 545 376 616 conteramus.
391 544 611 616 Commodum
624 543 711 612 enim
727 543 837 610 omnia
853 542 970 612 adhoc
987 544 1105 616 festum
1120 571 1199 618 con·

159 668 318 736 currunt,
337 652 498 744 simulque
513 652 679 718 laetantur.
694 649 779 718 Vide
794 650 881 719 enim
897 651 1006 772 qualia
1022 653 1107 739 sint,
1122 679 1198 748 quae

159 759 262 829 oculis
286 759 537 828 offerunturd'
539 756 690 846 rinceps
700 756 778 824 anni
803 779 876 848 pars
900 759 1041 851 principi
1070 762 1199 832 dierum

158 889 311 957 pompam
329 865 471 956 peragit,
495 885 532 930 ac
548 861 712 954 quidquid
727 861 984 954 pulcherrimum
998 880 1032 934 et
1047 867 1200 936 suavissi-

161 983 252 1040 mum
268 972 390 1064 babet,
409 972 428 1038 a
448 991 481 1037 se
497 968 567 1060 ipsd
587 967 713 1036 tribuit.
728 972 822 1038 Nunc
835 969 956 1040 coelum
971 971 1175 1064 splendidius
1190 1005 1199 1065 3

160 1101 251 1147 nune
263 1077 312 1146 sol
328 1075 513 1161 sublimior,
526 1071 692 1168 aureoque
704 1075 811 1146 nitore
824 1077 1030 1169 rutilantior,
1047 1105 1137 1150 nunc
1152 1081 1203 1150 lu·

161 1207 213 1251 nae
224 1183 312 1252 orbis
324 1181 454 1265 clarior,
470 1195 504 1250 et
520 1179 662 1250 siderum
681 1181 802 1250 chorus
821 1183 944 1274 purior.
962 1188 1058 1256 Nunc
1074 1201 1107 1256 et
1122 1187 1203 1258 ssuc-

161 1305 302 1360 tuscum
320 1289 498 1372 littoribus,
517 1304 551 1358 et
565 1289 669 1357 nubes
681 1311 757 1358 cum
773 1289 852 1374 sole,
871 1305 904 1362 et
915 1293 1005 1360 venti
1018 1317 1094 1362 curn
1109 1299 1200 1382 ae're,

119 1431 130 1450 -
163 1412 196 1466 et
211 1396 296 1466 terra
314 1414 392 1465 cum
411 1396 586 1488 stirpibus,
605 1409 637 1466 et
658 1395 773 1488 stirpes
788 1419 865 1466 cum
881 1398 983 1468 oeulis
1009 1401 1044 1470 in
1066 1403 1205 1491 gratiam

163 1503 314 1571 redeunt.
327 1506 423 1571 Nunc
439 1500 544 1570 sontes
555 1501 722 1593 limpidids
737 1502 859 1588 fluunt,
872 1527 961 1574 nunc
974 1505 1112 1576 flumina
1125 1509 1206 1576 ube·
1279 1537 1281 1541 ·

165 1609 231 1678 riiis
243 1662 252 1692 ‚
266 1609 424 1678 nimirdm
437 1609 592 1699 hybernis
608 1609 747 1678 vinculis
758 1609 876 1680 soluta.
895 1615 1007 1699 Nunc,
1026 1629 1060 1684 et
1074 1625 1206 1708 pratum
1240 1681 1243 1684 .

162 1717 306 1786 suaviter
321 1715 408 1800 olet,
427 1715 548 1810 plantae
560 1715 749 1807 pullulant,
767 1730 801 1784 et
815 1719 917 1786 herba
934 1721 1153 1810 detondetur,
1172 1738 1206 1794 et

162 1823 198 1890 in
213 1824 392 1894 virentibus
408 1824 491 1892 arvis
503 1823 576 1913 agni
596 1822 752 1892 saltitant.
771 1827 867 1896 Nunc
882 1828 973 1896 navis
989 1852 1064 1898 cum
1080 1830 1207 1900 celeus·
1292 1857 1294 1860 ·

163 1929 326 2024 matibus,
344 1917 508 2022 iisqueut
532 1924 711 2022 plurimum
734 1930 793 2022 piis
815 1955 852 2000 ac
872 1931 1048 2024 religiosis,
1067 1937 1086 2004 ὲ
1106 1953 1205 2028 portu
1228 2005 1238 2012 .

164 2036 273 2121 solvit,
287 2036 444 2130 veloque,
463 2040 619 2128 tanquam
636 2037 763 2127 pennis,
777 2039 941 2130 cingitur,
960 2066 997 2111 ac
1012 2067 1071 2134 per
1087 2066 1204 2134 gyrum

164 2144 300 2212 assultat
315 2145 413 2212 etiam
429 2143 617 2234 delphinus,
626 2144 900 2236 jucundissimum
917 2150 1085 2240 quoddam
1098 2150 1206 2222 insuf-

164 2249 269 2335 ssanS,
287 2273 422 2341 seseque
439 2249 473 2316 in
493 2249 596 2316 altum
618 2250 770 2334 evehens,
787 2266 820 2320 et
836 2251 955 2342 gaudio
972 2257 1109 2346 gestiens
1128 2282 1206 2326 vec·

163 2369 250 2424 tores
280 2355 501 2454 prosequitur.
528 2359 624 2424 Nunc
652 2376 797 2426 aratrum
828 2359 969 2450 agricola
1005 2365 1204 2454 compingit,
1277 2369 1281 2379 “

164 2460 306 2531 oculos'
298 2487 332 2530 1n
357 2461 460 2530 altum
483 2460 622 2546 tollens,
647 2458 849 2560 frugumque
865 2465 1036 2559 datorem
1028 2493 1202 2571 invocans,
1254 2525 1257 2528 -

165 2591 202 2637 ac
222 2569 299 2638 bovi
316 2569 434 2660 aratori
447 2570 566 2660 jugum
581 2567 738 2636 innectit·
731 2569 954 2664 ,dulcemque
966 2573 1095 2644 sulcum
1111 2601 1204 2668 pros·

164 2675 285 2758 cindit,
304 2699 342 2744 ac
358 2698 429 2766 spes
444 2673 535 2748 laetas
557 2671 657 2740 luvet.
677 2678 774 2744 Nunc
790 2691 900 2766 pastor
915 2691 948 2744 et
968 2680 1133 2752 bubulcus
1149 2687 1205 2754 fis-

164 2781 251 2850 tulas
267 2793 401 2871 aptant,
420 2802 458 2848 ac
473 2777 634 2870 pastorale
654 2802 786 2870 carmen
800 2781 985 2872 inspirant,
1009 2799 1108 2878 atque
1120 2790 1206 2862 inter

164 2888 293 2980 plantas
309 2899 342 2954 et
358 2899 465 2978 petras
480 2908 618 2954 vernum
638 2899 768 2976 tempus
785 2887 978 2979 transigunt.
997 2895 1026 2961 N
1029 2917 1091 2962 unc
1107 2894 1204 2985 plan·

164 2991 397 3063 tarumcultor
408 2992 554 3083 plantam
571 3005 676 3076 curat,
695 3008 728 3062 et
743 3017 862 3086 auceps
876 2995 1017 3068 calamos
1032 3004 1204 3091 construit,

165 3123 202 3168 ac
223 3123 328 3168 ramos
344 3112 527 3188 suspectat,
546 3111 579 3165 et
594 3121 736 3189 pennam
751 3100 861 3169 avium
884 3102 1026 3173 studiose
1042 3106 1200 3200 explorat.

53 3217 57 3226 '
97 3293 100 3302 .
164 3211 260 3307 Nunc
280 3207 420 3297 piscator
436 3202 640 3296 profundum
657 3229 751 3300 aquae
767 3207 939 3324 perspicit,
958 3235 996 3282 ac
1017 3227 1085 3287 rete
1104 3239 1203 3286 suum

165 3299 338 3407 repurgat,
353 3327 387 3380 et
402 3313 502 3404 petris
518 3312 650 3380 insidet.

158 3449 169 3462 ⁴
211 3448 227 3484 »
252 3424 347 3490 Nunc
363 3417 487 3488 sedulae
500 3439 595 3508 apes,
613 3415 726 3484 solutis
743 3416 878 3508 pennis.
894 3431 927 3486 et
939 3420 1057 3492 relictis
1072 3423 1205 3498 alveari·

163 3527 238 3610 bus,
253 3525 420 3615 sapientiae
431 3549 499 3596 suae
513 3525 749 3592 documentum
766 3523 926 3616 praebent,
941 3541 1040 3620 atque
1055 3531 1096 3600 ad
1114 3549 1206 3625 prata

164 3629 362 3716 convolant,
386 3633 548 3726 floresque
571 3629 752 3722 diripiunt:
773 3645 806 3700 et
821 3629 893 3700 aliae
914 3633 1049 3725 quidem
1070 3638 1203 3714 cellulas
1230 3669 1232 3681 ·

166 3739 359 3821 elaborant,
381 3738 570 3830 sexangulas
595 3753 628 3808 et
650 3737 736 3806 inter
762 3761 796 3806 se
818 3739 981 3830 oppositas
1004 3742 1128 3816 fistulas
1152 3763 1204 3819 at.

166 3857 333 3926 texentes,
355 3841 523 3940 rectas'que
548 3844 649 3916 lineas
664 3841 880 3938 angularibus
893 3845 1114 3938 alternantes,
1137 3877 1205 3926 non

145 4005 147 4012 ,
167 3951 277 4026 minio
293 3947 335 4019 ad
356 3950 461 4044 operis
476 3949 691 4044 elegantiam,
714 3951 814 4046 qu'am
830 3951 873 4022 ad
884 3957 1091 4030 securitatem
1109 3986 1116 4028 :
1134 3960 1206 4032 aliae
1312 4000 1314 4005 ·

1001 4061 1053 4123 28.
