2992 4590
247 513 471 564 cinnamon
493 515 650 562 uernono
672 517 708 560 m
730 515 937 565 concinamus
959 514 1126 566 annrarrt.
1153 500 1218 564 165

180 619 305 705 vivere,
323 641 384 688 nec
399 619 418 687 d
433 615 659 709 voluptatibus
682 616 844 708 superari,
868 639 930 688 nec
950 600 1123 707 a'ventre,
1143 631 1220 688 tan-

180 729 280 822 qu'am
297 730 317 796 a
331 749 418 798 saevo
430 739 464 796 et
475 723 610 796 sordido
624 721 761 793 domino
772 723 965 813 gubernari!
980 725 1061 808 Quis
1071 729 1222 821 unquam

181 835 272 906 tanta
293 833 402 904 inedia
424 831 507 919 fuit,
526 830 612 920 pene
634 830 733 900 etiarn
757 829 911 917 dixerim,
929 831 1002 924 quis
1025 833 1094 900 tam
1117 834 1223 904 carnis

181 943 318 1034 expers?
332 941 417 1011 N'am
440 937 634 1008 voracitates
656 948 690 1004 et
707 935 889 1006 saturitates
910 934 954 1006 ad
972 959 1027 1007 eos
1047 936 1223 1031 abjecerat,

182 1049 240 1142 qui
255 1045 298 1117 ad
311 1046 488 1116 brutorum
507 1055 659 1112 naturam
670 1041 804 1134 propibs
816 1041 998 1130 accedunt,
1016 1066 1226 1138 quorumque

83 1155 88 1158 ’
182 1153 305 1227 servilis
322 1167 422 1246 atque
441 1152 477 1220 in
496 1163 616 1220 terram
631 1173 734 1242 prona
748 1149 817 1221 vita
837 1165 896 1222 est.
920 1156 995 1245 lpse
1016 1165 1127 1222 autem
1141 1150 1226 1222 nihil

183 1284 331 1347 corum,
345 1281 421 1352 quae
448 1266 524 1350 post
547 1269 659 1350 guttur
686 1256 757 1348 pari
788 1254 941 1350 deinceps
971 1259 1225 1352 honore·sunt,

182 1388 343 1458 magnum
359 1387 427 1434 esse
450 1364 618 1453 censebat,
635 1361 752 1432 verbm
772 1363 958 1433 necessariis
981 1363 1225 1452 tentaminis,

92 1533 98 1548 .
184 1472 336 1568 quandiu
346 1471 452 1556 licuit,
469 1471 569 1540 vitam
582 1468 755 1564 tolerabat,
770 1483 870 1565 atque
886 1472 977 1542 hunc
992 1470 1100 1542 solum
1111 1471 1228 1542 luxum

185 1583 297 1666 norat,
316 1578 433 1671 nempe
449 1579 467 1646 *a
482 1576 564 1648 luxu
578 1577 763 1664 abstinere,
780 1576 902 1648 nec'ob
918 1600 989 1648 eam
1001 1600 1133 1648 causam
1149 1577 1229 1671 plu-

150 1730 154 1740 *
184 1687 277 1756 ribus
299 1685 396 1754 rebus
417 1683 586 1776 indigere3
617 1683 676 1753 sed
689 1680 760 1752 lilia
775 1697 809 1752 et
832 1707 923 1770 aves,
947 1684 1069 1779 quibus
1091 1684 1230 1778 simplex

184 1807 285 1890 atque
311 1791 438 1863 artificii
468 1815 581 1886 expers
603 1789 817 1884 pulchritudo
842 1805 914 1879 est,
939 1806 973 1862 et
997 1793 1103 1862 victus
1127 1790 1232 1863 facilis

184 1915 285 1996 atque
300 1923 339 1968 ex
353 1913 502 1992 tempore
514 1897 673 1992 quaesitus
690 1951 699 1985 ,
719 1897 764 1968 ob
780 1895 893 1968 oculos
909 1899 1052 1986 habere,
1069 1897 1232 1993 quemad‘

184 2007 324 2081 moditm
340 2008 489 2080 Christus
512 2029 606 2077 meus
627 2009 777 2093 monet¹,
802 2007 861 2100 qui
881 2007 987 2078 carnis
1002 2021 1232 2100 paupertatem
1298 2043 1300 2052 v

185 2113 298 2187 nostra
313 2115 411 2185 causi
425 2113 544 2200 subiit,
559 2127 598 2183 ut
608 2137 669 2182 nos
678 2113 780 2206 ipsius
788 2113 963 2184 Divinitate
975 2113 1228 2210 locupletemur.

186 2217 272 2294 Hinc
296 2219 346 2290 illi
360 2221 472 2290 tunica
487 2243 554 2288 una
570 2232 604 2288 et
627 2217 765 2311 pallium
785 2241 907 2306 unum,
933 2233 968 2289 et
989 2233 1109 2291 stratus
1135 2222 1232 2291 humi

185 2327 345 2413 lectulus,
366 2340 400 2396 ct
410 2324 543 2417 vigiliae,
561 2338 595 2394 et
607 2323 751 2411 illuvies,
769 2323 845 2411 (illa
861 2327 932 2418 ejus
947 2323 1066 2397 decora
1082 2341 1115 2397 et
1131 2351 1232 2399 orna·

186 2449 299 2506 menta
310 2437 343 2527 ,)
359 2448 392 2504 et
412 2433 600 2503 suavissima
616 2455 711 2503 coena
734 2445 768 2502 et
788 2433 983 2521 obsonium,
1006 2435 1099 2528 panis
1114 2450 1148 2507 et
1162 2436 1231 2524 sal,

186 2566 333 2628 novum,
351 2541 509 2635 inquam,
527 2538 613 2610 illud
629 2537 894 2627 condimentum,
913 2555 947 2612 et
961 2543 1054 2636 potio
1069 2542 1178 2614 sobria
1198 2557 1233 2616 et

136 2639 138 2646 ’
183 2650 367 2736 uberrima,
385 2671 487 2742 quam
503 2646 599 2717 nobis
619 2645 702 2716 nihil
716 2645 944 2718 laborantibus
968 2649 1076 2720 fontes
1091 2648 1232 2743 profun-

183 2755 280 2827 dunt.
292 2760 344 2825 Ex
352 2753 561 2850 quibuS‚imd
571 2776 649 2822 cum
657 2753 992 2845 quibus‚morborum
1000 2758 1185 2828 curationes
1193 2781 1231 2829 ac

182 2858 1233 2956 medicationespromanarunt,quodcomrnuneutriusquenos-

183 2970 274 3041 num
285 2967 432 3038 studium
445 2964 521 3036 fuit.
541 2966 723 3060 Oportebat
731 2966 818 3035 enim
830 2989 895 3053 me,
906 2966 1029 3038 crimin
1045 2966 1116 3039 aliis
1134 2971 1234 3040 rebus

184 3075 322 3148 inferior
332 3071 684 3162 essem,calamitatum
694 3071 809 3142 saltem
818 3097 947 3168 aequam
959 3090 1086 3169 partem
1096 3075 1231 3148 habere.

155 3199 167 3222 ⁴
226 3211 247 3250 *a
273 3187 394 3274 Magna
414 3205 466 3253 res
485 3181 653 3273 virginitas
678 3169 721 3250 et'
735 3179 921 3267 caelibatus,
954 3197 1053 3277 atque
1076 3184 1113 3254 in
1134 3207 1235 3276 ange·

184 3292 295 3362 lorum
310 3303 505 3382 naturaeque
527 3285 699 3378 singularis
720 3284 836 3355 ordine
851 3290 992 3376 censeri,
1015 3313 1130 3361 vereor
1145 3292 1234 3361 enim

185 3397 295 3468 dicere
315 3395 449 3481 Christi,
468 3394 546 3487 qui,
564 3393 640 3461 curn
655 3405 791 3484 propter
806 3414 866 3462 nos
883 3393 1107 3484 genitosnasci
1120 3395 1233 3485 vellet,

186 3527 226 3572 ex
239 3502 378 3594 Virgine
394 3499 551 3600 gignitpr,
569 3497 789 3587 virginitatem
803 3495 897 3568 velut
910 3497 976 3569 lata
987 3499 1061 3593 lege
1072 3505 1233 3591 sanciens,

187 3623 226 3679 ut
239 3610 319 3679 blnc
335 3606 555 3677 abducentem
565 3626 603 3672 ac
617 3602 781 3688 mundum
797 3603 1086 3696 conscindentem,
1104 3607 1157 3680 vel
1172 3633 1234 3702 po·

188 3717 269 3801 titis,
291 3711 456 3783 mundum
478 3708 698 3808 edmundum
714 3711 1012 3801 transmittentem,
1036 3729 1233 3806 praesentem

189 3820 345 3891 nimirirm
363 3819 406 3889 ad
421 3817 584 3888 luturum.
610 3814 690 3900 Quis
709 3817 809 3909 igitur
828 3820 932 3911 magis
950 3822 1050 3914 qu'am
1078 3821 1156 3911 ille,
1177 3837 1235 3894 aut

190 3928 408 4020 virginitatem
428 3925 465 3994 in
483 3923 590 4018 pretio
604 3923 739 4012 habuit,
756 3938 815 3996 aut
837 3927 928 3997 carni
948 3927 1037 4021 leges
1056 3927 1232 4022 imposuit,
1282 3933 1285 3944 “

228 4067 236 4096 ¹
251 4056 337 4110 ttattb.
352 4071 389 4122 vr,
404 4053 449 4122 26,
466 4057 492 4106 et
500 4067 568 4120 seqq.
1209 4050 1211 4054 ’
