2992 4590
279 397 341 480 168
432 403 611 481 uunroamt
634 432 659 479 s.
685 429 837 495 racanas,
863 429 940 484 atne
962 435 1009 495 11,
1034 435 1118 478 seer.
1144 435 1168 478 1.
1245 433 1248 436 ·

276 535 363 604 libus
376 549 483 622 ortus,
503 535 670 628 gloriaque
686 531 896 620 clarissimus,
913 533 1041 624 aegrotis
1059 533 1233 604 admovere
1248 555 1318 624 gra·

274 641 437 733 vabatur3
452 645 565 712 verirm
582 654 620 708 ut
632 639 747 708 fratres
763 639 1042 732 amplectebatur,
1061 663 1149 727 non,
1172 655 1211 710 ut
1230 642 1318 736 quis·
1345 675 1353 685 .

276 748 364 842 piam
373 747 509 818 sortasse
521 746 762 832 existimaverit,
779 747 911 815 inanem
921 746 1057 837 gloriam
1066 761 1215 840 captans,
1226 749 1318 842 (quis

276 856 365 924 enirn
388 854 430 923 ab
445 855 509 922 boc
524 854 646 922 affectu
663 853 854 944 remotiort)
870 853 985 924 veritur
1003 877 1062 946 per
1076 853 1320 947 philosophiam

274 983 370 1032 suam
384 961 448 1030 hoc
460 959 530 1028 aliis
542 959 766 1051 praescribens,
784 972 829 1046 ut⁸
838 957 880 1028 ad
895 983 1057 1050 aegrorum
1072 985 1248 1053 corporum
1263 985 1320 1031 cu·

217 1107 220 1112 ·
274 1069 436 1140 rationem
459 1066 613 1137 accedere
636 1059 707 1137 non
728 1082 930 1138 vererentur.
955 1071 1022 1156 It'a,
1048 1093 1117 1139 non
1142 1068 1241 1140 modb
1268 1068 1320 1140 lo-

262 1175 428 1271 quendo,
444 1175 500 1245 sed
517 1177 615 1246 etiam
631 1175 782 1262 tacende,
800 1176 971 1246 monitoris
986 1189 1094 1269 partes
1108 1176 1234 1250 obibat.
1252 1181 1320 1248 Nec

274 1285 354 1354 verb
370 1283 481 1353 civitas
493 1281 629 1376 quidem
641 1281 684 1352 ad
695 1283 786 1352 hunc
797 1283 934 1352 modum
946 1307 980 1352 se
996 1283 1142 1375 gerebat,
1157 1285 1245 1374 regio
1259 1307 1320 1353 au·-

275 1404 345 1461 tem
361 1403 461 1483 atque
475 1394 608 1458 externa
623 1388 696 1458 loca
711 1412 780 1458 non
795 1389 875 1458 item
896 1419 903 1459 :
921 1390 1003 1482 quin
1018 1389 1144 1482 potitis,
1166 1390 1321 1460 omnibus
1364 1383 1366 1386 ⁴

276 1496 392 1592 populi
411 1497 608 1590 praesulibus
628 1517 803 1568 commune
827 1497 1037 1588 benignitatis
1057 1499 1134 1590 erga
1160 1521 1321 1591 pauperes

276 1617 310 1674 et
324 1603 559 1673 munificentiae
582 1617 749 1672 certamen
763 1604 945 1696 proposuit.
969 1607 1013 1673 Et
1030 1604 1169 1674 aliorum
1185 1604 1322 1699 quidem

274 1701 392 1804 coqui,
417 1725 451 1780 et
472 1709 572 1780 lautae
597 1733 734 1798 mensae,
758 1725 791 1779 et
814 1709 1077 1804 cupediariorum
1100 1711 1263 1782 lenocinia
1289 1726 1323 1781 et

277 1807 486 1905 scitamenta,
509 1832 542 1887 et
560 1817 726 1910 elegantes
745 1841 876 1904 currus,
894 1831 926 1886 et
939 1832 1044 1888 vestes
1058 1816 1174 1914 molles
1190 1817 1323 1912 lateque

278 1925 465 1995 diffluentes
485 1955 493 1995 ι
510 1925 620 1995 Basilii
635 1939 763 2011 autem,
781 1924 913 2016 aegroti,
934 1939 967 1994 et
981 1924 1157 1994 vulnerum
1178 1926 1324 1995 curatio·

277 2056 355 2119 nes,
374 2045 407 2102 et
422 2031 543 2102 Christi
564 2031 721 2118 imitatio,
740 2055 808 2101 non
823 2031 958 2126 quidem
973 2055 1135 2119 sermone,
1153 2031 1210 2102 sed
1224 2056 1323 2126 opere

237 2211 238 2214 ,
277 2139 403 2233 lepram
414 2139 595 2231 purgantis.

325 2273 342 2311 »
369 2243 455 2328 Quid
470 2245 511 2316 ad
526 2246 598 2316 haec
620 2245 716 2315 nobis
740 2242 861 2314 dicturi
876 2259 969 2332 sunt,
988 2247 1046 2340 qui
1060 2246 1187 2335 homini
1202 2245 1324 2316 fastum
1413 2325 1419 2347 Ι

278 2351 556 2446 superciliumque
582 2353 765 2445 objiciunt?
791 2353 900 2446 Iniqui
919 2353 996 2432 saue
1022 2367 1057 2422 et
1079 2353 1189 2424 acerbi
1212 2379 1325 2424 rerum

279 2457 468 2552 hujusmodi
481 2457 620 2552 judices,
639 2461 780 2552 eosque,
802 2460 861 2552 q'ui
881 2450 1003 2549 regulae
1019 2483 1087 2530 non
1102 2475 1197 2547 sunt,
1215 2459 1256 2530 ad
1269 2485 1325 2530 re·

281 2565 391 2658 gulam
408 2565 630 2635 admoventes.
650 2570 703 2634 Au
719 2568 798 2635 verb
818 2567 889 2635 fleri
907 2581 1030 2658 potest,
1049 2581 1088 2637 ut
1105 2569 1162 2662 qui
1178 2568 1325 2661 leprosos

280 2669 506 2757 deosculetur,
524 2685 558 2773 et
571 2671 638 2741 hirc
653 2673 758 2765 usque
774 2695 808 2741 se
823 2671 991 2760 demittat,
1009 2673 1162 2746 adversus
1180 2699 1275 2746 sanos
1291 2692 1326 2747 et
1348 2677 1352 2742 ζ

279 2780 425 2852 valentes
446 2778 656 2872 supercilium
681 2779 827 2850 attollat?
849 2783 907 2874 qui
926 2805 1039 2851 carnes
1066 2785 1269 2853 continentia
1289 2799 1326 2856 et

280 2886 392 2957 incdit
408 2887 577 2973 conficiat,
599 2887 689 2956 inani
714 2888 814 2956 animi
831 2886 919 2956 fastu
941 2889 1175 2983 infleturlqni
1206 2893 1325 2962 Phari·

281 3017 384 3066 saeum
403 2992 558 3078 damnet,
587 3007 686 3085 atque
705 2992 791 3062 illius
816 3018 855 3063 ex
876 2981 1059 3088 arrogantie
1080 2996 1325 3090 depressionem

281 3113 531 3185 commemoret,
547 3112 580 3166 et
600 3101 767 3169 Christum
781 3101 862 3170 sciat
876 3099 923 3170 ad
938 3101 1077 3173 sormam
1095 3107 1199 3198 usque
1220 3107 1325 3176 servi-

280 3208 349 3276 lem
362 3228 431 3274 sese
447 3204 623 3292 demisisse,
642 3219 676 3274 et
686 3229 763 3276 cum
776 3208 962 3300 publicanis
971 3209 1169 3299 comedisse,
1187 3226 1220 3282 et
1233 3212 1326 3282 disci-

280 3311 436 3408 pulorum
452 3311 551 3404 pedes
567 3312 722 3401 abluisse,
737 3337 799 3384 nec
815 3340 946 3386 crucem
959 3319 1133 3405 recusasse,
1152 3333 1190 3389 ut
1206 3343 1325 3412 pecca-
1380 3306 1387 3316 ⁸

281 3435 354 3491 tum
373 3443 486 3489 meum
511 3421 678 3516 affigeret,
699 3425 914 3517 (quanqubm
934 3423 1015 3518 quid
1035 3426 1099 3516 boc
1119 3425 1301 3497 mirabilius
1313 3481 1340 3517 ,¹

281 3533 405 3614 Deum,
430 3529 488 3622 qui
502 3529 575 3621 capi
591 3542 690 3622 atque
705 3531 883 3621 expugnari
899 3533 1031 3624 nequit,
1057 3555 1094 3601 ac
1116 3523 1327 3626 perpessione

281 3635 372 3708 omni
391 3633 560 3704 sublimior
580 3649 639 3724 est,
653 3635 872 3727 pendentem,
890 3637 1074 3729 etquidem
1089 3662 1164 3708 cum
1184 3640 1326 3710 latroni-

207 3819 210 3824 ,
280 3743 355 3828 bus
374 3767 411 3812 ac
426 3742 697 3834 pretereuntium
708 3741 853 3812 ludibrio
868 3745 1052 3836 expositum
1064 3747 1223 3838 intuerit)
1233 3747 1327 3818 idem

279 3862 391 3919 tamen
401 3851 499 3940 suprb
511 3849 616 3918 nubes
630 3871 699 3919 sese
713 3849 840 3936 efferat,
854 3863 952 3943 atque
965 3843 1118 3923 omnibus
1128 3867 1323 3948 anteponat,

280 3953 561 4050 quemadmodum
583 3957 622 4026 iis
648 3955 797 4044 videtur,
813 3959 872 4050 qui
895 3957 996 4051 ipsius
1017 3960 1130 4032 virtuti
1150 3960 1326 4040 invident?
