2982 4584
237 422 339 468 cneum
362 427 407 468 vr.
432 425 474 467 ns
489 425 646 491 murnum>
660 424 934 490 'mlconmonrrus
956 422 1121 488 anamim.
1149 409 1209 474 {61

170 514 307 598 scientes
321 522 385 591 hoc
404 521 511 614 aptius
526 545 595 618 esse
607 534 646 596 et
653 517 694 596 ad
709 519 830 620 animae
841 521 1158 616 *philesophianbet
1169 525 1214 599 ad

167 629 313 720 corporis
324 627 569 707 naletudinem..
587 631 669 722 Haec
684 627 791 720 igitur.
808 651 868 714 nus
884 627 993 712 animo
1005 647 1211 723 reputantes,

168 748 202 806 et
216 735 329 808 futura
350 737 438 810 hana
456 736 592 810 assidue.
601 736 640 804 in
655 735 750 806 nobis
765 751 932 813 versantes
941 740 992 826 ,a
1007 739 1106 813 rebus
1124 764 1212 832 prae-

168 844 314 915 sentibus
331 842 569 937 ,abscedamum
584 855 624 914 ut
637 840 693 912 illa
708 841 821 915 sutura
836 867 1091 939 consequamur,
1111 849 1214 938 gratid

166 963 201 1020 et
214 950 419 1043 benignitate
434 949 567 1040 meini
579 949 682 1020 nostri
692 953 770 1024 Jesn
786 951 1092 1046 christianamque
1105 953 1210 1048 Patri,
1327 1039 1329 1042 ¹

166 1060 299 1152 unaque
321 1056 457 1151 Spiritui
472 1070 607 1143 sancto,
627 1055 749 1149 gloria,
768 1058 962 1152 imperium,
974 1061 1103 1148 -hunor,
1121 1081 1213 1142 nunc

130 1219 137 1234 .
162 1180 199 1236 et
213 1189 360 1260 semper„
372 1179 406 1236 et
422 1167 457 1236 in
472 1165 591 1250 saecnla
606 1167 813 1238 saeculorum.
831 1172 939 1240 Amen
955 1171 981 1238 ¹.
1002 1195 1044 1238 a„

95 1316 99 1322 ,
211 1277 246 1342 2⁰
256 1275 311 1345 Sic
323 1272 401 1345 alibi
417 1277 540 1362 Avarus
555 1273 758 1354 insectatur:
1151 1328 1154 1336 .

192 1409 229 1448 a
254 1381 346 1454 Nihil
375 1381 463 1450 enim
489 1381 536 1452 ita
565 1381 843 1452 inconsideratum
869 1395 920 1455 est
950 1396 990 1454 ut
1013 1397 1209 1476 peccatum,
1276 1430 1280 1440 ·

165 1485 250 1556 nihil
264 1486 310 1556 ita
321 1487 641 1580 insipiens,stultum
652 1502 686 1558 et
701 1488 895 1566 violentum.
907 1489 1026 1560 Omnia
1037 1491 1167 1576 evertit,
1176 1504 1217 1562 et

163 1591 352 1682 confundit,
366 1607 401 1662 et
414 1591 538 1686 perdit,
552 1593 764 1688 quocumque
778 1594 940 1682 insilierit,
957 1595 1030 1672 visu
1047 1593 1208 1683 deforme,

163 1721 262 1790 grave
281 1713 315 1768 et
338 1699 524 1770 molestum.
543 1705 587 1770 Et
610 1701 638 1770 si
658 1701 735 1794 quis
753 1701 863 1792 ipsum
886 1702 994 1794 pictur
1014 1701 1208 1794 effingeret,

163 1829 233 1877 non
257 1807 408 1877 aberrare
430 1808 512 1878 mihi
532 1806 714 1892 videretur,
742 1807 838 1876 sisic
865 1807 974 1900 ipsum
1001 1809 1208 1889 efformaret:

49 1957 59 1966 .
162 1912 336 1984 mulierem
358 1915 478 2008 nempe
499 1913 677 2008 quamdam
699 1913 806 1986 formai
828 1914 991 2000 belluina,
1016 1915 1207 2004 barbaram,

162 2019 274 2111 ignem
293 2021 488 2114 spirantem,
514 2021 746 2114 injucundam,
771 2022 918 2111 nigram,
949 2020 1063 2114 quales
1084 2023 1209 2094 externi

163 2132 271 2219 poetae
283 2125 412 2218 'scyllas
427 2127 625 2220 depingunt.
644 2128 830 2199 Innumeris
845 2129 934 2201 eninr
948 2128 1103 2200 manibus
1117 2129 1209 2220 cugi-

162 2233 303 2308 tat'rones
316 2247 443 2310 nostras
466 2233 701 2326 apprehendit,
720 2247 820 2326 atque
842 2257 883 2307 ex
898 2235 1076 2328 improviso
1098 2235 1211 2326 ingre·

163 2339 270 2426 ditur,
287 2341 464 2433 omniaque
479 2338 633 2432 discerpit
651 2353 685 2410 et
704 2339 879 2424 dilacerat,
898 2341 982 2434 sieut
997 2363 1094 2411 canes
1115 2341 1209 2410 clan-

163 2446 277 2520 culirm
289 2448 488 2521 mordentes.
507 2450 580 2520 Irnd
600 2447 682 2542 quid
702 2472 786 2541 opus
801 2447 898 2522 nohis
911 2462 959 2518 est
973 2449 1114 2541 pictura,
1131 2449 1209 2521 cinn

162 2556 260 2628 liceat
270 2581 325 2630 eos
336 2559 396 2651 qui
406 2556 491 2628 illud
502 2557 735 2650 perpetrantin
747 2555 894 2634 medium
902 2555 1209 2642 ,adducereiQuem

160 2667 275 2758 itaque
288 2666 389 2740 vultis
404 2666 548 2757 primum
565 2665 807 2734 describamus?
816 2669 962 2734 Avarum
979 2679 1012 2732 et
1022 2669 1208 2756 raptorem?

163 2771 294 2864 Ecquid
313 2786 363 2842 est
381 2771 485 2842 oculis
504 2770 568 2842 illis
590 2761 835 2864 impudentius?
848 2769 931 2864 quid
954 2771 1058 2861 magis
1080 2772 1207 2843 invere-

162 2879 331 2960 cundum?
345 2877 429 2972 quid
441 2878 543 2970 magis
557 2879 731 2948 caninum?
747 2877 919 2948 nonenim
933 2877 1023 2948 canis
1032 2879 1077 2946 ita
1094 2877 1207 2969 impu·
1315 2873 1319 2879 ¹

162 2988 244 3058 dens
260 3001 324 3059 stat
342 3001 382 3056 ut
405 2987 471 3074 hic,
494 2987 629 3080 quandd
644 2986 795 3062 omnium
814 2986 903 3056 bona
918 2985 1013 3078 rapit.
1033 2983 1120 3069 Quid
1129 3007 1206 3070 [ma-

162 3095 260 3164 nibus
274 3092 363 3162 illius
385 3092 634 3174 detestabilius?
658 3091 742 3186 quid
762 3115 819 3162 ore
837 3091 1039 3185 petulantius
1059 3091 1207 3186 ejusqui

160 3203 272 3273 omnia
287 3197 441 3287 devorat,
460 3216 493 3272 et
508 3203 680 3294 nunquam
694 3201 851 3270 satiatur?
866 3203 915 3273 Ne
936 3201 1005 3294 ejus
1026 3199 1158 3270 vultum
1173 3213 1208 3275 et

161 3309 276 3381 oculos
291 3307 466 3394 intuearis,
485 3308 576 3400 qudd
596 3309 661 3378 sint
681 3306 834 3376 hominis.
857 3310 932 3378 Nun
948 3308 1036 3376 enim
1055 3308 1101 3376 sic
1121 3307 1207 3397 aspi-

162 3419 256 3488 ciunt
275 3416 413 3486 humani
434 3412 533 3484 oculi.
560 3417 635 3484 Non
661 3411 776 3504 aspicit
797 3410 854 3480 ille
877 3411 1027 3482 homines
1047 3414 1206 3505 tanquam

32 3573 38 3581 -
161 3523 322 3594 hunrines.
341 3527 416 3596 Non
435 3521 551 3614 aspicit
572 3518 695 3588 caelum
710 3519 870 3611 tanquam
894 3515 1019 3598 caelum
1043 3547 1050 3588 :
1073 3518 1115 3588 ad
1136 3523 1206 3588 Du·
1288 3519 1289 3522 ’

162 3631 292 3701 minum
315 3623 391 3700 nnn¹
405 3643 493 3699 nutu
508 3651 568 3696 suo
591 3625 726 3716 tendit3·
742 3625 800 3695 sed
820 3625 932 3696 omnia
958 3627 1112 3718 pecunias
1137 3648 1206 3696 esse

163 3737 336 3807 existimat.
361 3735 506 3806 Humani
525 3731 614 3804 oculi
638 3732 745 3803 solent
765 3733 902 3802 afflictos
921 3732 1070 3804 homines
1085 3732 1206 3802 intueri

161 3859 197 3916 et
208 3842 326 3933 frangi.
340 3842 520 3934 Rapacium
533 3839 621 3912 oculi
638 3861 797 3932 pauperes
811 3838 945 3925 vident,
963 3851 997 3910 et
1012 3839 1202 3912 efferantur.

135 3961 138 3968 ¹
158 4006 162 4011 ·
199 3986 207 4010 ¹
227 3979 252 4026 S.
267 3973 386 4039 chrysost.
398 3970 423 4022 in
435 3970 510 4037 Epist.
526 3987 546 4037 r,
559 3971 590 4023 ad
604 3973 661 4022 Gor.
682 3955 835 4033 Hominum,
845 3985 870 4018 n.
884 3965 909 4020 5.
1048 4017 1052 4028 ,

859 4201 873 4236 Ι
