2982 4584
250 385 315 462 45⁸
398 404 580 458 auanomrt
602 406 630 458 a.
654 404 788 456 sternar
801 425 815 468 ‚·
835 395 977 479 rtur‘rr,
1001 408 1087 454 sarr.
1114 411 1138 453 r.
1213 461 1215 468 ,
1263 429 1268 440 .

216 511 217 518 ’
250 530 342 595 rare,
365 505 534 582 funestum
549 523 583 580 et
604 507 788 582 exitiosum.
813 507 911 594 Vale,
928 507 1044 578 Oriens
1059 521 1094 580 et
1108 509 1303 600 Occidens,

250 640 312 711 pro
327 617 449 711 quibus
464 630 498 688 et
518 619 537 688 l
558 618 680 711 quibus
695 638 948 710 oppugnamur3
964 616 1055 690 testis
1070 616 1127 686 ille
1147 633 1218 708 est,
1236 623 1295 714 qui

132 761 133 764 ¹
251 725 384 818 pacatos
403 737 462 796 'vos
488 722 615 809 reddet,
632 723 659 793 si
674 722 828 810 nonnulli
846 723 1059 796 secessionem
1084 746 1194 794 meam
1215 725 1296 798 imi-

251 845 375 904 tentur.
394 833 469 904 Nun
480 831 569 902 euim
584 831 645 904 Dei
657 832 792 926 quoque
802 833 965 928 jacturam
977 829 1111 918 facient,
1154 833 1190 902 ui
1201 835 1296 905 thro·

227 938 303 1010 nis
326 939 503 1030 cesserint,
529 936 588 1010 sed
616 961 792 1032 supernam
814 939 1006 1010 cathedram
1029 937 1221 1028 habebunt,
1247 943 1297 1011 his

253 1043 362 1118 multd
377 1044 602 1120 sublimiorem
626 1060 659 1118 et
680 1047 847 1117 tutiorem.
871 1052 995 1118 Praetsr
1015 1047 1146 1133 omnia,
1172 1061 1207 1117 et
1221 1049 1296 1118 ante
1352 1095 1354 1098 -

254 1154 382 1240 omnia,
399 1152 549 1226 clamabo
563 1182 570 1225 :
584 1153 710 1240 Valete,
720 1153 850 1246 Angeli,
864 1155 962 1248 hujus
972 1152 1119 1224 ecelesiae
1129 1153 1296 1248 praesides,

254 1283 405 1354 meaeque
416 1261 599 1353 messentius
621 1284 659 1332 ac
675 1261 960 1354 peregrinationis,
984 1259 1127 1332 simodo
1141 1261 1177 1330 iu
1195 1285 1299 1332 manu

254 1369 315 1442 Dei
332 1390 382 1440 res
397 1381 519 1440 nesure
540 1382 629 1440 sunt.
652 1367 746 1455 Vale,
773 1369 930 1455 Trinitas,
959 1367 1128 1440 meditatio
1151 1391 1240 1456 mea,
1266 1383 1301 1440 et

256 1473 357 1548 decus
378 1497 502 1546 meum.
522 1474 581 1548 His
602 1472 703 1549 velim
723 1475 880 1564 serveris,
907 1487 941 1544 et
962 1474 1023 1544 hos
1045 1497 1169 1562 serves,
1187 1497 1298 1546 meum

255 1583 347 1656 hunc
361 1583 540 1675 populum3
555 1585 571 1674 (
587 1605 679 1654 meus
694 1583 782 1655 enim
797 1595 867 1668 est,
886 1583 1013 1652 etiamsi
1025 1582 1119 1652 aliter
1131 1583 1300 1675 guberne·

256 1692 373 1780 murg)
388 1703 489 1782 atque
504 1680 640 1761 audiam‘
648 1703 681 1758 te
701 1687 862 1783 quotidie,
884 1687 956 1758 tirm
969 1711 1130 1775 sermone,
1144 1687 1218 1759 nim
1231 1691 1301 1761 viti

257 1809 291 1866 et
305 1795 451 1868 moribus
465 1797 590 1888 augeri,
609 1797 693 1866 etin
713 1795 856 1867 sublime
871 1793 988 1864 attolli.
1004 1794 1127 1882 Filioli,
1144 1793 1300 1890 Deposi-

261 1915 356 1990 tum,
375 1925 510 1993 quaeso,
534 1900 710 1974 custodite
727 1905 737 1944 ¹
762 1907 964 1972 :memores
975 1915 1086 1972 estote
1102 1899 1301 1995 lapidatio·

258 2033 344 2082 num
362 2031 526 2091 mearum
552 2005 578 2078 ²ss
603 2007 714 2078 Gratia
739 2007 871 2076 Domini
891 2009 993 2079 nostri
1016 2007 1236 2080 lesu-Christi
1259 2008 1302 2078 sit

254 2137 334 2190 cum
352 2108 506 2186 om'uibus
520 2115 624 2186 vobis.
639 2118 747 2186 Arnen
762 2115 787 2182 ³.
804 2141 821 2180 s
1047 2103 1057 2108 ’
1124 2195 1129 2206 ,
1194 2144 1197 2148 ·

302 2226 379 2294 Vll.
388 2221 465 2294 tttae
475 2235 585 2294 autem
601 2221 719 2315 saepiris
729 2221 893 2314 usurpator
902 2233 979 2290 sunt
990 2223 1009 2290 i
1019 2222 1138 2292 sanctis
1149 2221 1302 2293 Patribus

258 2331 496 2417 Perorationes,
514 2354 591 2422 quae
602 2331 688 2401 circi
702 2331 811 2422 ipsum
832 2343 1079 2420 argumentum,
1096 2329 1133 2398 id
1148 2343 1198 2399 est
1216 2330 1303 2422 circi

149 2431 158 2436 “
210 2419 214 2436 “
257 2461 389 2508 morum
405 2437 533 2532 regulas
548 2451 731 2508 versantur.
758 2439 860 2519 Totus
873 2449 922 2504 est
937 2433 1006 2504 sere
1021 2458 1150 2528 semper
1163 2459 1303 2528 magnus

257 2544 415 2616 Ecclesiae
430 2558 540 2614 orator
550 2546 803 2632 Chrysostomus
817 2543 852 2612 in
867 2541 1072 2614 destruendis
1090 2539 1193 2630 vitiis,
1212 2547 1301 2622 exci-

258 2649 432 2742 tandisquc
447 2649 635 2720 virtutibus.
653 2652 727 2720 Non
748 2649 967 2742 injucundum
990 2653 1052 2720 erit
1066 2650 1144 2721 saud
1159 2650 1302 2742 legenti-

258 2759 322 2830 bus
332 2758 387 2830 hic
401 2782 470 2832 uno
483 2759 607 2828 intuitu
619 2757 772 2829 collectas
783 2779 916 2826 cernere
929 2752 1121 2849 insigniores
1132 2771 1302 2832 tantorum

258 2867 491 2958 magistrorum
505 2867 591 2937 circi
605 2865 684 2936 vitia
700 2864 904 2958 virtutesque
920 2862 1157 2936 Peroratione‘s.

305 2976 339 3045 1⁰
351 2974 403 3044 Sic
414 2972 510 3044 divus
525 2973 778 3062 chrysostomus
790 2969 955 3042 auditores
966 2972 1158 3042 exhortatur
1170 2970 1213 3042 ad
1224 2993 1303 3064 pec-

162 3127 165 3134 f
227 3095 406 3152 catorum
419 3079 549 3151 veniam
569 3078 769 3148 Poeuitentil
783 3077 1032 3170 promerendam
1049 3107 1067 3148 :-
1135 3115 1141 3126 ·

219 3205 224 3210 ·
307 3187 387 3254 «Vis
396 3183 519 3254 discere
534 3185 634 3277 quim
649 3183 757 3254 bonus
772 3187 813 3262 sit
827 3186 986 3255 Dominus
996 3187 1130 3255 noster?
1146 3183 1303 3255 Ascendit

260 3290 470 3378 Publicanos,
489 3290 680 3362 millemalis
696 3303 845 3376 onustus,
863 3291 986 3364 stetim
1001 3291 1133 3362 dixisset
1148 3291 1299 3361 tautirm:

259 3399 445 3492 Propitius
460 3413 536 3470 esto
551 3399 651 3487 milri,
676 3397 861 3470 descendit
868 3399 1091 3500 justificatus
1100 3400 1125 3466 ⁴.
1142 3403 1205 3468 Per
1220 3402 1302 3468 Pru-

259 3509 394 3603 phetam
414 3507 548 3601 quoquc
568 3506 649 3576 dicit
664 3511 750 3575 Deus
764 3535 772 3576 z
791 3505 953 3598 Propter
960 3519 1154 3600 peccatum
1166 3507 1303 3598 partim

260 3613 361 3686 illum
371 3615 611 3692 constristavi,
629 3625 665 3682 et
675 3609 752 3681 uidi
766 3611 865 3704 quud
878 3611 1002 3686 dolore
1016 3609 1298 3710 essetaffletus,

262 3735 297 3794 ct
311 3724 379 3794 iret
393 3723 523 3808 trustes,
536 3735 571 3792 et
584 3719 718 3792 sanari
726 3719 808 3790 uias
819 3719 897 3815 esus
915 3725 939 3790 ⁵.
954 3721 1042 3804 Quid
1052 3721 1131 3792 huic
1146 3721 1300 3792 humani·

267 3881 268 3885 ¹
296 3877 304 3903 ¹
319 3877 334 3917 2
347 3867 408 3918 Tim.
423 3883 506 3931 r1,2o.
521 3890 552 3904 ·-
567 3875 577 3902 ¹
592 3863 680 3917 cotos.
696 3881 730 3930 rr,
748 3869 786 3917 rs.
801 3891 832 3904 -
845 3863 858 3923 ,³
870 3867 1003 3930 S.Gregor.
1017 3833 1132 3934 theolog.
1152 3869 1221 3920 Orat.
1240 3883 1299 3930 mu,

235 3993 236 3999 ,
260 3969 286 4003 n.
301 3953 345 4016 26,
357 3964 398 4016 27.
410 3975 436 3990 ··
449 3950 462 3998 4
474 3954 533 4002 Luc.
546 3965 615 4014 ntur,
628 3950 666 4003 13.
682 3977 713 3992 ι-
724 3949 736 3990 ⁵
749 3953 805 4002 lsai.
819 3967 880 4012 nvn,
900 3967 938 4017 tp.
