2992 4590
208 445 310 494 curun
333 451 380 495 vr.
406 451 447 495 on
470 449 627 496 unruono
650 449 685 492 ru
701 449 908 494 coucronrnos
925 442 1091 494 tnnrnrnt.
1119 429 1182 493 157

145 559 212 633 est,
230 547 289 640 qui
304 548 413 618 omnia
440 549 474 618 iu
498 547 654 620 omnibus
676 545 736 614 sita
768 568 836 614 esse
866 545 1006 638 dicunt3
1023 561 1057 616 at
1087 546 1183 616 nobis

144 654 231 724 cert‘e
247 653 449 725 credendum
464 668 534 740 est,
554 650 647 746 qubd
658 663 799 744 uterque
813 651 849 718 in
861 651 963 721 altero
979 666 1013 722 et
1028 653 1118 745 apud
1132 651 1182 721 al-

144 774 251 830 temm
264 763 317 832 siti
332 786 472 834 eramus.
491 765 604 832 Unum
616 758 749 851 utrique
764 780 847 850 opus
859 771 893 826 et
905 757 1062 846 studium,
1081 761 1184 830 virtus

143 885 232 957 erat,
249 885 283 940 et
298 869 340 940 ad
355 868 484 940 suturas
500 892 573 962 spes
587 865 717 951 vivere,
736 888 862 957 nosque
875 866 921 934 irs
933 889 1134 957 comparare,
1145 881 1185 936 nt
1255 861 1258 868 ⁴

143 977 219 1047 ante
234 978 410 1048 discessum
425 1000 464 1046 ex
479 977 541 1046 hale
557 974 645 1061 vitd,
664 973 741 1042 hinc
753 971 977 1062 migraremus.
996 971 1095 1054 Quod
1109 971 1186 1065 qui-
1279 1045 1282 1049 ,

142 1081 218 1152 dem
229 1084 327 1154 nobis
343 1083 387 1155 ob
406 1082 519 1153 oculos
533 1093 713 1174 ponentes,
729 1079 830 1149 vitam
844 1078 1055 1172 actionesque
1071 1101 1185 1148 omues

140 1204 269 1261 nostras
292 1188 533 1278 dirigebamus,
560 1187 633 1256 tbm
660 1185 763 1255 divini
789 1185 946 1278 praecepti
971 1185 1111 1256 ductum
1138 1208 1185 1255 se·

139 1309 305 1390 quentes,
329 1295 403 1364 tiam
428 1291 621 1363 alteralteri
644 1290 773 1362 virtutis
800 1291 947 1360 studium
964 1305 1182 1382 exacuentes3

139 1416 243 1495 atque
263 1402 326 1471 nisi
339 1401 404 1470 hoc
419 1398 622 1492 arrogantibs
648 1398 756 1466 dicere
773 1396 908 1485 videar,
935 1411 1076 1491 uterque
1092 1397 1185 1468 alteri

138 1531 261 1596 norma
275 1521 309 1577 et
321 1507 454 1576 amussis
465 1529 605 1591 eramus,
615 1505 681 1598 qud
691 1518 818 1573 rectum
830 1507 960 1596 ipravo
972 1495 1179 1576 discernitur.

138 1617 218 1684 Non
229 1615 316 1680 enim
329 1634 406 1681 cum
420 1611 582 1681 sodalium
599 1624 785 1681 nostrorum
796 1609 1063 1702 petulantissimis
1077 1625 1111 1680 et
1124 1611 1186 1680 im·

137 1719 367 1813 pudicissimis,
384 1719 441 1790 sed
456 1742 532 1789 cum
553 1717 1025 1797 castissimiscousuetudinem
1039 1719 1185 1789 habeba-

139 1851 214 1898 mus
227 1859 237 1918 3
250 1851 311 1897 nec
327 1851 405 1898 cum
419 1825 685 1921 pugnacissimis,
704 1826 762 1894 sed
777 1849 854 1896 curn
876 1827 1109 1919 pacatissimis,
1127 1827 1184 1897 iis·

138 1957 207 2028 qne
221 1953 243 2021 ,·
258 1956 410 2028 quomm
424 1931 630 2019 consuetudo
657 1932 815 2003 maximos
837 1931 965 2003 fructus
994 1933 1154 2002 afferebat
1173 1964 1183 2023 3

138 2040 226 2110 illud
241 2039 398 2109 niminim
420 2039 624 2131 exploratum
640 2037 817 2124 habentes,
842 2037 968 2108 facilius
984 2061 1052 2108 esse
1066 2037 1186 2108 vitirun

139 2149 358 2233 contrahere,
383 2151 483 2240 quim
510 2146 667 2216 virtutem
694 2145 853 2238 impertiri
873 2177 883 2236 3
902 2144 1184 2239 quemadmodum

139 2258 240 2326 etiam
261 2253 390 2326 facilius
417 2277 485 2322 esse
510 2253 627 2322 morbo
644 2249 749 2321 alieno
764 2251 874 2339 infici,
890 2255 990 2345 quim
1013 2253 1185 2322 sanitatem

139 2361 265 2454 largiri.
290 2359 473 2454 Discipliuis
495 2361 616 2452 porrb,
642 2381 711 2428 non
725 2361 793 2426 tam
805 2358 1069 2452 jucundissimis,
1084 2359 1186 2452 quim

139 2469 273 2564 optimis
285 2467 534 2538 oblectabamur
547 2495 554 2536 :
566 2467 642 2535 nim
655 2466 733 2535 hinc
742 2467 875 2559 quoque
886 2464 941 2538 vel
955 2465 998 2536 ad
1013 2465 1184 2553 virtutem,
1235 2538 1238 2544 ,

138 2575 195 2650 vel
210 2576 254 2646 ad
270 2575 384 2646 viuum
397 2628 407 2660 ,
421 2575 559 2668 juvenes
575 2570 852 2642 informantur...

187 2713 204 2750 u
223 2690 306 2755 Duae
321 2683 416 2753 nobis
434 2682 496 2753 viae
507 2694 596 2750 notae
608 2695 701 2750 erant
718 2710 727 2750 ι
744 2680 846 2749 altera
860 2679 964 2771 prima
981 2694 1014 2750 et
1025 2693 1186 2772 praestan·

140 2793 227 2881 tior3
245 2789 390 2860 secunda
405 2787 527 2874 altera,
549 2800 583 2855 et
606 2785 769 2854 inferioris
784 2786 904 2877 pretii:
923 2785 979 2854 illa
994 2786 1128 2878 quidem
1145 2787 1188 2858 ad

139 2921 247 2967 sacras
262 2895 349 2966 aedes
360 2909 506 2982 nostras,
524 2892 615 2963 etad
630 2890 801 2978 doctores,
815 2892 874 2986 qui
888 2891 1082 2978 illicerent,
1102 2890 1188 2962 fere-

139 3004 199 3074 bat
212 3037 221 3094 3
233 3005 423 3072 haecautem
436 3000 479 3071 ad
493 3015 642 3071 externos
657 3013 875 3092 praeceptores
886 3028 893 3074 ;
906 3012 1039 3068 caeteras
1050 3021 1185 3087 omnes,

138 3135 217 3204 quae
238 3109 281 3178 ad
306 3107 411 3194 festa,
438 3102 640 3201 spectacula,
657 3105 809 3176 'celebres
836 3119 1034 3193 conventus,
1050 3095 1186 3199 epulas,

138 3218 332 3303 ducebant,
369 3239 466 3309 aequo
492 3237 529 3284 ac
558 3214 673 3283 libenti
704 3213 813 3282 animo
839 3212 908 3282 aliis
939 3213 1185 3307 reliqueramus.

138 3324 232 3397 Nihil
244 3325 353 3409 enim,
371 3323 444 3392 mea
456 3319 591 3415 quidem
603 3320 785 3406 sententia,
803 3320 914 3410 magni
926 3318 1186 3406 faciendumst,

138 3431 234 3524 quod
252 3430 397 3500 adrectis
412 3429 615 3520 honesteque
631 3425 811 3497 vivendum
822 3425 905 3494 nibil
921 3426 1040 3512 affert,
1057 3449 1118 3496 nec
1140 3428 1190 3496 sui

138 3537 307 3608 studiosos
317 3536 467 3606 meliores
480 3533 598 3604 reddit.
613 3538 632 3602 J
634 3535 688 3602 am
699 3533 776 3605 crim
791 3533 860 3602 aliis
873 3533 935 3601 alia
948 3532 1099 3626 quaedam
1112 3554 1191 3624 cog-

137 3659 301 3713 nomenta
321 3644 408 3729 sint,
426 3641 479 3712 vel
495 3643 514 3709 a
537 3640 729 3732 parentibus
752 3652 902 3732 accepta,
920 3638 972 3708 vel
988 3662 1026 3707 ex
1041 3661 1075 3708 se
1090 3639 1187 3731 ipsis,

137 3751 207 3820 hoc
223 3767 290 3837 est,
310 3775 349 3818 ex
363 3749 502 3841 propriis
516 3747 594 3818 vitae
609 3745 724 3815 studiis
739 3747 963 3839 institutisque
981 3760 1187 3838 comparata:

137 3858 240 3926 nobis
252 3859 388 3941 contra,
407 3877 526 3946 magna
544 3877 596 3924 res
613 3868 645 3924 et
661 3875 819 3944 magnum
831 3875 953 3924 nomen
970 3867 1058 3938 erat,
1076 3853 1190 3924 Chris-

137 3966 253 4037 tianos
270 3978 304 4034 et
324 3953 412 4052 esse,
433 3974 468 4033 et
480 3961 644 4036 nominari
658 3993 669 4054 3
686 3975 787 4054 atque
803 3962 841 4032 eal
854 3985 890 4033 re
906 3962 1009 4054 magis
1029 3961 1191 4043 efferebat·-¹
