2982 4584
241 476 343 536 otrus
366 493 412 536 vr.
439 493 479 536 cn
502 491 659 538 unrnono
682 491 719 534 tn
735 491 942 546 conoronrane
958 489 1124 540 tauram.
1151 477 1214 542 4³7

174 605 247 678 tro,
262 593 316 662 cui
332 591 446 684 gloria,
460 592 567 661 honor
579 604 613 659 et
627 589 802 680 imperinm
817 614 893 660 cum
909 607 1021 665 sancto
1039 596 1162 686 Spiritu
1173 598 1216 668 ad
1265 577 1270 583 ’

173 697 310 790 gloriam
326 699 384 766 Dei
396 699 517 782 Patris,
530 697 667 765 Amen1.
688 721 705 759 a
887 713 889 720 ·

96 871 103 880 ,
141 855 148 865 s
186 791 247 874 ll.
260 803 351 874 ldcrn
361 827 401 872 ex
412 801 615 895 praesidentis
626 802 766 872 Personat
777 802 993 892 perorationis
1002 802 1217 895 depromebat

171 925 424 1003 argumentum,
445 908 522 976 ciam
543 929 691 977 sermone
716 907 830 976 habito
853 912 963 977 cor'am
980 923 1072 1000 patre
1088 923 1216 982 tacente

170 1032 305 1111 propter
316 1017 448 1109 plagam
462 1013 640 1105 grandinis,
655 1015 691 1082 in
703 1014 775 1083 haec
789 1013 891 1083 verba
902 1013 1072 1086 desinebat
1086 1045 1094 1086 ε

218 1155 235 1191 a
242 1129 321 1193 Haec
331 1122 503 1191 nobiscum
512 1118 755 1212 philosophare,
766 1121 825 1189 Vir
834 1120 944 1192 divine
954 1135 988 1190 ct
999 1138 1213 1210 sacrosancte,

170 1232 295 1325 quique
309 1229 411 1319 longo
432 1227 588 1320 temporis
613 1227 717 1318 spatio
731 1227 899 1318 ingentem
915 1251 1025 1300 rerum
1041 1253 1159 1318 usum,
1177 1255 1216 1302 ex

171 1362 239 1430 quo
252 1336 410 1428 sapientia
425 1335 585 1420 nascitur,
600 1333 771 1426 collegisti.
787 1335 845 1404 llis
860 1336 1022 1428 populum
1040 1350 1136 1408 tuum
1151 1339 1216 1409 ins·

171 1459 257 1514 true.
288 1447 376 1512 Doce
396 1465 534 1534 panem
559 1442 731 1526 esurienti
740 1441 927 1538 frangere
941 1449 972 1529 ²,
996 1457 1029 1513 et
1055 1469 1215 1538 pauperes

171 1565 259 1621 tecto
273 1565 418 1619 carentes
442 1549 611 1640 colligere,
634 1562 667 1618 et
687 1549 873 1618 nuditatem
896 1564 1028 1641 tegere,
1055 1576 1116 1624 nee
1131 1578 1214 1624 con-

170 1659 364 1748 sanguineos
380 1657 569 1748 despicere,
588 1680 625 1726 ae
638 1680 729 1726 nunc
741 1657 938 1749 praesertim,
953 1671 991 1726 ut
1002 1658 1128 1728 bonurn
1142 1685 1216 1730 nos·

169 1778 258 1834 trum
283 1786 322 1831 ex
338 1763 477 1854 penurie
497 1763 558 1847 sit,
582 1786 651 1832 non
671 1785 711 1830 ex
728 1761 932 1832 abundantii
951 1792 959 1832 :
989 1789 1055 1856 quo
1076 1789 1214 1836 munere

168 1873 267 1953 Deus,
283 1869 385 1958 magis
400 1871 502 1959 qulam
517 1867 630 1936 multis
646 1867 885 1953 oblationibus,
903 1871 1097 1963 magnisque
1111 1871 1214 1962 largi-

167 1975 314 2044 tionibus
338 1973 531 2042 delectatur.
552 1979 630 2044 Post
649 1975 737 2060 haec,
756 1975 824 2044 inrb
847 1976 924 2044 ante
945 1977 1034 2061 hacc,
1050 1991 1119 2047 esto
1131 1979 1213 2046 milri

168 2079 329 2150 hodierno
341 2079 395 2146 die
405 2083 534 2168 Moyses
545 2092 578 2148 et
589 2077 836 2150 Phinees³.Sta
847 2103 907 2171 pro
917 2082 1023 2161 nobis,
1033 2095 1069 2150 et
1076 2080 1213 2174 ploco;

169 2201 205 2255 et
228 2199 342 2255 cesset
366 2186 595 2274 quassotr'0⁴,
621 2187 688 2255 sive
714 2210 774 2277 per
799 2187 967 2278 spirituale
991 2189 1208 2274 sacrificium,

167 2294 234 2362 sive
249 2314 308 2384 per
329 2292 509 2360 orationem
526 2314 563 2360 ac
579 2290 772 2360 rationalem
788 2292 1064 2362 intercessionem.
1080 2295 1212 2362 Domini

167 2393 370 2466 iracundiam
385 2397 574 2466 interventu
590 2410 649 2466 tuo
664 2397 829 2488 reprime:
851 2396 962 2488 plagas
983 2396 1137 2490 deinceps
1160 2423 1212 2468 se-
1235 2385 1236 2394 ἵ

167 2518 305 2596 quentes
322 2527 502 2596 compesce.
519 2503 622 2572 Patris
635 2503 755 2575 canitie
763 2524 823 2594 pro
839 2503 913 2573 filiis
926 2504 1125 2574 obsecrantis
1141 2529 1212 2597 per·

167 2611 290 2680 moveri
307 2609 401 2678 solet.
422 2615 486 2678 Pro
500 2609 666 2700 praeterita
689 2609 898 2699 improbitate
923 2632 980 2679 ora
999 2640 1006 2679 :
1025 2609 1159 2680 meliora
1175 2612 1210 2681 in

167 2731 336 2808 posterum
360 2715 403 2783 de
418 2716 513 2783 nobis
535 2714 700 2806 pollicere.
727 2714 819 2780 Offer
842 2717 1003 2805 populum
1026 2715 1211 2790 calamitate

168 2845 205 2891 ac
227 2835 319 2889 metu
333 2835 522 2913 purgatum.
541 2824 742 2912 Corporeum
757 2817 943 2889 alimoniam
963 2834 1062 2913 pete:
1082 2823 1216 2913 angeli-.

167 2941 240 2998 earn
252 2928 349 2996 etiarn
362 2929 380 2994 ὸ
393 2925 737 2997 coelodescendentem
749 2925 840 3017 priris
851 2940 937 3017 pete.
957 2930 1028 2996 Hoc
1043 2927 1069 2995 si
1080 2926 1208 3014 feceris,

166 3039 272 3104 Deum
297 3033 394 3102 nobis
407 3033 614 3117 conciliabis,
632 3030 755 3102 coelum
774 3031 955 3122 mitigabis,
984 3031 1211 3104 Matratriram
1250 3081 1253 3088 ,

167 3155 202 3211 et
212 3141 415 3231 ,serotinam
426 3137 589 3230 pluriam
605 3134 735 3207 reddes
746 3141 769 3205 ⁵.
782 3135 960 3206 Dominus
973 3135 1077 3206 dabit
1092 3135 1210 3234 benigr-

158 3247 319 3315 'nitatem
334 3260 374 3312 et
391 3257 489 3312 terra
510 3258 637 3312 nostra
651 3240 755 3312 dabit
759 3241 929 3336 fructum
950 3245 1076 3312 ειιιιῑη6
1093 3274 1100 3313 2
1118 3246 1207 3329 haec,

166 3354 314 3444 inquam,
328 3349 476 3433 inferior,
494 3348 746 3440 quotidianum,
767 3348 872 3416 carnis
888 3362 997 3416 autem
1014 3363 1133 3422 nostrae
1148 3364 1204 3418 ter

167 3481 218 3542 ra,
237 3456 488 3546 sempiternum,
508 3475 608 3546 quem
630 3451 748 3522 divinis
763 3453 888 3522 horreis
903 3476 961 3544 per
973 3469 1027 3539 te,
1047 3469 1080 3524 et
1094 3479 1154 3524 nos
1176 3470 1210 3524 et

166 3585 303 3631 munera
323 3559 669 3643 nostraolieren‘tem,
688 3559 915 3650 imponemus,
933 3559 969 3627 in
983 3561 1113 3630 Christo
1129 3565 1206 3630 lesu

166 3670 308 3740 Domino
323 3682 451 3755 nostro,
469 3668 523 3738 cni
538 3668 580 3736 sit
596 3665 699 3759 gloria
714 3666 895 3738 insaecula.
914 3671 1021 3738 Amen
1031 3671 1055 3736 ¹.
1078 3696 1093 3732 a

203 3855 210 3882 ¹
231 3847 256 3896 S.
268 3847 366 3910 Gregor.
383 3843 468 3896 Theoi.
486 3848 555 3896 Orat.
571 3861 636 3908 xtrv,
650 3857 675 3894 n.
699 3855 787 3893 roera.
803 3867 834 3881 -
848 3853 858 3880 ²
872 3845 918 3896 lsai
931 3859 998 3906 nvrrr,
1015 3861 1040 3909 7.
1059 3869 1091 3880 -
1107 3841 1118 3880 ³
1133 3845 1210 3896 Excd·
1257 3839 1260 3843 ’

167 3945 245 3990 xxxrr,
266 3944 306 3978 rr.
320 3953 352 3964 -
371 3925 384 3974 l
398 3927 460 3978 Psal.
473 3943 512 3989 ov,
525 3929 558 3978 23
571 3934 597 3979 et
610 3929 649 3980 30.
666 3922 723 3966 ..5
739 3924 800 3976 toet.
814 3943 843 3992 n,
861 3927 904 3978 23.
914 3924 970 3980 .-⁶
983 3927 1040 3978 Pral.
1053 3943 1151 3993 cxxxiv,
1168 3928 1206 3980 ιδ.

168 4037 201 4049 -
215 4024 226 4064 t
240 4016 265 4062 S.
278 4015 377 4075 Gregor.
393 4009 475 4063 theol.
492 4008 564 4062 Orat.
578 4027 627 4074 xn,
642 4027 667 4061 n.
684 4023 726 4063 20.
