2992 4590
272 421 334 482 172
424 432 604 483 nnnroamt
626 434 654 484 s.
678 431 832 499 alanum,
858 433 934 484 anas
956 439 999 500 11,
1024 439 1109 483 saer.
1135 441 1159 484 r.

268 560 382 630 parare
396 536 584 629 aggreditur
599 558 676 606 cunr
690 537 838 606 maximis
853 537 1001 608 omnium
1014 551 1202 630 temporum
1212 537 1307 609 viris:

314 673 330 710 n
355 649 424 736 Age
443 645 554 736 igitur,
579 643 655 714 oum
678 642 776 715 multi
797 645 877 732 viri,
899 645 971 714 tum
988 646 1023 715 in
1041 645 1170 732 Veteri,
1188 644 1260 714 tiam
1274 645 1311 716 in

267 755 360 824 Novo
377 743 583 821 Testamento
598 751 719 844 pietate
734 749 814 822 clari
825 765 859 821 et
873 750 1014 822 illustres
1028 751 1163 838 luerint,
1180 751 1311 844 legisla-

267 871 369 944 tores,
387 845 543 928 militares
558 857 658 928 duces
672 911 681 945 ‚
695 857 882 952 prophetae,
898 859 1068 942 doctores,
1088 856 1189 930 fortes
1203 860 1310 954 usque

267 964 310 1035 ad
331 965 498 1058 sanguinis
527 963 770 1059 profusionem,
799 965 955 1038 cumillis
979 964 1135 1036 Basilium
1159 980 1310 1036 nostrum

268 1070 486 1159 conferamus,
504 1087 603 1168 atque
611 1072 702 1160 hinc,
719 1071 824 1166 qualis
835 1071 947 1169 luerit,
965 1096 1189 1166 agnoscamus.
1203 1071 1311 1146 Adam

267 1181 327 1251 Dei
341 1203 457 1267 manu,
481 1204 519 1252 ae
536 1179 731 1250 deliciarum
752 1178 916 1266 Paradisi,
936 1194 969 1250 et
983 1180 1089 1272 prima
1104 1179 1176 1272 lege
1191 1178 1311 1270 dignus

174 1323 176 1327 v
266 1287 398 1357 habitus
413 1301 462 1358 est
484 1291 493 1359 3
513 1317 520 1359 :
539 1287 595 1358 ille
610 1301 738 1374 tamen,
759 1288 902 1380 nequid
921 1287 1042 1358 debitae
1057 1289 1185 1381 parenti
1199 1303 1311 1359 nostro

267 1394 459 1464 reverentiae
482 1393 758 1467 contumeliosum
782 1393 912 1482 dicam,
942 1407 1144 1487 praeceptum
1174 1393 1311 1464 minime

267 1503 406 1573 servavit
424 1531 431 1572 :
449 1503 504 1573 hie
520 1517 647 1590 autern,
669 1515 703 1572 et
717 1501 802 1573 illud
813 1501 954 1595 accepit,
972 1515 1006 1571 et
1020 1503 1177 1590 servavit,
1191 1525 1253 1572 nee
1272 1526 1312 1572 ex

267 1608 411 1678 scientiae
427 1607 517 1700 ligno
533 1609 734 1680 incommodi
745 1607 927 1704 quidquam
939 1608 1086 1702 accepit3
1103 1631 1164 1678 nec
1176 1606 1308 1696 dubito,

267 1715 349 1809 quin
373 1715 564 1786 flammeum
590 1716 736 1809 gladium
762 1730 1028 1808 praetergressus,
1054 1713 1096 1784 ad
1123 1705 1310 1808 paradisum

267 1821 463 1914 pervenerit.
482 1826 571 1892 Enos
586 1823 714 1916 primus
728 1846 785 1916 spe
809 1821 971 1892 adductus
991 1835 1056 1909 est,
1074 1835 1113 1892 ut
1132 1823 1311 1894 Dominum

266 1929 463 1998 invocaret²
482 1929 560 1999 :hic
578 1943 711 2016 autem,
729 1953 797 2000 non
811 1929 917 2000 sollum
927 1929 1103 2016 invocavit,
1121 1928 1200 2016 sed,
1218 1929 1311 2022 quod

200 2045 204 2050 '
265 2033 474 2104 invocatione
491 2033 596 2105 multo
609 2035 816 2128 praestantius
831 2049 891 2122 est,
909 2034 977 2106 aliis
993 2057 1126 2129 quoque
1147 2035 1309 2128 praedica-

265 2141 326 2210 vit.
350 2143 487 2212 Henoeh
508 2141 685 2212 translatus
713 2158 759 2212 est
776 2144 809 2230 ³,
836 2143 961 2234 exiguae
985 2143 1114 2236 pietatis
1137 2143 1310 2235 praemium

266 2250 280 2338 (
288 2245 368 2316 fides
385 2248 472 2317 enim
485 2248 594 2319 adhuc
607 2249 644 2318 in
660 2248 785 2318 umbris
798 2263 882 2336 erat,
895 2252 909 2340 )
924 2249 985 2319 halo
997 2247 1210 2318 translatione
1225 2267 1309 2320 eon*

265 2369 413 2442 secutuS,
430 2355 573 2450 vitaeque
592 2356 758 2451 sequentis
773 2353 956 2449 perieulum
975 2354 1091 2445 effugit
1111 2355 1231 2450 :hujus
1246 2379 1309 2426 au·

265 2475 333 2532 tem
356 2463 420 2532 vita
435 2463 540 2532 omnis
566 2462 650 2532 nihil
665 2461 756 2532 aliud
771 2465 872 2556 quam
887 2460 1056 2532 translatio
1077 2475 1162 2549 erat,
1184 2463 1309 2556 quippe

265 2571 324 2664 qui
339 2569 483 2663 perfecte
498 2573 532 2639 in
547 2571 615 2642 vital
626 2571 771 2664 perfectal
782 2571 939 2664 probatus
951 2570 1182 2664 etenploratus
1193 2569 1306 2642 fuerit.

264 2681 335 2749 Noe'
345 2700 452 2747 aream
465 2676 542 2747 fidei
553 2702 620 2748 suae
631 2679 836 2748 commissam
844 2679 1036 2772 aceepit⁴,et
1044 2676 1180 2748 secundi
1189 2677 1308 2748 mundi

265 2786 388 2856 semina
409 2809 510 2879 parvo
534 2785 626 2878 ligno
643 2785 787 2870 credita,
810 2799 909 2879 atque
930 2785 1017 2854 inter
1040 2784 1147 2854 undas
1173 2809 1309 2856 conser·
1358 2857 1364 2870 ,

264 2905 366 2965 vata:
386 2895 441 2964 hic
464 2907 574 2964 autem
596 2893 772 2985 impietatis
799 2891 960 2963 diluvium
976 2891 1094 2982 effugit
1110 2915 1309 2986 ,suamque

265 3003 428 3074 civitatem
459 3025 566 3071 arcam
596 2997 708 3068 salutis
733 2999 858 3086 effecit,
885 3001 921 3068 in
947 3000 1180 3070 haeretieorum
1206 2999 1307 3071 undis

200 3117 202 3121 ’
264 3108 361 3180 facile
385 3122 418 3177 et
436 3107 552 3177 leviter
575 3119 860 3199 supernatantem,
879 3119 979 3202 atque
1000 3129 1039 3174 ex
1059 3129 1098 3176 eo
1116 3107 1308 3178 universum

264 3215 379 3285 orbem
391 3212 609 3306 recuperavit.

310 3348 326 3385 s
351 3325 488 3411 Magnus
512 3319 698 3405 Abraham,
723 3331 757 3386 et
771 3318 978 3404 Patriaroha,
1006 3332 1040 3389 et
1054 3341 1149 3390 novae
1164 3319 1308 3391 victimae

263 3439 435 3514 mactator,
454 3448 546 3512 eum,
564 3415 665 3518 q'uem
677 3447 715 3500 ex
729 3423 942 3517 promissione
955 3438 1140 3518 acceperat,
1154 3413 1307 3496 beneficii

95 3559 98 3566 ’
189 3524 195 3528 ’
262 3534 398 3606 Auctori
416 3533 577 3619 offerens,
594 3529 761 3600 victimam
776 3545 963 3624 promptam
983 3545 1017 3602 et
1032 3531 1189 3618 alacrem,
1204 3547 1306 3626 atque

262 3643 305 3714 ad
320 3641 444 3714 caedem
460 3653 691 3735 properantem
708 3640 732 3708 ⁵.
750 3641 795 3708 At
809 3662 870 3708 nec
890 3661 990 3732 parua
1009 3639 1118 3710 Basilii
1138 3639 1210 3710 laus
1230 3655 1301 3728 est,

260 3750 319 3845 qui
334 3775 368 3820 se
383 3751 491 3842 ipsum
505 3753 575 3824 Deo
590 3745 732 3834 obtulit,
754 3769 815 3816 nec
830 3745 1012 3840 quidquam
1031 3747 1067 3816 in
1083 3748 1151 3840 ejus
1166 3746 1300 3838 locum,

295 3905 304 3933 ¹
325 3898 412 3948 Genes.
429 3913 448 3961 1,
472 3907 504 3964 27
518 3899 546 3946 et
561 3909 628 3961 seqq.
642 3892 851 3958 -21d.1v,26.
865 3917 898 3932 -
909 3889 919 3931 ³
932 3893 969 3947 ld.
984 3910 1011 3960 r,
1026 3909 1055 3946 ar
1068 3899 1094 3950 et
1108 3909 1175 3962 seqq.
1192 3917 1220 3932 ·-·
1234 3891 1248 3936 l
1260 3895 1299 3948 ld.

259 3997 293 4048 rr,
307 3980 336 4034 13
346 3986 372 4032 et
383 3996 450 4048 seqq.
466 4005 498 4018 -
515 3976 527 4016 ⁵
541 3977 578 4031 ld.
592 3993 655 4044 narr,
669 3993 680 4030 1
696 3983 721 4030 et
732 3991 802 4044 seqq.
1292 3967 1293 3971 ’
