2996 4598
278 427 326 490 96
439 411 619 490 nuuuoxroa
641 443 667 490 s.
694 441 846 507 rinnon,
871 442 948 492 elas
971 450 1012 507 11,
1039 449 1123 493 tucn.
1150 449 1174 489 1.

284 541 487 632 adoravisse,
514 558 552 614 ut
567 546 631 615 hoc
647 545 813 636 praemisso
839 546 934 616 cultu
951 548 1034 638 regis
1060 543 1324 616 benevolentiam

172 673 177 681 ¹
283 651 344 718 sibi
360 651 582 720 conciliarent.
597 649 683 722 Cum
691 653 769 721 verb
777 651 896 721 scirent
907 652 1015 744 ipsum
1025 673 1136 744 regem
1149 673 1245 720 suum
1256 671 1326 718 nou

282 777 353 826 esse
367 753 537 846 futurum,
555 755 614 826 sed
628 755 743 826 alienae
760 758 882 848 gentis,
897 757 1059 848 tregione
1074 757 1133 826 sut
1147 757 1247 847 longe
1271 776 1324 822 re-

282 875 397 948 motae,
415 863 591 955 ipsumque
600 859 643 930 ad
657 862 719 932 viri
730 875 861 931 aetatem
875 861 1025 933 nondum
1036 863 1236 956 pervenisse,
1264 883 1325 929 cur

282 980 409 1036 tantam
428 957 722 1060 peregrinationem
742 969 944 1062 suscipiunt?
966 991 1026 1040 cur
1049 967 1137 1039 dona
1159 967 1323 1051 afferunt,

281 1071 418 1167 quando
432 1073 572 1142 maxime
586 1095 663 1142 cum
679 1073 826 1165 periculo
841 1076 913 1144 haec
933 1073 1054 1145 facturi
1078 1077 1190 1143 crant?
1212 1072 1324 1166 Siqui-

283 1178 379 1264 dem,
397 1179 461 1248 hoc
481 1177 615 1263 audito,
633 1178 779 1249 Herodes
801 1181 954 1251 turbatus
969 1195 1039 1268 est,
1065 1181 1218 1250 turbatus
1243 1179 1323 1248 item

282 1283 426 1377 populus
440 1297 541 1369 totus,
566 1284 644 1353 clim
663 1285 735 1360 haec
766 1309 806 1354 ex
831 1285 896 1355 illis
920 1285 1060 1356 audiret.
1086 1291 1149 1374 At,
1170 1285 1322 1378 inquies,

252 1459 255 1470 ,
282 1391 354 1460 haec
366 1389 415 1459 illi
428 1413 497 1460 non
511 1390 747 1483 praesciebant:
766 1392 881 1461 veriam
900 1392 936 1460 id
950 1415 1027 1462 cum
1044 1393 1170 1462 ratione
1183 1405 1321 1484 pugnat.

281 1501 365 1570 Nam
394 1499 454 1567 etsi
481 1496 661 1568 admodum
683 1498 871 1590 insipientes
899 1498 1052 1585 fuissent,
1079 1500 1230 1591 ignorare
1254 1521 1323 1567 nou

280 1619 435 1698 poterant
466 1627 500 1673 se
532 1605 567 1672 in
590 1605 708 1674 urbem
737 1606 804 1696 regi
831 1603 997 1674 subditam
1018 1605 1202 1691 venientes,
1225 1603 1321 1675 talia-

281 1733 347 1806 que
362 1711 568 1796 nuntiantes,
591 1709 758 1805 aliumque
774 1711 816 1780 ab
832 1735 894 1798 eo,
913 1712 1059 1806 quitum
1074 1711 1248 1803 regnabat,
1268 1735 1321 1780 re-

282 1840 357 1910 gem
383 1828 451 1888 esse
479 1831 712 1905 monstrantes,
749 1820 908 1888 sexcentis
935 1843 1004 1888 sese
1027 1817 1142 1888 mortis
1169 1819 1322 1911 periculis

271 1924 391 2018 objici.
420 1928 623 2006 (iurantem
653 1925 770 2016 pannis
797 1922 985 1993 involutum
1013 1925 1215 1994 adorarunt?
1238 1928 1321 1995 Nam

281 2033 308 2100 si
336 2032 387 2102 vir
415 2029 530 2100 saltem
554 2022 685 2115 luisset,
712 2030 776 2099 diei
803 2031 962 2122 potuisset
983 2030 1077 2118 illos,
1102 2030 1194 2124 qubd
1224 2055 1322 2124 opem

281 2139 350 2230 ejus
370 2150 594 2230 expectarent,
622 2159 657 2206 se
677 2137 713 2204 in
737 2151 887 2228 apertum
909 2137 1094 2230 perictdum
1119 2137 1318 2231 conjecisse:

201 2229 207 2236 ¹
281 2243 379 2338 quod
395 2240 509 2312 tamen
531 2243 639 2338 ipsum
660 2257 812 2310 extremae
834 2241 1009 2313 dementiae
1035 2243 1149 2314 suisset
1165 2250 1318 2330 Persam,

280 2353 476 2438 barbarum,
494 2351 551 2443 qui
577 2349 660 2419 nihil
687 2373 862 2420 commune
882 2353 1020 2421 haberet
1035 2376 1110 2422 cum
1128 2352 1320 2440 ludaeorum

281 2475 391 2553 gente,
402 2459 559 2550 aproprial
571 2460 658 2527 terra
666 2457 831 2528 discedere
840 2458 941 2546 velle,
955 2485 991 2530 ac
1000 2461 1150 2554 patriam,
1165 2475 1321 2552 cognatos

279 2583 313 2636 et
345 2564 484 2635 domum
508 2563 717 2657 relinquere,
740 2589 840 2659 seque
860 2565 953 2636 alteri
980 2591 1083 2660 regno
1105 2567 1278 2661 subjicere.

333 2701 350 2738 u
365 2671 464 2752 Quod
487 2671 514 2740 si
532 2672 601 2740 'hoc
625 2670 764 2741 stultum
787 2671 918 2759 fuisset,
936 2675 1028 2766 quod
1050 2675 1198 2767 sequitur
1220 2673 1320 2763 longe

278 2780 421 2852 stultius.
440 2777 606 2864 Quidnam
621 2779 705 2849 illud
720 2781 788 2850 est?
805 2779 903 2864 Quod
918 2785 985 2850 tim
999 2780 1090 2873 longi
1109 2782 1251 2874 spatium
1260 2783 1319 2850 iti-

279 2888 365 2958 neris
386 2887 524 2972 emensi,
549 2889 724 2980 postquam
751 2886 981 2973 adoraverant,
1014 2901 1200 2956 errantum
1229 2887 1320 2979 apud

260 2986 393 3069 ¹omnes
409 2993 590 3065 tumultum
616 2994 851 3088 excitaverant,
866 2989 982 3063 ‘statim
1002 2997 1121 3065 reversi
1140 2995 1216 3064 sint.
1234 3001 1319 3080 Quae

279 3103 413 3174 tandem
440 3100 596 3172 viderunt
621 3099 714 3190 regni
740 3099 898 3190 insignia?
925 3101 1126 3190 (luguriam,
1154 3125 1316 3194 praesepe,

278 3208 455 3304 puerulum
467 3208 502 3275 in
518 3203 707 3294 cunabulis,
722 3219 861 3304 matrem
876 3192 1065 3300 pauperem.
1088 3209 1228 3278 Guinam
1245 3232 1319 3278 mu-

278 3339 357 3384 nera
373 3310 578 3397 obtulerunt,
600 3325 633 3380 et
648 3312 714 3406 qua
729 3311 771 3380 de
786 3313 901 3382 causi?
913 3317 966 3394 An
981 3337 1019 3382 ea
1034 3313 1099 3400 lex,
1114 3315 1140 3383 is
1152 3338 1223 3384 mos
1233 3329 1314 3400 erat,

278 3437 317 3494 ut
332 3423 485 3492 omnibus
495 3443 553 3514 per
566 3421 680 3489 orbem
692 3421 901 3490 nascentibus
914 3423 1044 3513 regibus
1055 3421 1091 3492 id
1099 3423 1246 3517 obsequii
1256 3425 1316 3492 tri·

191 3525 194 3530 ’
278 3532 518 3602 bueretur‘tnn
530 3551 658 3620 semper
673 3542 833 3597 terrarum
846 3529 1166 3618 orbem‘oircuibant,
1181 3545 1219 3600 ut
1232 3555 1315 3624 quos

276 3640 398 3710 scirent
413 3661 453 3705 ex
469 3634 589 3705 vilibus
604 3648 636 3703 et
648 3635 846 3728 pauperibus
860 3658 949 3726 reges
965 3637 1111 3722 futuros,
1137 3642 1314 3732 antequam

277 3747 312 3815 in
340 3745 466 3835 regium
493 3740 611 3810 solium
636 3742 860 3827 ascenderent,
879 3740 1072 3815 adorarent?
1098 3747 1202 3814 Nemo
1237 3745 1314 3813 saue

275 3851 360 3921 illud
374 3849 503 3918 dixerit.
515 3851 584 3920 Gur
594 3846 774 3938 ergbillum
789 3846 986 3918 adorarunt?
999 3853 1032 3918 st
1047 3871 1157 3918 rerum
1169 3872 1314 3942 praesen-

276 3959 359 4028 tium
375 3957 471 4028 causa
486 4010 495 4044 ,
513 3954 594 4050 quid
609 3978 643 4024 se
655 3977 783 4047 sperare
802 3959 986 4047 poterantb
1007 3955 1148 4050 puerulo
1163 3971 1196 4027 et
1211 3957 1313 4049 inope
1336 4047 1337 4050 Ἴ
