2930 4582
215 401 317 452 etrum
340 406 387 450 Vl·
404 405 446 452 DE
462 404 619 456 METEODO
642 405 677 478 ll(
701 369 918 450 (ἱΟῙίΕΙΜΠῊΙῦν
934 401 1099 453 tuntum.
1126 384 1190 448 263

149 499 276 594 agenda
291 514 376 586 erat,
395 513 428 569 et
447 498 523 570 crim
539 497 582 573 acl
604 498 718 569 fideles
740 499 967 594 loquerentur,
990 499 1191 590 §cripturam

148 630 270 678 sacram
286 605 474 698 simpliciter
491 602 761 696 explanantibus,
778 604 889 676 relatae
904 603 992 698 apud
1004 601 1190 696 Evangelis·

148 725 196 784 tas
213 711 380 786 Parabolae
396 711 547 784 sufficere
557 707 767 782 ridebantur.

190 823 264 894 Non
285 819 406 892 desunt
426 832 539 892 tamen
554 816 622 886 sive
637 815 727 908 apud
748 817 998 902 vetustissimos,
1014 815 1080 886 sive
1102 815 1190 908 apud

146 926 342 1020 recentiores
364 930 541 1006 Doctores,
572 920 726 1016 quaedam
746 923 845 1016 hujus
870 921 1034 994 scribendi
1065 922 1190 1012 generis

145 1030 305 1123 exempla.
325 1031 404 1112 Quis
421 1043 470 1098 est
482 1028 640 1123 enimkqui
653 1029 773 1100 nesciat
788 1043 871 1122 quot
886 1043 1091 1124 quantasque
1103 1029 1193 1122 apud

141 1141 303 1208 llermarn
315 1137 351 1206 in
365 1141 496 1207 Pastore
507 1135 660 1228 legantur
679 1135 915 1224 Similitudines
930 1139 945 1210 P

184 1245 313 1334 «Vitis,
332 1244 454 1336 inquit,
463 1241 635 1314 fructifera
647 1257 716 1329 est,
735 1243 845 1316 ulmus
857 1242 1190 1338 autemlignumsine
1285 1339 1289 1346 ι

144 1349 260 1420 fructu
269 1363 329 1444 est.
343 1347 407 1420 Sed
414 1348 487 1422 ritis
495 1349 578 1442 lraec,
590 1349 650 1420 nisi
661 1350 814 1442 applicita
823 1348 923 1422 luerit
933 1349 1038 1436 ulmo,
1048 1362 1081 1420 ct
1091 1371 1189 1444 super

143 1455 236 1526 illam
248 1455 453 1550 requieverit,
468 1477 536 1526 non
552 1467 661 1551 potest
673 1456 816 1528 multum
837 1455 983 1538 fructum
997 1456 1123 1528 lacere:
1137 1457 1189 1548 ja-

145 1584 222 1632 cens
232 1561 360 1632 enimin
370 1559 565 1638 ter'rdmalos
577 1560 705 1632 fructus
715 1561 813 1638 dat...
826 1564 878 1636 Sic
889 1562 979 1632 dives
987 1561 1089 1632 hahet
1097 1584 1187 1656 opes,

143 1668 524 1760 aDominoverdpauper
532 1667 794 1758 esttllrmigitur
803 1669 1030 1760 divespraestat
1038 1667 1187 1762 pauperi,

142 1797 217 1868 quac
227 1773 364 1868 illicpus
373 1789 464 1860 sunt,
473 1798 599 1868 pauper
609 1777 864 1846 oratDominum
873 1775 1054 1870 prodivite,
1063 1779 1188 1846 etDeus

140 1893 276 1972 praestat
291 1878 384 1952 diviti
400 1880 510 1951 omnia
525 1879 614 1952 bona
634 1909 641 1949 :
660 1880 738 1972 quia
753 1903 879 1974 pauper
895 1879 985 1950 dives
1001 1894 1048 1952 est
1064 1881 1098 1948 in
1114 1903 1188 1954 ora-

140 1986 247 2070 tione,
272 1999 306 2054 et
321 1985 478 2054 virtutem
489 2007 640 2075 maguam
657 1986 758 2064 habet
778 1986 866 2080 apud
883 1987 1060 2080 Dominum
1082 1985 1186 2056 oratio

140 2091 253 2183 ejus...
276 2093 360 2164 Sunt
372 2091 450 2182 ergd
470 2092 569 2164 ambo
589 2106 756 2166 consortes
772 2092 936 2165 bonorum
953 2115 1090 2186 operum
1105 2115 1184 2162 suo-

139 2219 216 2268 rum
232 2200 254 2266 ¹.
270 2223 286 2260 n
712 2199 716 2208 “

187 2331 204 2370 «
229 2303 321 2376 Sicut
340 2302 376 2374 in
398 2301 507 2378 hieme
527 2327 640 2377 omnes
667 2306 797 2376 arbores
824 2306 958 2400 abjectis
978 2305 1065 2377 foliis
1088 2305 1185 2374 aridis

76 2485 77 2496 ,
137 2407 259 2480 similes
276 2423 370 2496 sunt,
397 2432 458 2480 nec
481 2423 590 2502 potest
616 2412 769 2502 cognosci
793 2435 869 2506 quae
889 2425 966 2480 sunt
992 2409 1108 2494 aridae,
1127 2423 1185 2478 aut

138 2538 216 2612 quae
237 2515 356 2586 virides
380 2512 388 2586 ε’
411 2517 508 2592 sicet
528 2516 563 2584 in
586 2517 650 2588 hoc
672 2517 792 2588 saeculo
816 2540 877 2587 nec
896 2517 976 2612 justi
998 2539 1059 2587 nec
1075 2517 1186 2610 injusti
1281 2511 1284 2516 ’

93 2694 98 2704 ,
138 2635 401 2710 cognoscuntur,
426 2622 483 2692 sed
506 2621 626 2694 similes
646 2637 724 2693 sunt
746 2647 872 2694 omnes.
901 2624 992 2694 Siout
1015 2624 1051 2692 in
1072 2635 1185 2692 aestate

138 2727 268 2802 fructus
284 2728 409 2800 arboris
423 2730 661 2822 cujuscumque
682 2729 884 2816 declaratur,
902 2743 935 2798 et
950 2744 1065 2822 patet:
1085 2731 1130 2798 sic
1151 2743 1186 2798 et

133 2832 436 2930 justorumfactum
453 2833 686 2920 declarabitur,
698 2847 732 2904 et
744 2834 882 2928 patebit,
901 2848 935 2902 et
946 2857 1057 2904 omnes
1067 2834 1185 2904 hilares

139 2954 173 3012 et
184 2939 364 3034 gaudentes
379 2941 414 3014 in
429 2939 487 3012 illo
502 2941 622 3012 saeculo
634 2941 848 3012 restituentur
862 2945 887 3012 ².
904 2969 920 3006 u

183 3045 309 3120 Rursus
326 3051 440 3118 Pastor
455 3047 490 3116 in
504 3046 733 3120 ‘Similitudine
746 3049 834 3119 nona
855 3047 1009 3138 mysteria
1030 3043 1184 3116 Ecclesiae

140 3155 267 3224 astruit.
286 3159 456 3246 Apparcnt
476 3153 524 3224 illi
540 3153 648 3225 medie
672 3155 707 3224 in
727 3153 861 3261 planitie
886 3152 1061 3240 duodecim
1085 3176 1183 3223 mon·
1287 3147 1289 3150 ’

139 3274 187 3334 tes
211 3262 292 3333 varii
316 3259 456 3346 coloris,
482 3275 516 3330 et
545 3260 580 3332 in
604 3255 714 3331 medio
736 3283 850 3330 eorum
881 3275 973 3354 petra
1000 3259 1063 3328 illis
1087 3259 1183 3334 altior

140 3367 320 3460 exurgens,
349 3389 425 3458 quae
446 3378 575 3458 portam
596 3355 741 3436 habebat
765 3363 991 3458 splendidam,
1013 3379 1046 3433 et
1073 3366 1183 3435 statim

138 3473 305 3568 Angelum
325 3473 524 3565 interrogat:
544 3471 724 3542 «Primum
752 3463 925 3556 omnium,
945 3471 1099 3558 Domine,
1117 3473 1182 3542 hoc

138 3581 220 3652 mihi
246 3578 465 3660 demonstra:
498 3582 594 3648 Petra
620 3577 692 3647 haec
718 3591 752 3648 et
773 3589 868 3670 porta
897 3576 979 3672 quid
1009 3579 1115 3650 sunt?
1139 3619 1181 3634 -

138 3685 245 3772 nudi,
262 3685 396 3778 inquit:
414 3698 507 3780 petra
521 3685 593 3754 haec
609 3697 642 3754 et
655 3698 750 3776 porta
763 3682 867 3754 Filius
889 3684 947 3754 Dei
963 3697 1076 3778 est.-
1093 3691 1182 3768 Quo·
1289 3760 1292 3764 ,
1359 3761 1361 3766 ,
1438 3659 1440 3680 ³

137 3815 215 3864 nam
234 3803 351 3896 pacto,
371 3792 527 3886 inquam,
543 3790 704 3878 Domine,
722 3804 815 3883 petra
823 3795 923 3862 'vetus
937 3803 998 3879 est,
1009 3804 1103 3884 porta
1119 3815 1182 3862 au·
1303 3807 1308 3814 “

173 3957 180 3984 ι
197 3924 280 3994 nem.
295 3943 359 3992 rae.
375 3940 419 3993 ns.
432 3957 471 4006 ιι,
486 3940 560 3994 simu.
576 3954 600 3994 ι.
617 3939 796 3995 -21d.ibid.
814 3939 888 3992 simu.
905 3940 930 3992 3.
