2930 4582
180 449 283 494 clauc
307 452 352 493 vr.
378 449 419 490 aa
442 445 598 488 marcono
613 445 648 487 m
667 443 873 486 coucromnus
895 407 1063 486 inerint.
1089 423 1153 485 243

115 549 253 620 tandum
264 563 313 618 est
322 547 376 616 illa
384 543 707 616 vellconcionatore
718 539 1027 627 memoriter,velde
1035 543 1159 634 scripto

115 661 134 728 a
148 657 270 726 lectore
287 654 385 724 fuisse
401 652 444 722 ad
460 650 625 720 auditores
641 647 785 714 recitata.

160 765 212 834 Sic
232 763 423 832 memoriter
443 753 486 827 ad
502 755 664 850 populum
681 752 845 820 referebat
861 755 1062 843 Augustinus
1079 777 1158 844 pro·

116 872 301 940 liuentema
314 861 927 958 beatoSteplranosanitatumgratiam‚
939 859 1159 932 cirmdiceret:
1184 945 1187 956 Ι

163 1007 179 1044 «
196 976 296 1069 Apud
309 974 447 1060 Uzalim,
462 972 521 1040 ubi
529 986 578 1039 est
590 971 760 1062 episcopus
772 967 872 1038 frater
887 992 978 1036 meus
993 968 1160 1056 Evodius,

116 1099 240 1178 quanta
256 1081 413 1151 miracula
429 1080 475 1147 ibi
496 1079 577 1148 fiant
596 1077 733 1168 quaerite
757 1090 791 1144 et
811 1076 1024 1146 invenietis..
1043 1076 1165 1145 Mulier

116 1191 272 1284 quaedam
284 1189 395 1256 subito
407 1199 566 1275 aegrotum
579 1183 695 1268 silium,
708 1183 762 1251 cui
774 1206 964 1250 succurrere
977 1181 1164 1251 festinando

116 1321 188 1366 non
203 1297 332 1388 potuit,
346 1297 381 1364 in
397 1294 518 1383 gremio
534 1317 594 1361 suo
610 1293 883 1360 catechumenum
896 1293 1002 1360 amisit
1015 1295 1026 1334 ¹
1038 1323 1075 1382 3..
1090 1312 1169 1384 quaa
1273 1373 1276 1380 ι

117 1405 197 1472 clun
214 1403 348 1472 vidisset
371 1401 521 1470 amissum
546 1414 579 1468 et
594 1398 847 1490 irreparabiliter
863 1399 1049 1489 perditum,
1067 1400 1171 1489 coepit

117 1535 198 1580 eum
217 1513 318 1600 magis
338 1510 416 1577 llere
431 1509 591 1592 fideliter,
616 1510 715 1601 quarn
734 1509 893 1576 materne.
913 1512 985 1578 Non
1001 1509 1088 1577 enirn
1109 1509 1170 1575 srlii

118 1619 171 1685 sui
194 1609 398 1686 desiderabat
413 1617 513 1684 vitam
530 1615 591 1682 nisi
607 1616 643 1682 in
663 1615 777 1682 l'uturo
794 1614 932 1698 saecul0,
950 1629 983 1682 et
1001 1617 1086 1684 hanc
1108 1615 1169 1683 sibi

117 1723 264 1791 ablatam
275 1737 307 1790 et
320 1723 447 1814 periisse
459 1721 648 1814 plangebat.
665 1721 804 1810 lmpleta
818 1722 938 1788 allecta
948 1721 1078 1790 fiduciae
1095 1721 1174 1789 tulit

117 1829 216 1897 illum
232 1843 400 1897 mortuum
408 1883 419 1914 ,
439 1843 472 1896 θῖ
484 1828 629 1896 cucurrit
649 1827 691 1894 ad
706 1828 898 1896 Memoriam
915 1828 1002 1895 beati
1018 1830 1173 1918 martyris

120 1937 293 2027 Stephani,
311 1950 344 2003 et
356 1936 461 2026 coepit
476 1934 518 2003 ab
528 1933 586 2002 illo
599 1932 725 2024 exigere
735 1933 852 2020 silium,
865 1949 897 2002 θῖ
913 1935 1036 2004 dicere:
1056 1939 1174 2006 Sancte

116 2059 259 2133 martyr,
273 2045 363 2112 vides
376 2042 506 2110 nullum
519 2043 600 2110 mihi
612 2043 802 2110 remansisse
814 2042 979 2112 solatium.
995 2049 1068 2114 Non
1082 2047 1168 2115 enim
1199 2114 1203 2124 ,

119 2175 253 2242 possum
274 2149 381 2218 dicere
397 2149 503 2218 filium
517 2149 727 2240 praecessisse,
746 2173 845 2242 quern
863 2152 949 2218 nosti
967 2153 1115 2243 periisse,
1134 2168 1171 2221 tu

119 2257 336 2341 enimvidcs,
357 2280 458 2349 quare
471 2255 637 2347 plangam.
656 2257 772 2324 Redde
789 2257 893 2325 filium
912 2282 1039 2344 meum,
1058 2276 1096 2328 ut
1111 2261 1171 2330 ha·
1207 2293 1209 2300 ·

119 2366 219 2448 bearn
235 2388 312 2432 eum
328 2365 405 2432 ante
424 2377 635 2454 conspectum
652 2363 852 2431 coronatoris
869 2365 929 2432 tui.
949 2370 1027 2434 llaec
1044 2381 1078 2435 et
1094 2367 1169 2439 talia

120 2475 199 2543 ciam
215 2488 419 2565 precaretur,
442 2471 594 2560 lacrymis
610 2472 754 2564 quodam
768 2470 867 2540 modo
884 2497 950 2540 non
969 2477 1173 2566 petentibus,·

119 2581 179 2651 sed
195 2582 418 2670 exigentibus,
433 2582 546 2649 revixit
560 2581 646 2649 filius
661 2582 770 2674 ejus...
794 2583 961 2651 Continuo
981 2583 1058 2652 tulit
1074 2585 1169 2657 illum

120 2690 406 2782 ad'preslryteros3
428 2689 611 2780 baptizatus
633 2701 698 2771 θεῖ,
722 2690 940 2756 sanctificatus
957 2705 1021 2776 est,
1048 2710 1169 2764 unctus

119 2811 184 2880 est,
203 2797 353 2886 imposita
370 2809 419 2864 est
434 2795 463 2862 ei
480 2818 617 2882 manus,
634 2794 804 2884 completis
820 2795 971 2863 omnibus
987 2815 1172 2870 sacramen-¹

120 2904 164 2973 tis
181 2918 366 2994 assumptus
381 2917 439 2970 est.
455 2901 514 2970 llla
527 2915 635 2968 autern
649 2899 707 2968 tali
719 2923 795 2968 eum
811 2925 888 2970 cum
901 2902 997 2971 vultu
1011 2903 1165 2995 deduxit,

119 3013 283 3102 tanquam
298 3035 363 3078 non
376 3010 555 3077 deduceret
565 3010 610 3076 ad¹
619 3009 764 3100 requiem
774 3009 927 3102 sepulcri,
940 3009 998 3080 sed
1006 3011 1048 3082 ad
1060 3015 1168 3085 sinum

120 3119 278 3206 martyris
296 3117 452 3208 Stephani
467 3122 492 3183 ².
509 3116 542 3180 εΔ
997 3113 999 3120 ’

156 3230 227 3296 Νθθ
237 3223 344 3292 mimis
355 3229 481 3293 certum
491 3237 539 3290 est
547 3220 716 3306 miracula,
728 3241 796 3288 non
806 3220 910 3289 solium
922 3245 958 3290 e
969 3249 1046 3318 quae
1056 3230 1168 3319 primis

122 3332 331 3424 temporibus
343 3343 468 3423 patrata
482 3326 624 3408 lucrant,
642 3329 698 3394 sed
710 3349 793 3394 nova
806 3327 916 3410 etiarn,
928 3330 953 3395 si
966 3355 1041 3420 quac
1058 3357 1171 3407 recens

123 3453 178 3508 ter
193 3439 394 3522 evenissent,
410 3439 428 3504 b
446 3435 567 3502 lectore
580 3431 757 3500 suisscsive
775 3434 919 3523 proxime
939 3437 1015 3502 ante
1036 3445 1171 3513 concio-

125 3563 218 3626 nem,
238 3545 305 3612 sive
329 3543 370 3612 ad
386 3544 453 3636 ejus
468 3542 568 3609 finem
593 3537 634 3606 de
652 3537 774 3628 scripto
790 3537 923 3629 publice
936 3542 1080 3614 recitata.
1106 3553 1171 3631 Qui

125 3652 216 3718 enim
230 3651 331 3722 sancti
345 3649 479 3740 alicujus
496 3669 558 3738 ope
568 3669 605 3714 ac
621 3644 918 3736 deprecationibus,
936 3645 987 3714 vel
1001 3671 1040 3716 ex
1057 3659 1174 3730 morbo

127 3756 382 3840 convaluerant,
404 3755 457 3824 vel
480 3753 675 3846 impendens
699 3749 838 3843 aliquod
865 3774 962 3841 grave
988 3759 1172 3846 periculum

127 3879 392 3958 praesentemque
412 3861 629 3930 calamitatem
649 3856 869 3944 declinarant,
891 3859 913 3928 ii
937 3858 1065 3938 libellos
1087 3877 1174 3968 epis.

170 4001 176 4028 ¹
192 3996 218 4044 S.
234 3995 333 4058 August.
348 3993 424 4042 Serm.
437 4004 546 4053 cccrrnr,
560 4005 585 4038 n.
600 3987 621 4038 3.
640 3997 692 4023 -Λ
706 3985 741 4037 Id.
754 4001 859 4036 cccxxiv.
892 3995 895 4000 '

871 4081 875 4087 “
968 4074 1015 4136 16.
