2982 4584
149 500 152 506 ,
240 445 342 492 olaus
364 448 410 494 vr.
435 451 477 494 os
500 449 707 494 usrnonom
725 445 932 493 coucromsns
954 441 1120 491 anamim.
1146 428 1211 492 tls

173 545 253 616 dicti
277 559 374 631 sunt,
401 547 478 616 hinc
498 547 678 615 abstractos
698 559 731 614 et
753 545 902 624 avulsos;
926 545 982 614 sed
1008 547 1161 637 prompte
1178 560 1212 616 et

172 653 321 722 alacriter
338 654 379 722 ad
397 653 525 722 beatam
542 653 632 721 illam
649 657 681 719 e't
694 653 877 742 longaevam
890 651 990 722 vitam
1002 653 1211 742 proficiscen·

170 773 238 844 tes,
253 785 328 852 quae
341 775 389 829 est
402 761 437 828 in
450 761 581 830 Christo
597 763 674 827 Jesu
691 760 831 830 Domino
843 773 975 845 nostro,
991 756 1044 827 c'ui
1060 759 1161 849 gloria
1176 760 1211 830 in

80 937 81 940 ,
171 866 289 935 saecula
302 867 509 952 saeculorum.
529 867 667 933 Amen&
688 891 704 928 r

216 975 272 1040 tv.
291 977 359 1042 Nec
379 978 531 1040 Personae
550 970 695 1053 tantum,
714 969 756 1040 de
771 972 838 1063 qud
860 993 967 1040 sermo
974 1024 987 1057 ,
1009 969 1211 1039 mentionem

171 1076 305 1145 adhibet
319 1092 451 1168 sanctus
471 1082 609 1160 Ductor,
623 1076 679 1144 sed
692 1092 724 1145 et
735 1075 824 1144 illam
842 1075 1017 1168 aliquande
1032 1075 1109 1144 licet
1121 1097 1211 1144 mor·

170 1195 261 1250 tuam
278 1182 481 1274 interpellat,
496 1196 535 1250 ut
551 1181 660 1250 videre
672 1196 720 1250 est
735 1183 768 1249 in
785 1182 918 1250 funebri
931 1183 1103 1271 Gorgoniae
1118 1206 1212 1252 soro·
1279 1233 1284 1237 -

171 1288 214 1355 ris
226 1290 395 1371 Oratione,
413 1287 455 1354 ad
472 1311 584 1378 quam,
600 1289 730 1356 narrata
751 1286 897 1380 ejusdem
912 1287 1000 1357 felici
1015 1302 1144 1374 morte,
1162 1287 1213 1356 ul·

174 1394 249 1462 tima
266 1395 400 1462 demirm
416 1396 515 1462 verba
532 1395 642 1484 dirigit
659 1423 666 1465 r

220 1527 235 1564 a
263 1502 314 1570 Sic
333 1500 389 1569 illa
410 1501 568 1584 solvitur,
587 1514 660 1586 aut,
679 1497 718 1569 ut
731 1500 846 1569 melitis
866 1499 1002 1592 loquar,
1018 1500 1208 1587 assumitur,

172 1620 228 1673 aut
238 1607 356 1690 avolat,
371 1621 428 1674 aut
436 1599 655 1696 transmigrat,
668 1622 724 1674 aut
737 1605 907 1697 paululum
921 1607 997 1674 ante
1010 1606 1127 1698 corpus
1137 1608 1212 1675 abs-

171 1713 564 1791 ceditverumcnimverd
574 1713 680 1806 qualis
689 1713 789 1804 ipsius
798 1713 869 1780 laus
879 1713 959 1780 mibi
972 1713 1212 1804 propemodum

171 1817 309 1887 exciditl
329 1819 477 1885 Fortasse
495 1833 604 1886 autem
620 1841 663 1885 ne
679 1833 715 1885 tu
739 1817 873 1908 quidem
896 1816 930 1884 id
951 1841 1062 1908 passus
1078 1816 1209 1904 fuisses,

171 1926 191 1994 ὂ
210 1922 385 2015 spiritualis
400 1923 490 1990 illius
505 1923 703 2014 pater,‘qui
716 1924 813 1990 etiam
835 1923 1029 1996 miraculum
1048 1924 1136 1992 istud
1157 1947 1212 1993 ac·

170 2031 283 2100 curate
299 2030 498 2113 observasti,
518 2029 679 2122 nobisque
694 2029 841 2098 indicdsti
861 2053 1041 2120 :magnum
1056 2031 1154 2115 sane,
1173 2045 1213 2100 ut

169 2139 232 2230 ipsi
248 2139 289 2205 ad
305 2136 463 2226 gloriam,
481 2135 527 2204 ita
543 2138 639 2205 uobis
654 2135 696 2204 ad
714 2137 841 2204 vlrtutis
856 2139 1094 2206 monimentum
1112 2153 1211 2231 atque

170 2243 316 2336 ejusdcm
334 2241 553 2326 dissolutionis
568 2241 778 2310 desiderium.
795 2247 841 2310 Ao
855 2243 934 2310 mihi
948 2244 1063 2311 horror
1074 2244 1210 2336 quidam

169 2351 271 2420 subit.
287 2347 511 2440 lacrymaeque
528 2347 709 2431 simul,boc
723 2347 916 2430 miraculum
933 2350 1211 2418 recordanti..lam

170 2455 377 2539 solvebatur,
400 2470 500 2547 atque
519 2468 679 2522 extremos
704 2454 835 2545 spiritus
863 2454 1011 2540 efflabat,
1028 2479 1065 2523 ac
1087 2453 1211 2524 circum

170 2585 242 2630 eam
269 2561 340 2629 tbm
367 2563 646 2652 propinquorum,
672 2560 744 2630 tirm
767 2576 951 2630 exterorum
976 2563 1096 2630 chorus
1123 2576 1208 2648 erat,
1291 2570 1297 2582 '

169 2661 536 2762 prosecutionis-officia
558 2668 617 2757 ipsi
634 2669 882 2757 praestantium3
899 2683 932 2734 et
951 2669 1072 2739 vetulae
1098 2669 1211 2738 matris

171 2773 374 2856 observatio,
400 2774 583 2864 animaque
606 2773 755 2841 distortio
771 2773 893 2840 exitum
919 2772 1081 2863 zelotypia
1097 2797 1210 2863 prose-

171 2878 319 2972 quentis,
349 2891 383 2944 et
404 2877 504 2945 mirus
527 2878 675 2946 omnium
704 2899 796 2946 amor
820 2879 981 2946 anxietate
1010 2879 1208 2970 permixtus,

170 3007 313 3078 quorum
328 2981 395 3051 'alii
406 3035 427 3072 ,⁶
441 2983 483 3051 ad
506 2984 762 3052 exsuscitandam
784 2984 823 3056 in,
847 3007 961 3053 eorum
978 2986 1095 3058 animis
1110 2986 1211 3076 ipsius

162 3091 379 3172 memoriam,
396 3089 519 3182 aliquid
536 3091 650 3158 audire
666 3091 863 3181 gestiebant,
882 3091 935 3160 alii
952 3093 1029 3162 verb
1042 3092 1134 3184 loqui
1149 3115 1210 3161 cu-

169 3196 323 3288 piebant,
342 3217 402 3263 nec
416 3209 526 3262 tamen
543 3195 721 3264 audebant.
740 3201 788 3264 Ac
808 3212 908 3264 mutae
930 3197 1104 3287 lacrymae,
1124 3221 1210 3266 moe·
1264 3234 1268 3242 ·

171 3325 290 3394 torque
305 3299 506 3382 incurabilis
518 3307 528 3384 l
538 3323 598 3368 nec
613 3301 700 3367 enim
726 3302 816 3390 pium
832 3302 1018 3386 videbatur,
1037 3327 1121 3388 earn,
1135 3327 1211 3396 quae

169 3407 215 3476 ita
231 3407 429 3490 discederet,
444 3404 538 3473 luctu
556 3405 707 3497 prosequi
720 3459 728 3488 ,
740 3409 753 3495 )
763 3405 932 3498 altumque
946 3408 1112 3476 silentium
1128 3423 1210 3496 erat,

170 3537 208 3582 ao
225 3535 311 3579 mors
330 3511 416 3579 illius
432 3533 530 3579 sacrae
546 3512 715 3603 cujusdam
732 3513 935 3580 caeremoniae
949 3515 1088 3604 speciem
1106 3515 1211 3582 habc-

170 3619 240 3687 bat.
259 3618 317 3685 llla
335 3633 462 3702 autem,
487 3616 647 3710 quantiam
665 3617 799 3709 quidem
817 3642 855 3685 ex
868 3633 1001 3710 aspectu
1017 3604 1133 3712 conjici
1149 3643 1211 3712 po·
1229 3627 1236 3642 ¹

170 3737 277 3803 terat,
303 3745 363 3790 nec
388 3723 550 3812 spirabat,
577 3747 638 3791 nec
654 3724 864 3805 movebatur,
882 3747 943 3792 nec
960 3747 1076 3806 sonum
1105 3725 1211 3794 ullum

170 3827 308 3910 edebat,
323 3824 555 3921 silentiumque
566 3828 651 3912 illud
664 3827 758 3896 fracti
774 3825 807 3898 et
823 3829 972 3900 dissoluti
987 3831 1132 3922 corporis
1145 3831 1213 3922 opi·

208 3969 214 3993 ¹
230 3959 255 4007 S.
277 3959 377 4020 Gregor.
391 3955 507 4020 Theologr
518 3952 584 4009 'Orat
596 3974 627 4008 ru
640 3996 647 4024 ,
662 3975 686 4008 n.
703 3957 747 4021 23,
761 3955 803 4022 alp⁸
