2982 4584
241 439 343 487 carun
366 443 413 487 vt.
438 441 480 485 or
503 411 660 486 massono
683 441 720 485 m
735 437 944 485 cenomanos
959 434 1127 486 mutarat.
1153 421 1217 488 183
1306 408 1308 414 ’

175 537 208 609 si
216 537 343 634 vigilet,
355 537 558 635 splendidior
572 535 699 611 evadit:
711 535 847 609 Invidus
857 539 936 609 verb
947 537 1043 639 plura
1053 538 1219 612 sibi-mala

159 687 167 694 -·
175 649 374 738 accumulat.
385 649 447 720 Sic
462 659 496 717 et
515 647 639 739 loseph
660 642 797 715 illustris
807 643 946 715 effectus
959 659 1020 715 est.
1039 646 1091 716 Sic
1108 650 1219 718 Aaron

174 755 338 829 sacerdota
350 757 427 828 nam
436 753 629 827 Invidomm
639 751 767 824 insidiae
776 753 961 824 effecerunt
971 757 1107 824 utDcus
1118 755 1219 828 semel

106 916 108 920 a
174 879 208 934 ct
222 865 274 955 bis
288 849 439 935 eamdem
450 860 551 931 ferret
565 859 782 949 sententiam,
800 873 835 930 et
849 875 888 932 nt
899 861 992 954 virga
1007 861 1215 952 germinaret.

172 971 228 1042 Sic
238 983 272 1042 et
288 969 393 1042 Jacob
410 967 518 1038 multd
531 989 643 1038 rerum
657 968 752 1062 copia
768 967 1126 1063 abundantemque
1144 991 1218 1042 orm

111 1147 115 1158 ,
141 1065 143 1070 ’
172 1079 282 1150 nibus.
297 1079 349 1150 Sic
362 1072 471 1149 Invidi
481 1075 517 1146 iri
530 1075 621 1148 mille
634 1097 668 1146 se
682 1071 777 1155 malis
791 1069 1044 1170 complicarrmt.
1055 1081 1139 1162 Quae
1150 1099 1221 1148 om·

173 1189 228 1257 nia
241 1173 764 1280 scientes,·fugiamushujosmodi
773 1185 893 1260 zelum.
902 1185 1081 1274 Curenim,
1094 1209 1221 1281 quasso,

173 1294 407 1386 invides‘lquia
422 1289 625 1386 spiritualem
639 1293 774 1386 gratiam
787 1291 889 1364 frater
898 1293 1044 1387 aceepit?
1055 1297 1219 1390 Etaquo,

174 1421 308 1495 quaeso,
326 1401 472 1494 accepit?
488 1421 599 1472 nonne
615 1401 635 1470 a
654 1403 747 1472 Deo?
762 1399 851 1494 Ergo
871 1403 987 1472 contr'a
1001 1401 1098 1472 illum
1113 1402 1219 1474 inimi·

175 1508 431 1601 citiamsuscipc
451 1509 509 1602 qui
521 1508 647 1579 donum
662 1505 815 1579 contulit.
831 1505 994 1578 Vides-ne
1010 1512 1079 1604 qud
1093 1509 1221 1581 malum

125 1645 126 1648 ¹
175 1615 291 1706 serpit,
315 1628 349 1684 et
376 1613 508 1708 qualem
539 1615 759 1706 colophonem
783 1627 997 1708 peccatorum
1016 1615 1164 1704 inducit,
1188 1630 1223 1688 ct

175 1735 336 1814 quantum
353 1721 492 1792 suffodit
507 1721 663 1814 ‘supplicii
686 1723 906 1792 barathrum?
926 1723 1107 1815 Fugiamus
1122 1725 1218 1815 ergo,
1244 1715 1247 1720 ’

174 1826 310 1920 Dilecti,
336 1851 446 1922 neque
469 1829 696 1914 inuideamus,
727 1849 766 1898 ac
793 1851 854 1920 pro
875 1828 999 1899 Invidia
1023 1853 1218 1923 precemur,

173 1935 322 2029 nihilque
337 1959 405 2006 non
421 1955 572 2028 agamus,
599 1949 638 2004 ut
661 1936 814 2006 morbum
829 1935 962 2006 illorum
978 1937 1218 2028 extinguamus.

175 2039 239 2113 Sed
251 2062 293 2113 ne
308 2035 424 2112 eadem
440 2065 516 2136 quae
531 2043 637 2112 insani
652 2041 701 2111 illi
716 2043 897 2136 patiamur,
917 2043 977 2137 q'ui
987 2044 1136 2116 volentes
1151 2067 1221 2139 poe·

173 2151 282 2218 nasale
297 2149 360 2218 illis
374 2151 501 2240 exigere
513 2201 522 2236 ,
534 2150 644 2220 omnia
658 2148 784 2219 faciunt
795 2163 834 2219 ut
843 2150 1013 2220 flammam
1023 2147 1088 2222 sibi
1103 2177 1221 2224 accen·

172 2256 265 2327 dant.
284 2261 329 2326 at
344 2279 387 2325 ne
405 2257 451 2326 iat
475 2277 553 2343 mos,
571 2255 629 2325 sed
646 2255 825 2326 defleamus
843 2255 918 2328 illos
935 2271 969 2327 ct
984 2257 1215 2349 lamentemur.

173 2363 240 2455 Ipsi
260 2363 348 2433 enim
364 2375 442 2434 sunt
461 2363 518 2457 qui
540 2361 728 2449 laeduntur,
752 2382 899 2434 vermem
918 2365 1077 2436 habentes
1098 2389 1219 2460 perpe-

172 2483 282 2557 tuum,
294 2491 351 2542 cor
363 2473 509 2564 ipsorum
520 2469 741 2569 arrodentem,
753 2470 913 2541 etvencni
929 2487 1129 2564 congregant
1143 2471 1220 2545 fon·-
1273 2487 1275 2496 ’

173 2593 241 2649 tem
250 2581 340 2652 omni
349 2577 426 2648 selle
435 2580 814 2670 amarioremllogcmus
824 2579 1217 2672 ergbbenignumllarm,
1235 2584 1241 2594 '

173 2699 213 2754 ot
227 2697 261 2754 ct
275 2683 338 2754 illis
354 2675 512 2753 morbum
533 2683 709 2752 immutet:
727 2697 761 2751 et
775 2705 836 2752 nos
854 2707 896 2752 ne
912 2689 1064 2777 unquam·
1075 2689 1112 2757 in
1126 2691 1218 2762 hunc
1325 2723 1330 2727 ·

173 2791 369 2862 incidamus.
391 2791 475 2861 Nam
486 2790 670 2858 inacessom
683 2801 732 2858 est
744 2786 869 2858 coelum
884 2791 913 2858 ei
929 2791 988 2882 qui
1003 2793 1065 2865 hac
1078 2780 1218 2867 tabe'la-

176 2899 270 2968 borat
287 2911 341 2968 :et
355 2897 431 2968 ante
443 2897 567 2967 coelum
577 2897 651 2965 baec
662 2897 729 2967 vita
737 2918 806 2966 non
815 2896 922 2967 vitalis
932 2911 991 2967 est.
1004 2903 1120 2994 Neque
1130 2891 1220 2972 enim

171 3007 299 3097 lignum
320 3019 354 3077 et
367 3006 476 3075 lanam
491 3003 637 3082 insidens
652 3005 741 3075 tinea
760 3005 807 3076 ita
825 3003 1062 3095 rodere-solet,
1076 3023 1116 3079 ut
1130 3011 1219 3082 invi-

173 3115 238 3183 diae
255 3109 354 3182 febris
370 3134 442 3184 ossa
460 3109 653 3204 invidorum
667 3110 833 3197 corrodit,
850 3125 884 3182 et
901 3113 1020 3183 animae
1030 3128 1219 3208 temperan-

172 3219 253 3290 tiam
279 3219 468 3289 labelactat.
496 3210 539 3288 tlt
559 3219 661 3311 igitur
688 3233 723 3288 et
748 3241 808 3288 nos
832 3233 866 3288 et
880 3219 959 3289 alios
972 3219 1017 3295 ‚ab
1036 3221 1235 3296 maumetis·

174 3349 328 3399 eruamus
342 3325 452 3413 malis,
470 3325 671 3418 expellamus
695 3325 826 3394 'anobis
837 3326 924 3394 hanc
939 3326 1060 3397 malam
1075 3327 1231 3418 febrim,

173 3437 288 3532 quavis
302 3435 381 3506 tabe
395 3432 613 3521 deteriorem,
631 3444 670 3500 ut
685 3430 847 3522 spirituali
858 3445 1011 3524 suscepto
1026 3434 1165 3524 robore,
1185 3451 1219 3508 et

95 3543 97 3548 ’
174 3565 316 3638 praesens
336 3555 500 3614 certamen
521 3539 748 3632 perficiamus,
774 3552 809 3608 et
827 3537 955 3608 futuras
977 3561 1219 3638 consequamur

174 3673 311 3722 coronas
325 3706 333 3738 ,
348 3673 428 3744 quas
443 3649 572 3718 utinam
588 3667 648 3716 nos
663 3667 777 3716 omnes
797 3645 932 3738 adipisci
945 3649 1127 3741 contingat,
1141 3674 1217 3742 gra-

175 3761 220 3830 tia
244 3773 277 3828 ct
299 3757 501 3848 benignitate
521 3753 653 3854 Domini
673 3755 778 3830 nostri
805 3758 884 3824 Jcsu
900 3755 1040 3842 Christi,
1055 3781 1132 3828 cum
1149 3783 1217 3854 quo

175 3867 265 3938 Patri
280 3867 413 3956 unaque
437 3863 571 3955 Spiritui
585 3874 718 3946 sancto,
737 3860 856 3951 gloria,
881 3861 1073 3953 imperium,
1091 3866 1214 3957 bonor,

345 3989 349 3994 ’
1046 3991 1095 4053 31.
