2964 4576
265 429 328 490 120
392 436 591 498 ¹rtrrrrourort
614 435 640 480 s·
666 435 819 495 arraona,
845 429 921 477 alna
945 433 992 493 11,
1017 433 1100 478 sacr.
1126 435 1149 476 1.

260 539 399 631 ligarent
414 541 433 608 a
454 543 522 609 Deo
537 558 670 609 carnem
686 534 830 626 potuisse
845 531 982 624 suscipi,
1004 553 1066 600 nec
1084 553 1161 599 eum
1176 530 1211 599 in
1227 553 1302 601 car·

259 671 337 720 nem
352 647 496 740 potuisse
508 645 650 715 mutari:
668 641 889 732 intelligerent
901 661 977 708 eum
989 638 1196 732 assumpsisse
1211 639 1304 732 quod

260 777 331 828 non
345 765 427 840 erat,
444 770 475 824 et
486 751 699 846 permansisse
716 747 809 842 quod
824 760 909 838 erat3
929 759 962 816 et
983 747 1019 815 in
1033 746 1167 816 homine
1185 746 1227 816 ad
1242 759 1304 819 nos

259 861 403 947 venisse,
416 872 451 930 et
464 859 485 929 ὲ
499 864 595 930 Patre
609 879 678 927 non
689 854 873 946 recessisse3
886 866 921 930 ,et
936 850 982 944 ida
992 875 1069 922 eum
1083 875 1305 946 perseverasse
1421 903 1426 914 „

261 966 355 1063 quod
377 975 446 1055 est,
463 980 497 1037 et
519 965 616 1036 nobis
640 963 825 1056 apparuisse
848 959 940 1056 quod
961 983 1093 1051 sumus3
1114 975 1148 1031 et
1174 965 1305 1055 corpori

258 1074 404 1148 infantili
424 1071 606 1168 potentiam
624 1094 693 1141 esse
707 1069 862 1156 inditam,
880 1084 914 1138 et
936 1067 1216 1168 mundanae'moli
1235 1093 1306 1140 non

259 1206 328 1258 esse
346 1182 559 1252 subtractam.
577 1182 681 1274 Cujus
703 1201 786 1272 opus
810 1191 858 1248 est
873 1176 962 1269 apud
987 1181 1118 1246 Patrem
1140 1179 1305 1248 manentis

260 1292 405 1362 mundus
421 1289 608 1374 universus,
628 1289 728 1382 hujus
752 1310 836 1380 opus
850 1301 899 1356 est
915 1285 957 1356 ad
971 1308 1032 1355 nos
1046 1285 1207 1355 venientis
1226 1287 1305 1357 Vir-

260 1399 341 1493 ginis
353 1409 477 1492 partus.
495 1394 594 1465 Dedit
608 1395 733 1486 qnippe
749 1391 908 1463 indicium
922 1392 1099 1486 majestatis
1114 1394 1184 1487 ejus
1203 1393 1305 1485 Virgo

258 1499 375 1590 mater,
393 1503 494 1597 qnam
512 1501 604 1591 virgo
620 1502 696 1569 ante
715 1513 931 1594 conceptum,
948 1501 1018 1568 tam
1029 1500 1121 1591 virgo
1137 1514 1211 1591 post
1225 1523 1305 1593 par-

259 1625 350 1702 tum3
366 1611 387 1680 d
404 1608 477 1680 viro
496 1630 669 1700 praegnans
684 1608 836 1695 inventa,
853 1630 920 1678 non
936 1607 1023 1678 facta
1041 1637 1049 1676 :
1067 1608 1201 1699 gravida
1216 1631 1305 1680 mas-

258 1718 348 1804 culo,
366 1715 436 1786 sine
447 1705 594 1785 masculo
613 1741 622 1785 :
639 1710 765 1792 felicior
778 1728 877 1807 atque
889 1712 1070 1784 mirabilior
1086 1705 1305 1786 foecunditate

258 1823 383 1909 addita,
402 1821 590 1912 integritate
604 1843 673 1889 non
687 1817 825 1912 perdita.
849 1823 922 1889 Hoc
938 1821 1006 1889 tarn
1024 1819 1146 1910 grande
1161 1821 1305 1892 miracu-

257 1931 330 2002 lum
339 1925 524 2000 maluntilli
536 1928 650 1997 lictum
660 1941 789 2018 putare,
804 1928 904 2019 quim
913 1924 1049 1996 factum.
1063 1929 1112 1996 lta
1126 1926 1161 1995 in
1173 1922 1305 2000 Christo

256 2037 393 2109 homine
408 2049 442 2105 et
459 2039 547 2119 Deo,
570 2033 875 2129 crederequonidm
895 2056 964 2102 non
979 2029 1116 2125 possunt
1135 2034 1301 2125 humana,

147 2202 153 2216 ,
258 2155 494 2232 contemnunt3
512 2142 671 2236 qnoniam
692 2165 761 2212 non
779 2153 916 2234 possunt
938 2153 1149 2211 contemnere
1169 2140 1301 2230 divina,

188 2343 191 2349 Ι
258 2275 328 2324 non
342 2249 501 2323 credunt:
510 2250 612 2322 Nobis
624 2263 734 2320 autem
750 2252 875 2344 quanto
890 2247 954 2318 illis
966 2249 1140 2344 abjectius,
1153 2254 1246 2321 tanto
1262 2253 1305 2322 sit

260 2358 385 2452 gratius
399 2357 436 2426 in
447 2354 636 2426 humilitate
651 2357 712 2426 Dei
728 2356 870 2428 hominis
888 2378 1006 2449 corpus
1024 2384 1033 2428 ς
1051 2369 1084 2424 et
1095 2354 1226 2450 quanto
1240 2357 1305 2429 illis

258 2478 307 2536 est
324 2461 577 2558 impossibilior,
593 2463 688 2533 tanto
702 2462 744 2532 sit
763 2461 904 2534 divinior
918 2463 954 2531 in
973 2456 1117 2532 hominis
1133 2463 1305 2535 nativitate

256 2571 399 2662 Virginis
414 2583 540 2664 partus.
1038 2618 1041 2626 ,
1212 2627 1216 2637 ,

314 2705 332 2744 n
358 2677 502 2748 Proinde
526 2673 675 2748 Natalem
703 2676 834 2747 Domini
860 2675 1046 2772 frequentia
1072 2691 1105 2747 et
1125 2677 1303 2748 festivitate

257 2783 370 2856 debita
394 2783 610 2855 celebremus.
647 2781 808 2854 Exultent
830 2784 917 2871 viri,
950 2781 1098 2853 exultent
1123 2783 1301 2854 foeminae:

257 2893 408 2964 Christus
423 2893 473 2962 vir
497 2903 673 2984 estrnatus,
693 2913 733 2958 ex
753 2886 890 2960 soeminal
906 2905 953 2960 est
977 2904 1073 2961 natus
1086 2922 1095 2981 3
1106 2905 1146 2961 'et
1162 2905 1304 2986 uterque

256 3022 350 3071 sexus
374 3013 424 3069 est
448 2999 640 3068 honoratus.
665 2998 740 3063 Jtm
760 2999 838 3087 ergo
862 2996 905 3066 ad
927 2995 1109 3066 secundum
1131 2997 1302 3068 hominem

256 3119 417 3190 transeat,
444 3105 502 3197 qui
525 3105 561 3172 in
586 3103 693 3198 primo
712 3099 835 3180 ¹fuerat
850 3104 925 3174 ante
951 3103 1137 3175 damnatus.
1158 3109 1302 3176 Mortem

254 3210 350 3282 nobis
365 3209 569 3304 persuaserat
584 3207 722 3280 foemina
744 3239 752 3280 ε
776 3210 879 3280 vitam
894 3210 991 3280 nobis
1005 3210 1132 3304 peperit
1148 3209 1298 3281 foemina.

254 3320 339 3392 Nata
351 3331 407 3403 ‚est
432 3315 612 3388 similitudo
627 3316 732 3386 carnis
747 3317 889 3409 peccati,
906 3319 972 3410 qud
991 3317 1210 3387 mundaretur
1225 3342 1303 3389 caro

256 3425 405 3520 peccati:
423 3447 492 3496 non
507 3425 619 3519 itaqu'e
635 3447 711 3494 caro
727 3423 901 3518 culpetur,
918 3425 976 3494 sod
996 3441 1035 3497 ut
1056 3439 1174 3497 natura
1188 3427 1299 3513 vivat,

261 3531 360 3625 culpa
375 3531 533 3604 moriatur
548 3561 556 3616 ;
573 3532 651 3626 quia
670 3532 739 3602 sine
754 3529 852 3625 culpat
874 3546 970 3602 natus
986 3547 1050 3621 est,
1067 3535 1183 3626 inquo
1200 3533 1228 3602 is
1243 3535 1303 3628 qui

88 3717 90 3722 ¹
167 3651 179 3737 ᾗ
254 3641 290 3709 in
313 3638 412 3732 culpi
432 3637 560 3726 fuerat,
582 3651 779 3708 renascatur.
809 3639 962 3708 Exultate
981 3641 1075 3733 pueri
1093 3637 1217 3727 sancti,
1241 3643 1302 3734 qui

256 3745 425 3816 Christum
450 3747 616 3840 praecipue
641 3743 848 3838 sequendum
876 3744 1034 3837 elegistis,
1059 3748 1117 3841 qni
1149 3748 1304 3840 conjugia

174 3858 176 3862 ’
255 3871 324 3919 non
346 3851 516 3943 quaesistis.
536 3856 611 3956 Non
633 3849 677 3920 ad
699 3875 756 3924 vos
780 3874 838 3944 per
857 3853 1049 3944 conjugium
1072 3853 1178 3940 venit,
1198 3876 1300 3947 quem

258 3955 464 4050 sequendum
479 3957 665 4048 invenistis3
681 3971 721 4027 ut
742 3955 880 4028 donaret
898 3959 991 4031 vobis
1008 3973 1218 4032 contemnere
1239 3983 1300 4053 per
