2996 4598
258 433 301 494 76
414 446 643 494 nuurotucltS.
668 448 822 511 aurnum,
847 445 922 494 elas
945 451 988 510 11,
1012 449 1135 494 suoru

258 547 465 618 currentibus
474 571 527 616 me
535 572 628 640 posse
643 547 794 618 sulficere
809 571 877 618 non
885 505 1309 640 putarem1n—Similiter'

259 669 293 725 et
308 654 460 726 adversius
477 657 613 748 gentiles
629 654 810 748 disputans,
819 679 877 748 qut
891 678 1065 747 corporum
1086 656 1300 726 resurrectio-

257 785 335 830 nem
350 762 601 853 impugnabant,
620 761 655 829 in
670 761 760 834 hunc
775 775 924 830 tenorem
939 760 1108 832 concludit
1124 791 1132 830 :
1153 765 1300 845 «Quan-

207 919 209 924 .
258 869 330 938 tiun
343 868 501 954 existimo,
515 891 706 961 responsum
719 881 768 938 est
778 867 854 955 illis,
864 869 949 938 sicut
960 867 1142 960 intelligere
1150 869 1299 960 potestis,

258 975 342 1044 sicut
352 987 385 1044 et
399 997 459 1044 nos
470 973 564 1068 loqui
577 998 766 1068 possumus,
781 976 943 1069 quantum
956 977 1037 1048 hora
1048 977 1206 1049 sermonis
1222 999 1301 1070 per·
1317 1069 1319 1074 Ι

258 1081 487 1150 ωωὴιιψ

230 1229 231 1232 =
305 1192 500 1257 Sanctorum
523 1189 625 1279 igitur
647 1193 783 1258 Patrum
797 1190 929 1282 vestigia
948 1204 1108 1262 sectantes
1130 1192 1198 1262 uual
1219 1192 1312 1261 hord-

259 1316 340 1386 quae
351 1292 490 1364 dicenda
506 1309 584 1364 sunt
603 1293 801 1364 concludere
824 1296 1012 1368 studeamus
1039 1313 1054 1366 ι’
1072 1311 1111 1368 ut
1126 1299 1214 1366 enim
1233 1321 1303 1366 una

260 1399 375 1468 saltem
397 1401 477 1468 hora
499 1399 541 1469 ad
564 1401 763 1490 gravissimas
787 1403 983 1496 quaestiones
1009 1401 1181 1473 solvendas
1204 1403 1312 1475 valde·

261 1506 457 1592 necessaria,
463 1507 508 1576 ita
520 1520 552 1575 et
563 1507 693 1600 longior
702 1509 807 1580 oratio
819 1507 862 1580 ad
871 1507 1097 1602 defatigandas
1112 1509 1303 1583 auditorum
1326 1603 1327 1606 Ἴ

260 1627 387 1683 mentes
402 1613 578 1706 aptissima

263 1919 1303 1998 mmzummmmmuwmwmmwmmmuwmmwumwu

650 2175 815 2298 CAPUT
854 2178 900 2254 V·

386 2415 446 2502 De
462 2429 540 2502 ioco
556 2426 734 2501 habendis
748 2426 979 2502 concionibus
994 2426 1186 2502 destinato.

308 2693 343 2758 L·
357 2685 472 2758 Primis
488 2685 623 2782 quidem
638 2687 842 2780 temporibus
857 2687 983 2782 ubique
998 2688 1035 2758 in
1048 2688 1191 2782 publicis
1207 2691 1309 2760 etiam·

181 2889 185 2896 x
262 2797 378 2892 plateis
393 2821 430 2867 ac
445 2796 566 2890 campis
576 2796 701 2866 habitae
711 2795 847 2869 luerunt
862 2797 1047 2868 conciones.
1067 2797 1119 2868 Sic
1135 2796 1225 2890 apud
1242 2801 1307 2868 lle·

263 2909 368 2977 braeos
391 2906 427 2975 in
442 2906 486 2975 eit
502 2927 579 3000 quae
595 2917 665 2974 erat
686 2904 763 2973 ante
780 2918 910 2992 portam
927 2907 1098 2996 Aquarum
1118 2905 1228 2998 plated
1240 2909 1307 2974 Lex

263 3014 388 3108 populo
420 3014 463 3082 ab
482 3011 587 3082 Esdrb
608 3009 767 3104 explicata
791 3033 859 3080 esse
885 3009 1043 3081 dicisum.
1073 3013 1124 3082 Sic
1148 3015 1307 3084 ieremias

263 3122 403 3190 verbum
418 3119 554 3218 Domini
560 3117 698 3210 jubetur
712 3118 749 3186 in
763 3118 889 3188 cunctis
903 3119 1083 3188 Jerusalem
1103 3121 1204 3214 portis
1217 3144 1306 3214 prae-

265 3227 404 3298 dicare⁴.
433 3225 532 3295 Sicet
547 3225 616 3317 ipse
628 3218 775 3295 Christus
791 3226 868 3294 etin
881 3227 1026 3312 deserto,
1040 3227 1117 3296 etin
1130 3227 1258 3315 littore,
1274 3241 1308 3298 et

263 3336 299 3404 in
314 3332 440 3427 plateis,
456 3345 489 3400 et
504 3333 539 3400 in
554 3331 708 3400 domibus
723 3331 855 3424 privatis
870 3330 989 3422 legitur
1004 3332 1252 3404 multitudinem
1264 3333 1307 3403 ad

264 3464 341 3510 eum
352 3440 574 3510 confluentem
584 3438 747 3508 docuisses
759 3438 811 3509 Sic
827 3452 860 3507 et
872 3439 1038 3531 Apostoli,
1055 3441 1258 3532 ubicumque
1273 3463 1307 3509 sc

264 3548 392 3640 serebat
402 3547 542 3631 occasio,
556 3543 668 3615 diviua
680 3567 830 3638 spargere
845 3547 969 3615 semina
977 3571 1047 3616 non
1054 3547 1303 3618 erubescebant.

266 3655 318 3726 Sic
335 3669 368 3723 et
394 3651 562 3746 apostolici
584 3651 647 3720 viri
671 3650 764 3720 laetos
787 3675 855 3721 non
878 3651 980 3722 semel
1003 3666 1103 3746 atque
1126 3653 1244 3722 uberes
1268 3675 1306 3722 ex

122 3799 147 3844 .·
264 3762 367 3830 otiosd
382 3757 553 3852 plcbeculal
570 3757 696 3828 lrnctus
711 3757 833 3845 tuldre,
851 3757 1132 3852 quemadmodum
1149 3759 1191 3854 de
1210 3783 1305 3830 sanc-

301 3919 309 3948 ¹
323 3909 349 3960 S.
363 3910 469 3974 August„
483 3907 560 3959 Serm.
574 3923 640 3972 uxr,
661 3923 686 3958 n.
697 3907 723 3962 8.
736 3931 769 3948 ·-
790 3916 801 3946 ²
817 3906 853 3961 ld.
867 3892 948 3962 Serto.
965 3920 1041 3974 «κω,
1056 3924 1082 3960 n.
1096 3911 1122 3961 8.
1143 3931 1176 3947 ·-
1187 3905 1198 3948 ³
1209 3909 1301 3962 atsur.

268 4009 323 4059 nu,
338 4009 360 4045 1.
377 4015 409 4034 ··
423 3989 437 4041 6
451 3995 541 4049 ierom.
555 4007 616 4058 xm,
632 4007 670 4056 19.
