2982 4584
270 495 332 560 438
423 505 651 556 narbonens.
677 503 830 568 sunnon,
856 505 931 554 mas
954 511 999 572 11,
1025 508 1109 558 saer.
1134 513 1160 555 ι.

265 645 268 650 ·
310 615 383 682 ιΙῖιιιι
408 612 496 680 idem
516 610 599 678 illud
625 629 807 678 sermonem
833 609 1053 680 concludendi
1069 633 1171 701 genus
1183 634 1307 702 praeee-

267 721 359 790 denti
371 719 514 809 quadarn
530 717 677 785 oratione
689 715 782 807 priirs
792 731 1005 807 usurpaverat
1017 732 1150 786 sanctus
1161 722 1305 805 Ductor,

264 826 339 894 cirm
353 824 397 893 ob
411 823 647 891 monachorum
660 821 958 891 reconciliationem
973 821 1096 892 diceret
1099 837 1209 915 ,patre
1222 847 1309 914 prae-

267 945 358 1002 sente
368 931 504 1022 ‚sieque
520 929 619 996 finem
636 927 794 1028 loquendi
811 926 975 998 faciebat.

313 1065 329 1102 ι
347 1041 429 1118 Quae
448 1035 524 1104 clim
540 1033 672 1123 cognita
690 1047 723 1102 et
750 1031 915 1124 explorata
936 1033 1136 1117 habeamus,
1151 1038 1305 1122 Fratres,

265 1141 524 1233 complectamur
543 1163 603 1210 nos
625 1141 760 1224 mutuo,
780 1153 814 1206 et
833 1139 1075 1226 exosculemur,
1103 1161 1208 1207 unum
1230 1143 1308 1210 verb

266 1248 467 1332 efficiamur,
490 1259 639 1328 ereum,
668 1245 743 1338 Qui
760 1243 917 1313 medium
941 1247 1109 1314 mueerr'oe
1126 1247 1310 1338 parietem

268 1351 413 1437 solutu,
438 1375 474 1420 ae
489 1375 558 1444 per
582 1352 798 1445 sanguinem
816 1375 919 1420 suum
935 1352 1059 1419 omniu
1080 1351 1306 1436 conciliauit,

266 1475 301 1531 et
321 1459 507 1550 pacuviffl,
536 1458 711 1525 imitemur.
738 1457 889 1525 Dicamus
914 1458 1082 1526 communi
1106 1459 1184 1526 huic
1199 1461 1306 1550 patri,

266 1564 445 1636 venerabili
455 1563 598 1646 canitiei,
610 1576 781 1631 mansueto
793 1577 825 1632 et
839 1563 968 1654 placido
981 1565 1102 1654 pastori
1114 1563 1227 1632 :Vides
1241 1588 1310 1634 mo·

267 1673 443 1742 derationis
471 1687 538 1740 tuae
564 1673 722 1763 praemia?
756 1669 859 1740 Tolle
881 1695 950 1763 per
971 1672 1160 1740 circuitum
1186 1671 1310 1742 oculos

268 1791 415 1864 tuos,·et
430 1775 600 1847 collectos
604 1775 707 1870 filios
724 1791 802 1846 tuos
818 1775 936 1863 ur'de³,
952 1778 1231 1870 quemadmodlim
1247 1805 1309 1848 cu-

253 1888 394 1978 piebas,
407 1885 565 1978 quodque
576 1908 680 1952 unum
691 1899 729 1952 ut
744 1885 803 1952 tibi
819 1885 1034 1974 contingeret,
1049 1900 1161 1953 noctes
1173 1885 1310 1977 diesque

266 1991 472 2084 postulabas,
490 1992 575 2058 utin
588 2003 756 2056 senectute
772 1991 859 2057 bend
875 1991 1143 2081 peregrinationis
1156 2006 1222 2060 tuae
1232 1991 1309 2068 ,dies

267 2096 490 2166 concluderes.
504 2100 554 2162 En
567 2116 679 2163 omnes
691 2093 733 2162 ad
745 2095 966 2180 revenerunt,
985 2121 1022 2165 ae
1034 2099 1096 2165 sub
1114 2098 1227 2189 pennis
1244 2100 1310 2168 tuis

266 2201 491 2294 requiescunt,
519 2223 682 2292 suumque
698 2199 799 2268 altare
822 2201 974 2290 cingunt,
997 2227 1074 2272 cum
1093 2204 1245 2292 lacrymis
1261 2205 1310 2273 illi
1356 2267 1360 2272 .

266 2308 400 2402 quidem
415 2307 544 2395 egressi,
560 2303 637 2374 ¹curn
654 2307 772 2394 gaudio
789 2320 897 2374 autem
916 2325 1128 2378 recurrentes.
1149 2311 1264 2378 Gaude
1276 2325 1312 2380 et
1342 2375 1344 2378 .

266 2413 449 2494 oblectare,
469 2425 600 2502 patrum
616 2412 739 2502 optime
755 2436 792 2480 ac
807 2410 950 2480 filiorum
967 2415 1206 2501 amantissime,
1220 2441 1309 2534 quo-

266 2519 355 2585 niam
372 2518 422 2584 his
443 2517 613 2599 omnibus,
632 2539 698 2582 non
714 2517 805 2584 secirs
820 2541 857 2585 ac
874 2541 992 2608 sponsa
1012 2523 1138 2590 mundo
1155 2546 1235 2607 suo,
1254 2523 1310 2590 in-

266 2625 367 2690 dutus
377 2635 410 2688 et
422 2635 560 2690 amictus
569 2644 611 2688 cs
626 2625 775 2712 Loquere
786 2637 821 2691 tu
832 2628 965 2718 quoque
979 2627 1020 2695 ad
1030 2652 1104 2698 nos
1096 2627 1213 2698 ·Ecce
1226 2654 1308 2726 ege,

266 2741 302 2796 et
315 2751 419 2818 pueri
434 2749 521 2810 mer,
543 2748 632 2816 quos
644 2724 745 2795 dedu
758 2726 846 2798 milet
865 2729 1077 2801 Domrffnus⁴
1100 2735 1196 2802 Adde
1211 2738 1312 2806 aliam

265 2857 400 2926 quoque
416 2834 543 2900 Domini
554 2857 668 2902 vocem
677 2833 773 2902 valde
783 2853 1042 2926 congruentem:
1061 2841 1163 2934 Quos
1176 2838 1312 2910 dedr'str'

266 2938 357 3010 milri
375 2936 570 3020 custodivi,
599 2952 634 3006 et
653 2962 726 3008 nen
742 2937 891 3030 perdidi
909 2967 957 3012 esc
981 2947 1032 3023 eis
1048 2968 1271 3036 quemquam
1282 2949 1307 3015 ⁹.

221 3089 224 3095 ,
311 3071 327 3109 a
347 3050 455 3135 Atque
468 3043 594 3136 utinam
611 3065 708 3111 nemo
723 3062 853 3135 pereat,
868 3046 945 3118 Sed
958 3072 1080 3140 omnes
1095 3051 1133 3120 in
1150 3075 1222 3118 uno
1234 3053 1310 3142 spi-

265 3151 572 3234 ertumaneumus
585 3152 660 3217 und
672 3166 791 3218 mente
800 3151 1068 3226 collaborantes
1072 3154 1171 3250 fider
1183 3157 1310 3227 Euan-

263 3255 353 3354 geli'
339 3283 350 3324 ι
354 3311 367 3343 ,
386 3279 586 3342 unanrmes,
604 3281 712 3325 unum
731 3256 988 3352 edentquet
910 3288 970 3332 serr
975 3265 1101 3332 t'rentes
1109 3263 1310 3358 ,fideicl-

259 3389 331 3456 peu
347 3377 472 3432 arraret
473 3364 497 3448 ι’,
509 3365 679 3434 succurere
677 3357 852 3435 lumbos
845 3392 878 3435 ιιι
894 3370 1051 3438 veritate⁶
1056 3371 1184 3454 ,solum
1201 3395 1311 3442 unum

262 3469 352 3538 istud
369 3468 495 3536 bellum
516 3472 669 3554 serentes,
696 3471 788 3562 quod
810 3475 963 3544 adversim
981 3499 1118 3567 pravum
1141 3475 1256 3560 illum,
1276 3492 1311 3548 et

213 3667 215 3670 .
262 3599 336 3660 eos,
351 3576 414 3682 qul
424 3575 525 3674 ipsius
540 3575 644 3642 ductu
660 3591 693 3643 et
710 3579 860 3668 auspiciis
877 3595 1042 3669 pugnant,
1057 3583 1200 3670 geritur:
1214 3531 1311 3654 Illon

258 3706 319 3751 eos
336 3683 518 3767 timentes,
542 3685 605 3771 qui
618 3683 779 3772 eorporis
799 3683 944 3773 quidem
968 3685 1129 3756 necandi
1138 3701 1308 3778 potesta-

257 3801 327 3858 tem
352 3785 507 3874 (rubent,
524 3787 694 3854 coeterum
713 3792 877 3857 eitimam
904 3792 1066 3882 arripere
1093 3809 1279 3884 nequeunt
1288 3827 1307 3879 ,-

294 3930 400 3996 ¹Eplres.
418 3949 444 3994 ιι,
459 3933 498 3996 ¹4·
512 3956 543 3968 -
562 3940 573 3982 ,²
592 3930 680 3982 Coloss.
697 3951 717 3995 ι,
738 3909 777 3997 19:
790 3958 821 3967 -
835 3931 843 3966 ³
855 3936 910 3986 lsai.
925 3951 964 3999 ιι,
979 3935 1003 4001 4.
1016 3937 1072 3986 -l
1089 3931 1196 4002 ld.r1u,
1216 3943 1256 3991 18.
1273 3965 1308 3976 -

256 4010 350 4064 ⁵loau.
365 4031 421 4078 xru,
439 4028 477 4065 ιι.
493 4040 518 4051 -
544 4011 555 4048 ⁶
571 4015 654 4081 Philip.
670 4034 689 4080 r,
700 4030 742 4081 27,
758 4023 783 4066 et
795 4013 883 4082 Eplres.
895 4035 929 4082 rr,
948 4019 986 4070 16.
