2930 4582
293 400 355 458 Μ
447 409 625 460 numomct
647 411 675 458 S.
700 410 854 475 rtanuu,
879 410 956 460 atus
978 417 1021 476 ιι,
1045 415 1130 460 sucu.
1155 418 1179 458 1.

291 515 416 584 causari
431 515 554 600 solent,
569 530 605 584 et
618 514 834 606 corruptibile
848 515 912 584 hoo
927 539 1046 606 corpus
1061 529 1159 608 atque
1179 513 1331 606 passibile

290 620 527 711 impedimento
542 621 602 689 sibi
618 644 686 689 esse
697 619 740 688 ad
754 621 909 690 virtutem
926 623 1064 712 putant?
1074 619 1221 689 Audiam
1239 619 1331 689 Pauli

290 725 376 794 sacta
388 725 554 817 praeclara,
572 739 606 794 et
625 726 667 794 ab
685 727 746 795 hac
762 727 999 796 obtrectatione
1013 725 1332 816 malignissimdcon-

290 833 470 924 quiescant.
490 831 575 916 Quid
594 833 680 900 anim
696 833 842 902 humano
863 833 972 925 generi
989 857 1075 901 mors
1096 835 1233 902 nocuit?
1251 833 1331 926 quid

289 940 367 1008 verb
391 939 547 1007 virtutem
571 939 739 1031 corruptio
764 941 907 1032 corporis
935 937 1131 1032 impedivit?
1154 939 1332 1010 Considera

288 1046 399 1137 itaque
417 1044 575 1128 Paulum,
596 1059 629 1112 et
644 1045 770 1114 videbis
786 1046 863 1138 quia
878 1046 973 1114 nobis
993 1047 1090 1114 etiam
1103 1046 1145 1114 ad
1157 1048 1348 1116 maximam

289 1151 464 1220 utilitatem
478 1151 627 1243 proficiet
642 1152 703 1219 ista
718 1152 909 1220 mortalitas.
926 1153 987 1235 Hic
1003 1153 1090 1221 onim
1109 1153 1171 1222 nisi
1187 1152 1331 1224 mortalis

288 1257 413 1342 suisset,
430 1261 640 1351 nequaquam
653 1258 762 1345 dicere
777 1261 948 1351 potuisset,
960 1261 1062 1352 magis
1074 1275 1184 1328 autern
1200 1262 1331 1354 nequis·

289 1378 339 1436 set
353 1363 525 1433 ostendere
546 1364 661 1456 quod'
653 1365 753 1483 ipsius
772 1365 976 1457 temporibus
1002 1381 1050 1434 est
1074 1365 1224 1450 loeutus,
1249 1391 1331 1460 quo-

288 1471 377 1540 niam
397 1468 556 1560 quotide&
573 1472 709 1539 morior
717 1494 785 1562 pro
798 1474 920 1541 uestrci
933 1470 1070 1567 glorari,
1085 1495 1197 1597 quom
1214 1470 1330 1543 liabeo

289 1577 326 1646 in
345 1573 489 1645 Christo
500 1573 630 1644 Jesu
652 1603 668 1640 n

332 1687 391 1752 Vl.
418 1687 530 1751 Restat
543 1681 687 1775 denique
702 1696 740 1752 ut
755 1707 859 1775 pauca
875 1682 1020 1752 dicamus
1035 1683 1077 1751 de
1092 1661 1155 1754 illis
1175 1687 1327 1772 exordiis,

288 1813 363 1882 qnae
379 1811 437 1881 per
452 1788 748 1880 interpellationem
767 1791 822 1858 Dei
836 1803 892 1858 aut
909 1806 1132 1859 creaturarum
1147 1791 1328 1884 incipiunt,

208 1905 209 1910 ’
287 1895 437 1990 illudque
459 1919 561 1986 genus
585 1894 655 1964 trim
674 1894 771 1979 alibi,
798 1895 870 1964 tirm
891 1898 1063 1964 maxime
1055 1923 1088 1966 m
1109 1897 1210 1988 priori
1229 1899 1329 1968 sancti

273 2003 434 2091 ¹Gregorii
445 2001 660 2072 Nazianzeni
652 2001 812 2070 mvectivd
822 2005 937 2072 contra
952 2001 1121 2072 lulianum
1133 2021 1327 2098 usurpatur,

287 2108 390 2178 ubl
367 2133 412 2177 src
428 2109 621 2179 concionem
637 2106 795 2177 inchoat.

332 2244 349 2279 «
359 2212 498 2286 Audite
515 2211 605 2300 brec,
620 2235 743 2282 omnes
756 2227 895 2309 gentes,
906 2211 1055 2284 auribus
1067 2217 1245 2308 percipite
1256 2242 1329 2287 om-

285 2346 349 2392 nes
370 2323 432 2410 qui
452 2318 629 2390 habitatis
645 2317 801 2390 orbemt.
818 2323 939 2390 Omnes
958 2323 1062 2407 enim,
1079 2325 1173 2416 quasi
1186 2349 1229 2392 ex
1244 2325 1329 2408 edith

285 2431 430 2522 quddam
447 2444 480 2498 et
495 2430 731 2498 mediterraned
747 2429 889 2520 speculal,
908 2453 1029 2521 magno
1045 2455 1082 2500 ac
1093 2431 1231 2500 sublimi
1244 2457 1327 2525 prae-

285 2559 380 2604 como
390 2534 532 2625 appello
547 2535 668 2602 Audite
671 2533 818 2625 ,populi,
832 2535 948 2620 tubus,
961 2535 1094 2624 linguae
1106 2537 1327 2608 hominesom·

284 2665 342 2710 nes
356 2643 368 2682 ³
373 2636 541 2744 ,cujusvis
552 2641 676 2730 generis
686 2653 719 2708 et
735 2653 812 2708 aetat
814 2641 851 2724 is,
865 2644 932 2710 tam
948 2643 1005 2734 qni
1018 2666 1107 2712 nuuc
1123 2645 1210 2730 estis,
1228 2648 1327 2738 quam

284 2751 342 2844 qui
366 2751 480 2875 postea
503 2749 613 2822 eritis;
639 2762 738 2842 atque
758 2749 825 2842 qud
853 2749 951 2817 latitls
971 2749 1173 2840 praeconium
1198 2767 1323 2839 pateat,

206 2850 208 2856 ¹
284 2863 392 2932 omnis
406 2853 567 2931 coelorurn
579 2860 700 2940 virtus,
718 2883 831 2928 omnes
850 2859 984 2948 Angeli,
998 2885 1140 2952 quorum
1157 2865 1258 2954 opera
1274 2878 1325 2952 ty-

283 2994 407 3041 rannus
422 2969 584 3036 extinctus
606 2991 643 3034 ao
659 2964 785 3034 deletus
797 2979 861 3050 est,
880 2991 946 3035 non
965 2971 1049 3036 Seon
1064 2967 1120 3036 ille
1136 2993 1191 3038 rex
1207 2975 1324 3040 Amor·

284 3080 462 3159 rhaeorum,
480 3074 669 3164 nequeOg,
688 3095 743 3139 rex
759 3076 875 3156 Basan,
893 3073 1000 3164 exigui
1013 3075 1175 3166 principes
1187 3077 1212 3161 ⁴,
1227 3093 1324 3170 atque

285 3181 449 3264 Israelem,
464 3181 528 3248 hoc
544 3191 611 3264 est,
630 3201 764 3270 parvam
779 3179 866 3247 orbis
882 3193 1007 3270 partem
1022 3195 1196 3272 vexantes3
1211 3185 1324 3253 verum

283 3289 382 3358 draco
395 3287 449 3356 ille
462 3290 485 3372 ⁵,
502 3299 647 3379 apostata
663 3285 730 3368 ille,
750 3309 866 3374 magna
882 3285 936 3354 illa
950 3310 1059 3371 mens,
1074 3289 1224 3378 Assyrius
1236 3291 1321 3378 illel,

282 3395 338 3466 ille
353 3395 536 3466 communis
553 3393 700 3462 omnium
709 3392 860 3460 inimicus
877 3407 976 3485 atque
991 3394 1104 3476 hostis,
1115 3396 1174 3487 qui
1189 3396 1323 3466 etmul-

219 3495 221 3498 ’
281 3518 353 3574 tum
364 3500 714 3591 sororem,multasque
724 3499 828 3566 minas
839 3499 872 3566 in
883 3512 1000 3566 terram
1013 3499 1173 3590 proludit,
1188 3519 1222 3572 et
1238 3503 1323 3573 mul-

281 3627 349 3682 tam
368 3611 575 3704 iniquitatem
602 3608 640 3675 in
660 3602 844 3674 excelsum
865 3603 1032 3696 locutus*
1055 3629 1092 3676 ac
1113 3609 1247 3680 molitus
1263 3625 1318 3681 est.

329 3795 342 3844 ¹,
359 3787 436 3834 1Cor.
452 3797 493 3842 xv,
508 3779 549 3829 31.
570 3781 594 3828 S.
618 3776 701 3842 Chrys.
719 3776 750 3826 de
763 3776 838 3827 Laud.
853 3779 877 3826 S.
892 3775 957 3826 Paul.
971 3778 1058 3828 Homil.
1071 3761 1133 3842 v,-n.
1151 3783 1315 3834 1··-²Psal.

279 3883 364 3930 xattu,
381 3883 402 3916 r.
417 3889 448 3902 ··
464 3860 475 3900 ³
491 3865 551 3914 Dan.
565 3876 591 3924 v,
608 3876 646 3926 ις.
661 3885 694 3895 -
706 3857 719 3906 l
730 3862 801 3910 Num.
820 3875 874 3922 xxi,
887 3858 979 3910 26-53.
993 3857 1048 3897 ..5
1064 3863 1151 3914 Ezecb.
1166 3881 1236 3930 xxm,
1249 3866 1271 3917 3,
1288 3891 1316 3904 .-

279 3948 292 3988 ⁶
305 3951 359 4002 lsai.
378 3963 469 4010 xxxva,
481 3943 513 3996 36
523 3950 549 3996 et
562 3958 611 4010 seq.
626 3951 679 3994 -t
696 3942 756 3993 Psal.
773 3957 848 4008 xxm,
860 3944 886 3992 8.
