2982 4584
247 489 249 495 ,
279 425 342 516 ,4³²
425 435 602 486 anauomct
625 436 651 482 s.
677 433 830 496 strenae,
855 433 931 482 atus
953 437 996 496 11,
1021 432 1106 480 secr.
1133 438 1158 479 1.

276 539 415 612 flammis
440 535 676 608 insultantibus
703 532 936 626 liquescentes,
967 536 1127 627 praeterea
1156 533 1317 626 sapientes

275 649 348 719 illos
358 645 572 740 philosophos
584 644 693 712 cor‘am
708 639 875 732 discipulis
885 641 951 710 suis
961 641 1029 710 uni
1037 641 1318 732 conflagrantibus

275 756 513 836 erubescentes,
532 750 654 843 quihus
669 747 752 816 nihil
764 747 807 816 ad
822 752 928 817 Deum
943 749 1106 841 pertinere
1121 747 1320 836 suadebant,
1399 749 1401 754 ’

275 861 396 958 quihus
416 858 541 929 animas
556 868 614 925 aut
628 852 747 940 nullas,
761 867 818 924 aut
835 877 903 926 non
918 854 954 923 in
968 853 1104 947 pristina
1118 877 1257 948 corpora
1269 879 1318 925 re·

276 970 401 1062 dituras
417 965 645 1053 affirmabant,
660 963 759 1032 edam
776 967 906 1055 politas,
922 986 991 1033 non
1014 963 1057 1032 ed
1072 963 1313 1050 Rhadamanti,

275 1101 337 1150 nec
355 1075 398 1147 ad
413 1073 552 1160 Minois,
575 1069 633 1141 sed
650 1070 693 1139 ad
713 1070 874 1162 inopinati
895 1069 1017 1140 Christi
1040 1069 1187 1140 tribunal
1205 1069 1315 1164 palpi-

275 1199 393 1257 tantes.
418 1187 511 1252 Tunc
532 1179 633 1269 magis
649 1175 790 1269 tragoedi
806 1175 974 1264 audiendi,
992 1177 1096 1268 magis
1118 1175 1244 1248 scilicet
1261 1201 1317 1247 vc·

178 1375 179 1379 ῒ
275 1293 360 1364 cales
374 1292 410 1361 in
432 1290 491 1360 sne
512 1286 644 1381 proprie
659 1283 865 1375 calamitate,
884 1298 965 1355 tunc
984 1283 1158 1354 histriones
1179 1308 1317 1375 cognos-

273 1398 372 1472 'cendi
381 1397 551 1469 solutiores
561 1392 667 1464 multo
680 1393 857 1486 perignem
869 1424 879 1482 3
892 1406 973 1462 tuuc
985 1391 1180 1485 spectandus
1190 1393 1315 1484 auriga,

275 1509 311 1578 in
331 1506 482 1577 flammei
498 1504 569 1574 rota
583 1515 674 1572 totus
687 1501 811 1588 ruber,
828 1515 908 1570 tunc
922 1499 1050 1590 Xystici
1072 1499 1319 1593 contemplandi

275 1639 343 1686 non
354 1615 390 1684 in
406 1611 592 1706 gymnasiis,
606 1608 664 1678 sed
676 1607 713 1676 iu
727 1607 804 1698 igne
815 1605 969 1700 jaculati,
986 1606 1049 1675 nisi
1060 1605 1152 1700 qudd
1164 1629 1226 1676 nec
1238 1621 1319 1676 tunc

177 1764 180 1767 ·
275 1722 409 1816 quidem
426 1719 499 1789 illos
508 1716 608 1787 velim
623 1715 721 1801 risos,
736 1713 843 1808 utqui
855 1713 967 1782 malim
981 1712 1022 1781 ad
1035 1735 1090 1782 eos
1101 1712 1209 1805 potitis
1224 1735 1320 1784 cons·

276 1843 408 1924 pectnm
425 1822 642 1896 insatiabilem
653 1818 820 1906 conferre,
838 1821 896 1913 qui
911 1821 948 1889 in
963 1821 1141 1890 Dominum
1162 1820 1319 1891 desaevie-

276 1953 366 2010 runt.
395 1938 457 2008 Hic
477 1947 526 2004 est
547 1931 620 2018 ille,
644 1931 772 2016 dicam,
792 1928 880 1999 fabri
902 1943 960 1998 aut
982 1929 1189 2023 quaestuariae
1216 1929 1315 2015 silius,

276 2045 405 2116 sabbati
420 2045 616 2124 destructor,
637 2037 820 2122 Samarites,
830 2049 873 2106 'et
887 2034 1087 2106 daemonium
1101 2035 1239 2106 habens.
1256 2036 1317 2105 Hic

276 2167 324 2222 est
336 2173 434 2246 quem
451 2152 470 2218 a
486 2147 573 2218 tuda
588 2144 785 2234 redemistis,
800 2143 855 2213 hic
870 2157 919 2214 est
933 2143 988 2212 ille
1004 2143 1166 2236 arundine
1181 2157 1215 2212 et
1228 2143 1318 2213 cola·

267 2261 350 2356 ¹phis
360 2257 606 2340 diverberatus,
620 2252 834 2346 sputamentis
846 2249 1076 2338 dedecoratus,
1091 2249 1168 2320 selle
1179 2265 1214 2320 et
1224 2265 1317 2322 aceto

276 2380 428 2461 potatus-3
451 2364 506 2432 hic
529 2374 578 2430 est
597 2382 697 2454 quern
717 2357 803 2428 clhm
821 2357 981 2428 discentes
1000 2357 1253 2454 subripuerunt,
1280 2369 1318 2426 ut

276 2473 484 2544 resurrexisse
499 2469 639 2552 dicatur,
656 2465 710 2537 vel
728 2464 924 2535 hortulanus
939 2464 1095 2551 detraxit,
1116 2487 1159 2534 ne
1179 2463 1317 2534 lactucae

276 2605 343 2652 suae
355 2575 540 2670 fre'quentid
555 2575 810 2643 commeantium
826 2571 1066 2642 allaedereutur.
1080 2575 1125 2642 Ut
1135 2571 1213 2642 talia
1222 2595 1317 2665 spec-

278 2701 345 2771 tes,
360 2697 399 2754 ut
417 2681 538 2764 talibus
549 2678 697 2764 exultes,
712 2679 785 2771 quis
804 2677 865 2747 tihi
881 2693 1003 2770 praetor
1014 2731 1023 2765 ,
1034 2691 1092 2748 aut
1107 2678 1243 2763 consul,
1260 2691 1317 2748 aut

255 2800 257 2804 ’
275 2806 435 2890 quaestor,
455 2801 512 2859 aut
535 2785 684 2859 sacerdos
710 2784 754 2871 de
774 2785 832 2854 suh
855 2782 1051 2854 liberalitate
1070 2779 1258 2878 praestabit?
1273 2789 1317 2854 Et

208 2929 214 2934 ·
275 2917 386 2972 tamen
401 2899 473 2968 hsec
482 2897 551 2988 jhm
567 2891 714 2987 quodam
726 2889 827 2962 modo
838 2881 1072 2984 hahemus‘per
1086 2891 1187 2960 fidem
1199 2892 1316 2984 spiritu

192 3070 196 3079 .
273 3008 474 3099 imaginante
493 3013 745 3094 repraesentatae.
764 3000 933 3068 Caeterum
947 2997 1056 3093 qualia
1076 2997 1132 3068 illa
1148 2985 1225 3069 sunt
1240 3023 1315 3092 quae

274 3117 316 3188 Ν
317 3139 357 3184 ee
367 3107 599 3194 ocnlusuidit,
612 3130 679 3177 nec
690 3106 792 3176 auris
800 3103 948 3194 audivit,
960 3131 1027 3177 nec
1042 3105 1315 3186 r'neorlzominr's

275 3210 560 3292 ascenderant?
575 3215 697 3302 Credo,
717 3215 821 3299 circo,
841 3229 875 3284 et
889 3215 1030 3307 utralque
1050 3216 1160 3301 cavea,
1174 3229 1208 3284 et
1223 3214 1314 3286 omni

272 3330 382 3404 studio
403 3327 542 3420 gratiora
557 3327 582 3392 ².
599 3351 616 3390 s

315 3443 405 3510 Inter
417 3433 537 3507 multas
553 3443 664 3502 autem
685 3429 764 3501 alias
779 3428 950 3501 referenda
965 3431 1053 3501 certe
1069 3443 1102 3500 et
1113 3429 1168 3501 illa
1185 3435 1217 3502 S.
1234 3435 1313 3502 hm·

271 3546 371 3618 brosii
387 3541 553 3614 Peroratio
568 3539 610 3609 de
625 3541 718 3608 Bono
731 3539 844 3608 mortis
859 3567 867 3610 ι

318 3683 334 3720 a
354 3647 522 3744 Intrepide
534 3647 633 3736 igitur
655 3665 827 3734 pergamus
845 3643 887 3714 ad
902 3644 1145 3738 redemptorem
1160 3660 1312 3716 nostrum

272 3765 404 3848 lesum,
421 3752 585 3846 intrepide
602 3751 644 3820 ad
662 3750 920 3842 patriarcharum
935 3752 1129 3840 concilium,
1146 3751 1311 3845 intrepide

272 3865 314 3938 ad
329 3877 455 3958 patrem
471 3873 621 3931 nostrum
637 3857 827 3944 Abraham,
844 3856 920 3927 edm
940 3857 1009 3927 dies
1024 3857 1212 3945 advenerit,
1230 3863 1311 3952 pro-

207 4025 210 4032 ,
306 4004 313 4030 ι
332 3995 407 4045 1001,
419 4005 447 4056 n,
460 4005 486 4055 9.
499 4013 531 4024 -
546 3996 556 4023 ¹
569 3983 660 4036 'tertul
670 3986 702 4036 de
713 3980 797 4052 Spect.
812 4001 837 4035 n.
851 3983 937 4038 stt-30.
