2982 4584
282 475 345 538 lta
430 489 657 536 unnsourcts
684 489 836 551 sarnum,
863 491 938 537 stne
961 495 1009 552 11,
1032 494 1118 538 ster
1144 494 1167 534 1.

279 585 578 675 nemcltarrtau‘s,
594 585 815 658 othonorum
829 588 1325 683 operum¹;atquertatandem

154 755 155 758 ,
277 697 314 766 in
331 693 423 766 coelis
439 681 574 772 facilem
591 709 624 764 et
643 693 850 814 benignam
841 719 876 766 ιιι
896 695 954 766 illo
975 719 1049 766 aevo
1069 695 1323 788 descriptionem

277 801 464 887 consecuti,
481 813 516 871 et
530 798 654 870 circium
671 801 821 871 omnium
833 823 943 892 regem
959 800 1195 896 tripudiantes,
1212 803 1325 924 (quod

276 929 385 980 unum
400 922 505 1001 agunt
518 909 577 1002 qui
592 907 659 978 illic
680 907 835 1001 descripti
853 913 963 1000 sunt,)
977 909 1111 982 landem
1124 914 1193 980 Deo
1209 909 1324 980 minis-

276 1030 413 1104 tremus,
424 1038 526 1086 uuam
536 1028 574 1097 ,et
585 1013 735 1086 eamdem
745 1016 861 1103 Patris,
873 1029 907 1088 et
919 1015 1007 1102 Filii,
1020 1031 1054 1086 et
1069 1017 1209 1110 Spiritlrs
1220 1017 1325 1094 sancti

187 1201 190 1208 ,
277 1124 455 1196 divinitatis
471 1123 609 1216 gloriam
622 1137 656 1194 et
670 1122 880 1217 splendorem
902 1129 1086 1211 intuentes,
1103 1123 1324 1218 laudibusque

277 1232 466 1320 exaltantes,
483 1232 538 1302 cui
553 1231 669 1324 gloria,
686 1244 720 1302 et
733 1232 853 1321 honor,
870 1247 909 1304 et
918 1232 1065 1308 adoratio
1078 1235 1116 1304 in
1127 1232 1246 1315 saecula
1260 1257 1324 1306 sae·

276 1337 441 1410 culorum.
460 1344 567 1410 Amen
583 1344 608 1408 ².
628 1367 645 1404 u
1113 1391 1117 1398 .

321 1449 381 1516 vt.
405 1443 583 1517 Nonnullae
597 1445 731 1539 insuper
754 1445 917 1518 orationes
942 1459 1140 1532 occurrunt,
1172 1447 1234 1516 nbi
1256 1471 1326 1520 non

275 1553 335 1624 uni
346 1575 495 1646 personae
511 1552 634 1623 viventi
649 1567 708 1624 aut
719 1552 904 1640 defunctae,
923 1553 982 1624 sed
999 1551 1165 1626 defunctis
1179 1554 1324 1634 simulet

275 1659 359 1732 viris
378 1660 614 1752 exoptationes,
630 1659 685 1730 vel
703 1674 793 1747 vota,
816 1659 869 1731 vel
884 1659 1099 1755 allocutiones
1121 1660 1322 1732 offeruntur.

277 1771 370 1839 Hanc
385 1767 567 1860 praesertim
582 1768 771 1860 congeriem
779 1768 950 1838 miraberis
965 1768 1001 1836 in
1016 1767 1165 1838 oratione
1176 1765 1322 1856 funebri,

276 1875 343 1969 qud
356 1875 389 1945 S.
409 1875 582 1965 Gregorius
597 1873 818 1946 Nazianzenus
834 1879 964 1945 Patrem
982 1888 1151 1944 mortuum
1167 1898 1323 1968 prosecu-

278 1997 332 2054 tus
347 1995 407 2053 est.
427 1983 548 2075 Incipit
562 1984 582 2051 a
595 1980 661 2052 loci
672 1979 908 2075 descriptione,
926 1983 1046 2076 nempe
1057 1983 1220 2075 splendidi
1231 1983 1319 2054 illius

276 2089 404 2183 templi,
422 2091 441 2158 a
456 2087 635 2160 venerabili
647 2090 711 2158 hoc
723 2092 876 2184 episcopo
891 2090 1054 2178 aedilicati,
1072 2091 1188 2161 transit
1200 2090 1322 2162 deinde

278 2196 323 2269 ad
348 2195 494 2288 ejusdem
518 2195 780 2282 invocationem,
806 2209 841 2266 et
862 2196 982 2267 desinit
1002 2196 1203 2292 alloquendo
1226 2197 1327 2268 simul

279 2316 314 2374 et
327 2321 484 2394 magnum
505 2299 680 2388 basilium,
701 2302 858 2372 sermonis
873 2303 924 2372 sui
944 2303 1110 2396 judicem,
1129 2319 1162 2375 et
1185 2309 1326 2376 Matrem

280 2409 500 2482 charissimam
505 2409 619 2530 ,cujus
633 2407 828 2479 vrdurtatem
837 2408 998 2480 consolari
1009 2412 1137 2482 nititur.
1149 2411 1202 2483 Sic
1214 2425 1327 2482 autem

278 2540 314 2588 se
330 2517 455 2587 habet
446 2516 582 2606 insignis
598 2513 655 2585 illa
670 2518 860 2588 Peroratio:

327 2652 345 2690 «
369 2622 532 2706 Quoniam
547 2635 657 2690 autem
676 2624 951 2714 magnanimitatis
968 2625 1069 2718 ipsius
1084 2579 1327 2700 monimentum

175 2777 177 2783 ·
279 2733 416 2832 quoque
432 2731 568 2826 posteris
581 2730 723 2826 relrnqm
735 2735 920 2824 oportebat
939 2734 1098 2827 quidnam
1109 2736 1201 2806 ahud
1216 2736 1327 2829 potiris

279 2840 515 2926 conveniebat,
531 2839 633 2933 qulam
647 2841 711 2909 hoc
726 2839 906 2932 templum,
924 2841 1017 2934 quod
1028 2845 1096 2912 Deo
1111 2857 1145 2912 et
1159 2843 1257 2915 nobis
1269 2867 1327 2914 er-

184 2961 191 2970 “
280 2950 401 3038 truxit,
419 2946 535 3041 populi
556 2946 634 3018 sane
649 2946 822 3037 largitione
835 2949 986 3017 nonnihil
1002 2947 1149 3044 adjutus,
1165 2953 1327 3045 ¹majorem

279 3073 390 3129 autem
405 3069 532 3150 partem
548 3055 568 3122 ὲ
591 3077 652 3122 suo
669 3053 881 3145 impendens?
895 3056 986 3150 Opus
1002 3055 1150 3148 profecto
1170 3057 1263 3130 haud
1282 3060 1326 3129 si-

280 3165 384 3236 lentio
400 3159 652 3252 dignum-cium
667 3160 893 3252 magnitudine
916 3164 1051 3255 quidem
1072 3164 1233 3257 plurima,
1247 3166 1325 3260 pul·

279 3269 467 3351 claritudine
481 3269 561 3340 verd
573 3281 692 3338 caetera
707 3267 816 3338 omnia
831 3268 917 3361 pene
931 3283 1073 3361 superet.
1092 3273 1176 3344 Nlm
1194 3287 1229 3342 et
1249 3287 1325 3343 octo

281 3377 477 3476 aequilateris
492 3377 588 3448 rectis
602 3377 638 3447 in
652 3399 687 3447 se
698 3376 857 3464 occurrit,
871 3390 905 3446 et
920 3375 1150 3449 columnarum
1166 3402 1203 3449 ac
1219 3382 1324 3473 porti-

264 3511 383 3562 cuum
408 3485 530 3580 duplex
555 3485 742 3556 tabulatum
764 3483 958 3554 habentium
984 3483 1166 3578 elegantia,
1189 3487 1325 3582 sublimi

279 3595 424 3680 culmine
440 3613 626 3683 assurgens,
643 3603 677 3658 et
691 3587 825 3682 quidem
849 3588 1009 3683 impositis
1022 3592 1153 3677 statuis,
1170 3616 1250 3685 quae
1263 3615 1324 3662 nec

278 3719 405 3775 naturae
421 3699 560 3788 cedant,
583 3697 669 3768 coelo
684 3711 794 3766 autem
809 3698 961 3789 desuper,
969 3697 1199 3784 collustratur,
1221 3699 1324 3768 uber-

277 3812 434 3904 rimisque
452 3795 708 3876 lucis'fontibus
735 3804 951 3896 spectantium
979 3804 1082 3874 oculis
1103 3805 1260 3892 irradiat,
1283 3820 1323 3876 ut

186 3937 190 3946 ²
275 3919 353 3992 vert
367 3916 449 3986 lucis
465 3906 678 3984 domicilium.
691 3911 809 3982 Adhuc
828 3911 927 3982 etiam
938 3913 1155 4008 circumjectis
1170 3917 1322 4010 aequian-

313 4059 321 4085 ¹
338 4046 413 4099 ltebr.
427 4061 453 4108 x,
467 4042 508 4108 ²4·
529 4066 559 4079 -
577 4044 622 4094 ²8.
636 4044 735 4108 Gregor.
749 4031 862 4108 Theolog.
874 4044 940 4096 Orat.
956 4059 1006 4108 nx,
1016 4061 1041 4095 n.
1058 4043 1099 4109 ιδ,
1117 4059 1157 4111 17.
