2996 4598
293 431 335 494 34
441 448 621 496 nunrourct
645 447 671 493 s.
697 421 850 510 rtruuir,
875 446 951 494 atus
974 451 1017 508 11,
1042 449 1127 492 onor.
1153 452 1179 491 1.

336 544 433 618 Unde
456 545 629 618 concludit
652 548 783 634 omnia,
811 543 945 641 quae'in
968 543 1183 637 profanorum
1209 546 1338 638 scriptis

292 654 466 748 profutura
482 667 677 741 occurrunt,
694 657 714 723 l
729 651 911 724 christianis
927 653 1139 745 scriptoribus
1153 676 1246 745 posse
1269 655 1338 723 imo

291 776 326 832 et
354 760 476 833 dehere
508 761 670 852 usurpari.
704 759 946 852 «Philosophi,
969 760 1100 852 inquit,
1122 761 1148 828 si
1167 784 1233 852 qna
1250 759 1337 830 sorte

182 873 187 899 “
287 892 363 939 vera
391 883 426 938 et
442 867 521 938 fidei
551 881 672 937 nostrae
695 867 941 938 accommodata
962 865 1158 936 dixerunt...
1184 889 1253 937 non
1282 892 1337 938 so-

287 975 359 1044 lirm
370 972 579 1045 formidanda
594 997 664 1044 non
675 988 770 1061 suut,
787 972 846 1044 sed
869 973 913 1042 ab
930 973 976 1042 eis
991 972 1090 1044 etiam
1107 977 1265 1066 tanquam
1281 975 1337 1044 in·

280 1083 378 1176 justis
400 1080 642 1174 possessoribus
663 1081 699 1150 in
723 1103 821 1150 usum
841 1095 990 1152 nostrum
1010 1080 1219 1152 vindicanda.
1244 1082 1338 1154 Sicut

287 1189 377 1258 enirn
391 1186 540 1279 AEgyptii
556 1209 624 1256 non
637 1184 743 1258 solum
758 1185 846 1256 idola
861 1187 1028 1256 habebant
1040 1202 1074 1257 et
1090 1209 1189 1257 onera
1204 1189 1335 1277 gravia,

286 1319 362 1387 quae
385 1292 528 1387 populus
553 1292 653 1362 lsrael
684 1292 901 1364 detestaretur
926 1308 960 1363 et
983 1292 1132 1386 sugeret,
1158 1293 1337 1365 sedetiam

282 1411 358 1471 v'asa
387 1401 486 1493 atque
513 1413 708 1470 ornamenta
730 1398 773 1468 de
796 1423 877 1470 auro
899 1413 933 1468 et
952 1414 1111 1490 argento,
1135 1415 1170 1470 et
1187 1415 1334 1488 vestem,

245 1579 257 1602 ⁶
287 1503 436 1600 quae‘ille
451 1505 595 1598 populus
611 1505 720 1574 exiens
736 1506 778 1575 dc
791 1510 955 1598 AEgypto,
977 1507 1039 1576 sibi
1053 1507 1161 1599 potiris
1178 1511 1337 1600 tanquam

286 1613 329 1684 ad
349 1637 446 1684 usum
468 1612 641 1682 meliorem
662 1612 814 1684 clanculo
830 1612 1027 1701 vindicavit,
1051 1638 1120 1684 non
1140 1617 1337 1686 auctoritate

288 1721 442 1814 propria,
467 1719 526 1789 sed
550 1734 718 1812 praecepto
744 1721 824 1806 Dei,
850 1720 927 1812 ipsis
959 1722 1122 1812 AEgyptiis
1153 1722 1337 1794 nescienter

288 1827 576 1900 commodantibus
608 1835 667 1913 ea,
693 1828 813 1922 quibus
839 1851 908 1897 non
937 1829 1023 1896 bene
1052 1830 1262 1900 utebantur:
1291 1831 1336 1900 sic

288 1934 447 2005 doctrinar
464 1957 576 2004 ornnes
592 1934 765 2026 gentilium
782 1957 851 2004 non
871 1933 979 2004 solirm
996 1934 1148 2004 simulata
1169 1951 1203 2004 et
1217 1960 1336 2030 super-

201 2105 204 2111 *
290 2041 413 2111 stitiosa
428 2042 586 2132 figmenta
609 2059 788 2133 gravesque
806 2038 946 2110 sarcinas
967 2043 1199 2131 supervacanei
1213 2041 1336 2113 laboris

289 2148 426 2232 habent,
438 2171 514 2241 quae
527 2147 754 2241 unusquisque
765 2148 925 2233 nostrfim,
938 2146 1025 2217 duce
1037 2149 1167 2220 Christo
1179 2150 1221 2219 de
1237 2151 1335 2220 socie-

290 2270 358 2326 tate
365 2256 542 2348 gentilium
554 2256 674 2341 exiens,
689 2255 789 2325 dehet
801 2255 983 2326 abominari
995 2270 1094 2349 atque
1105 2257 1267 2347 devitare,
1277 2257 1336 2328 sed

290 2365 390 2435 etiam
404 2364 556 2432 liberales
570 2361 758 2456 disciplinis
770 2365 846 2433 usui
861 2365 1003 2435 veritatis
1019 2365 1174 2452 aptiores,
1192 2381 1226 2436 et
1240 2391 1336 2460 quae-

292 2470 369 2542 dam
389 2493 520 2541 morum
536 2485 700 2562 praecepta
725 2469 895 2540 utilissima
915 2471 1106 2558 continent,
1131 2475 1240 2566 deque
1262 2474 1335 2566 ipso

291 2601 360 2648 uno
386 2583 454 2646 Deo
477 2576 618 2646 colendo
644 2576 806 2645 nonnulla
824 2599 901 2647 vera
920 2577 1135 2646 inveniuntur
1155 2578 1245 2671 apud
1264 2603 1333 2666 eos,

291 2687 385 2780 quod
414 2706 529 2754 eorum
553 2686 712 2776 tanquam
738 2706 856 2752 aurum
883 2697 928 2755 et.
945 2677 1127 2774 argentum,
1156 2685 1249 2778 quod
1267 2710 1336 2756 non

290 2795 352 2887 ipsi
378 2793 611 2877 instituerunt,
636 2790 694 2860 sed
716 2790 759 2860 de
776 2790 975 2884 quibusdam
1001 2793 1094 2884 quasi
1114 2792 1256 2862 metallis
1281 2793 1336 2863 di-

216 2911 218 2917 '
290 2901 376 2973 vinae
391 2899 634 2982 Providentiae,
652 2921 727 2989 quae
747 2897 874 2990 ubique
894 2895 1002 2966 infusa
1019 2913 1088 2985 est,
1110 2901 1283 2984 emerunt,
1300 2915 1337 2970 et

242 2999 245 3004 ¹
291 3028 360 3102 quo
372 3005 524 3099 perverse
538 3017 638 3096 atque
651 3002 808 3095 injuriose
821 3001 863 3072 ad
875 3003 1031 3096 obsequia
1046 3004 1237 3074 daemonum
1250 3005 1337 3076 ahu-

290 3128 424 3197 tuntur,
443 3110 520 3181 crim
536 3111 582 3199 ab
598 3132 712 3178 eorum
727 3112 844 3180 miserd
861 3111 1099 3188 socictatesese
1115 3114 1223 3182 animo
1239 3137 1338 3206 sepa-

291 3236 361 3306 rat,
376 3218 478 3288 debet
499 3217 541 3286 ab
565 3216 611 3284 cis
651 3216 780 3286 auferre
798 3216 1006 3286 Christianus
1026 3217 1069 3287 ad
1089 3242 1186 3288 usurn
1207 3222 1337 3313 justum

290 3324 494 3424 praedicandi
517 3324 701 3416 Evangelii.
725 3324 858 3393 Vestem
879 3347 1012 3417 quoque
1031 3317 1187 3412 illorum,
1209 3326 1245 3396 id
1266 3342 1334 3413 est,

295 3437 469 3508 hominurn
493 3431 629 3526 quidem
658 3431 834 3516 instituta,
862 3430 919 3500 sed
951 3445 1062 3500 tamen
1090 3435 1338 3504 accommodata

290 3547 450 3616 humanae
465 3539 630 3625 societati,
648 3540 714 3632 qud
725 3539 761 3606 in
771 3539 834 3608 hac
856 3539 923 3609 vitri
936 3563 1048 3608 carere
1060 3564 1127 3610 non
1143 3555 1335 3633 possumus,

295 3652 443 3744 accipere
455 3662 555 3741 atque
564 3646 687 3714 habere
701 3643 832 3714 licuerit
842 3645 879 3714 in
889 3666 986 3715 usum
997 3647 1217 3717 convertenda
1232 3649 1337 3718 chris-

295 3761 433 3830 tianum.
445 3758 528 3827 Nlrm
539 3750 620 3851 quid
629 3750 720 3821 aliud
731 3748 882 3820 lecerunt
891 3749 989 3820 multi
998 3753 1077 3822 boni
1091 3753 1204 3824 fideles
1215 3756 1338 3824 nostri?

294 3871 412 3939 Nonne
427 3861 600 3955 aspicimus
613 3873 738 3953 quanto
753 3883 834 3928 auro
849 3872 883 3928 et
899 3873 1035 3950 argento
1055 3875 1089 3930 et
1105 3875 1194 3932 veste
1210 3863 1344 3933 'suffer--

295 3972 423 4044 cinarus
440 3967 554 4039 exierit
573 3965 615 4037 de
627 3969 774 4059 AEgypto
785 3965 972 4058 Cyprianus
984 3967 1101 4039 doctor
1109 3969 1332 4058 suavissimus,
