2984 4580
175 445 177 452 ,
299 387 362 452 tos
455 402 635 452 taurorum
657 405 684 451 s.
709 401 863 468 strauit,
887 401 966 452 atus
988 401 1140 468 inanem
1167 409 1191 452 r.
1293 449 1302 469 ,

295 505 447 578 inutilem
464 529 502 576 ac
515 527 794 600 supervacaneam
810 507 991 576 orationem
1012 518 1158 576 nostram
1181 506 1340 580 redditis?

340 641 357 679 u
376 613 477 683 Forte
492 612 606 700 multi,
625 614 762 707 quihaec
778 612 929 700 audiunt,
947 613 1072 684 dolent.
1093 615 1158 685 Sed
1170 614 1340 710 negligen-

297 735 347 791 tes
367 720 414 788 itt
433 742 503 800 non
525 719 673 821 sentiunt
699 749 706 790 :
731 720 878 814 alioquin
898 720 1059 790 incuriam
1078 743 1171 791 suam
1193 721 1341 813 depone-

279 908 283 931 ¹
298 840 385 913 rent,
407 839 446 896 ut
465 847 525 895 nos
544 825 604 921 qui
618 825 766 922 quotidie
781 826 823 896 de
838 826 936 895 rebus
952 828 1064 897 vestris
1076 826 1207 896 solliciti
1216 851 1339 897 sumus.

194 945 198 948 “
300 934 400 1020 Quod
421 947 552 1002 tantum
580 957 620 1002 ex
643 935 781 1024 negotiis
807 933 1018 1005 saecularibus
1041 932 1172 1003 lucrum
1198 933 1340 1026 colligis,

300 1055 464 1136 quantum
484 1041 545 1110 tibi
564 1039 723 1110 damnum
739 1041 894 1112 accersis?
909 1039 995 1114 Fieri
1011 1041 1142 1134 nequit,
1161 1051 1200 1110 ut
1221 1063 1259 1108 ex
1282 1039 1345 1111 alio

301 1171 478 1241 congressu
492 1161 699 1217 conventuve
709 1148 839 1216 tantiam
854 1147 985 1216 lucrum
1001 1160 1165 1238 reportes,
1183 1161 1346 1240 quantum

301 1281 341 1326 ex
355 1279 395 1325 eo
410 1255 503 1349 quod
518 1256 572 1324 hic
588 1255 723 1324 verseris
742 1284 750 1325 ι
768 1243 834 1325 sive
847 1253 1003 1348 judiciale
1016 1252 1128 1324 sorum
1144 1275 1346 1324 commemo-

302 1385 366 1449 res,
390 1363 458 1432 sive
478 1362 624 1446 curiam,
647 1361 714 1431 sivla
730 1362 833 1452 ipsam
855 1360 988 1452 regiam.
1008 1362 1082 1439 Non
1096 1358 1185 1428 enim
1200 1359 1348 1451 gentium

303 1469 506 1562 urbiumque
520 1467 681 1558 regimen,
699 1491 808 1560 neque
823 1466 981 1536 ducatum
1001 1465 1204 1535 exercituum
1225 1467 1276 1534 his
1292 1468 1349 1558 qui

303 1575 371 1646 hirc
393 1573 625 1666 ingrediuntur
643 1573 899 1656 committimus,
924 1572 981 1641 sed
1008 1570 1110 1642 alium
1128 1573 1349 1666 principatum

306 1682 528 1774 augustiorem
540 1679 612 1772 ipso
624 1703 748 1772 regno:
765 1679 819 1750 vel
830 1678 939 1772 potius
951 1703 1020 1750 non
1028 1678 1265 1750 committimus
1277 1703 1348 1766 nos,

307 1787 365 1858 sed
381 1787 521 1880 Spiritits
536 1787 650 1879 gratia.
665 1787 820 1870 Quisnam
836 1786 937 1877 igitur
952 1787 1038 1876 regii
1053 1800 1214 1879 potestate
1230 1811 1352 1878 augus-

264 1889 266 1898 ’
306 1898 371 1968 tior
389 1897 604 1989 principatus,
622 1918 722 1989 quern
738 1893 983 1987 adipiscuntur,
1001 1895 1059 1987 qui
1073 1894 1140 1964 hirc
1155 1894 1351 1986 ingrediun-

306 2005 385 2072 tur?
402 2008 570 2074 Doeentur
585 2001 735 2072 absurdis
746 1996 949 2094 passionibus
959 2000 1132 2094 imperare,
1150 2023 1266 2094 pravas
1275 2002 1352 2070 libi-

308 2109 401 2179 diues
416 2125 546 2200 regere,
568 2107 650 2178 iram
660 2107 840 2193 moderari,
857 2104 1013 2176 invidiam
1032 2107 1202 2197 subigere,
1220 2107 1354 2178 inanem

308 2215 445 2309 gloriam
460 2217 496 2285 in
512 2217 702 2288 servitutem
717 2213 874 2306 redigere.
894 2217 969 2286 Non
991 2215 1129 2306 perinde
1144 2217 1354 2286 veneratione
1470 2287 1471 2305 ,

310 2324 430 2416 dignus
451 2337 499 2394 est
517 2323 696 2416 imperator
715 2324 751 2392 in
770 2322 861 2413 regio
884 2319 1057 2394 considens
1075 2321 1158 2392 solio
1182 2337 1217 2391 et
1236 2321 1351 2392 diade·

311 2445 399 2501 mate
412 2431 593 2516 redimitus,
611 2445 710 2524 atque
725 2431 838 2515 homo,
856 2429 915 2521 qui
929 2429 1089 2498 rationem
1107 2429 1144 2504 in
1158 2425 1356 2500 soliumdo-

311 2539 455 2608 minutiis
477 2537 642 2606 servilium
658 2537 845 2628 passionum
861 2537 1026 2622 subvehit,
1045 2551 1079 2606 et
1097 2538 1250 2630 imperio,
1266 2537 1356 2631 quod

312 2646 348 2712 in
373 2642 446 2712 illas
465 2656 611 2738 exercet,
629 2644 788 2735 tanquam
812 2640 985 2735 splendido
1005 2642 1152 2737 quodam
1172 2647 1356 2716 revinctum

313 2763 413 2844 caput
428 2749 529 2820 habet
543 2745 738 2818 diademate.
749 2748 844 2832 'Quid
860 2749 961 2836 enim,
979 2773 1108 2843 quaeso,
1125 2750 1260 2843 prodest
1276 2775 1357 2844 pur-

313 2884 409 2954 pura,
431 2881 539 2928 aureae
554 2874 676 2944 vcstcs,
695 2871 728 2926 et
747 2880 869 2928 corona
884 2855 1067 2947 gemmata,
1077 2858 1221 2951 quandb
1235 2858 1358 2952 passio·

316 2991 398 3038 num
415 2967 544 3059 captiva
559 2964 659 3035 luerit
675 2965 804 3034 anima?
816 2965 915 3048 Quod
930 2988 970 3034 ex
983 2966 1043 3035 ista
1060 2968 1193 3036 externi
1207 2967 1359 3038 libertate

315 3077 446 3146 lucrum
463 3073 610 3158 obvenit,
622 3071 757 3165 quandd
769 3071 803 3141 id
819 3071 911 3165 quod
925 3073 961 3141 in
972 3073 1066 3144 nobis
1078 3075 1286 3166 potissimum
1297 3091 1357 3161 cst,
1402 3101 1406 3108 ·

316 3181 406 3274 turpi
421 3181 483 3250 hac
498 3177 674 3248 miserabili
690 3179 839 3271 subjacet
854 3179 1025 3250 servituti?
1041 3181 1125 3251 Nam
1139 3183 1361 3274 quemadmo-

319 3287 400 3360 dum
416 3287 493 3358 crim
514 3284 614 3356 sebris
634 3284 675 3354 ad
696 3285 850 3355 interiora
868 3300 1036 3379 penetrat,
1061 3301 1096 3357 et
1110 3289 1233 3358 viscera
1249 3290 1360 3360 omnia

317 3393 483 3480 incendit,
500 3392 583 3463 nihil
602 3392 697 3462 nobis
713 3391 857 3484 prodest,
875 3393 901 3462 si
916 3393 1064 3487 superior
1079 3397 1225 3488 corporis
1243 3421 1360 3490 super-

319 3501 408 3572 ficies
428 3499 512 3570 nihil
525 3498 591 3570 talc
606 3500 750 3592 patiatur
773 3529 780 3568 :
798 3500 844 3568 itt
857 3499 938 3569 dum
952 3502 1057 3571 nobis
1072 3501 1179 3572 anima
1195 3502 1361 3574 interiori-

321 3611 385 3682 bus
406 3607 597 3679 distrahitur
622 3607 844 3698 passionibus,
872 3607 955 3676 nihil
978 3622 1131 3680 exteruus
1157 3610 1363 3704 principatus

317 3720 424 3810 juvat,
442 3739 485 3784 ne
495 3715 603 3807 ipsum
619 3711 752 3806 quidem
765 3715 891 3806 regium
903 3714 1040 3802 solium,
1058 3718 1136 3787 etim
1147 3720 1277 3788 animus
1293 3720 1364 3789 vio·

320 3823 411 3892 lento
427 3819 607 3890 admodum
622 3819 747 3912 impetu
762 3822 996 3912 bpassionibus
1008 3820 1050 3892 de
1065 3825 1186 3896 throno
1203 3825 1363 3917 regiode-

321 3926 473 4000 volvatur
489 3940 522 3994 et
537 3925 625 3996 ultrb
646 3948 680 3994 se
694 3926 878 4012 submittat,
895 3950 1073 4022 earumque
1096 3929 1234 4002 rebelles
1255 3931 1361 4002 insul-
