2984 4580
289 383 357 448 406
437 395 616 444 unuuoarot
639 396 666 442 S.
692 395 844 456 atinum,
870 396 946 444 stus
969 401 1011 459 11,
1037 399 1121 444 sues.
1148 401 1172 442 1.

287 514 417 574 tantum
436 521 547 586 suam,
562 499 619 570 sed
639 510 672 568 et
687 497 731 568 ob
747 511 886 568 vestram
905 499 1067 572 incuriam
1088 496 1167 570 foris
1182 523 1328 574 manere.

286 615 331 696 At
344 609 423 679 licet
437 630 506 678 non
519 606 627 700 priuis,
640 629 731 676 nune
746 605 862 676 saltem
873 608 1077 695 excitamini,
1091 621 1212 678 etcum
1228 633 1332 682 mem-

288 717 350 800 bro
365 737 425 784 suo
439 714 581 806 quisque
596 713 632 782 in
642 711 814 793 eeclesiam
829 712 1048 804 ingrediatur,
1061 728 1094 783 et
1106 729 1200 806 pater
1209 715 1328 806 filium,

287 835 321 892 et
337 821 519 914 genitorem
530 819 636 906 filius,
648 833 681 890 et
695 819 755 890 viri
771 841 907 906 uxores,
919 834 953 889 et
965 821 1051 890 viros
1065 843 1199 908 uxores,
1218 835 1252 892 et
1265 846 1331 927 ser·

286 951 368 999 vum
382 927 492 1014 herus,
505 923 803 1014 etfraterlratrem,
818 938 851 997 et
862 925 985 998 amicus
997 926 1141 996 amicum
1153 925 1284 1016 excitet,
1298 942 1332 1000 et

289 1035 333 1108 ad
343 1037 433 1106 hune
441 1048 642 1106 conventum
651 1032 928 1128 frequentandum
939 1033 1252 1126 instiget2imdverd
1263 1059 1332 1106 non

187 1179 189 1186 r
288 1145 409 1218 amicos
417 1142 629 1230 tantum,sed
637 1142 786 1217 inimicos
794 1142 892 1214 etiam
902 1141 945 1212 ad
953 1165 1164 1214 communem
1172 1143 1263 1214 hunc
1271 1144 1332 1219 bo-

290 1274 409 1322 norum
424 1251 617 1322 thesaurum
626 1249 812 1322 invitemus.
826 1249 858 1320 si
872 1272 986 1319 curam
992 1247 1111 1344 giderit
1118 1263 1210 1320 tuam
1220 1250 1332 1322 inimi-

289 1355 598 1448 cus,odiumplane
611 1353 767 1448 deponet.
780 1355 840 1426 Dic
853 1353 1008 1442 illizNon
1017 1357 1260 1446 verecundaris,
1271 1381 1332 1432 nec
1365 1382 1372 1391 ’

288 1461 612 1550 erubescisludaeos,
624 1459 784 1555 quitann
795 1483 873 1532 eum
884 1459 1053 1554 diligentia
1066 1463 1242 1536 sabbatum
1259 1487 1334 1536 cus.

242 1607 244 1612 v
286 1569 439 1657 todiunt,
460 1582 559 1662 atque
575 1569 617 1638 ab
632 1567 703 1660 ipsi
714 1567 785 1660 jlm
798 1568 933 1660 vespert
947 1569 989 1638 ab
1005 1569 1096 1642 omni
1110 1592 1215 1664 opere
1229 1570 1333 1644 absti-

287 1679 391 1750 nent?
406 1675 505 1760 Qudd
520 1675 547 1746 si
570 1674 624 1746 die
646 1681 836 1746 Parasceves
851 1674 954 1748 solem
968 1675 1105 1748 videant
1124 1677 1168 1750 ad
1182 1702 1335 1752 occasum

287 1799 499 1878 vergentem,
514 1796 548 1854 et
567 1797 662 1876 pacta
685 1783 896 1870 rescindunt,
913 1796 947 1852 et
962 1786 1145 1878 emptiones
1160 1786 1334 1858 interrum-

287 1905 384 1986 punt.
404 1891 504 1974 Quod
517 1891 642 1985 siquis,
661 1890 739 1961 cium
761 1889 1017 1982 antevesperam
1041 1892 1182 1979 emisset,
1199 1895 1334 1988 vespere

289 2001 424 2071 veniens
440 1999 582 2092 pretium
600 1997 733 2082 afferat,
747 2019 815 2065 non
833 1997 997 2068 sustinent
1017 1999 1181 2091 accipere,
1198 2021 1260 2071 nec
1273 2025 1334 2096 pe·

222 2114 225 2118 ’
290 2107 422 2182 cuniam
438 2105 629 2175 admittunt.
648 2102 738 2188 Quid
758 2101 833 2174 dico
852 2105 996 2196 pretium
1017 2129 1128 2178 rerum
1145 2107 1333 2196 venalium,

291 2228 324 2286 et
338 2216 454 2307 pacta?
467 2212 617 2306 quamvis
633 2211 825 2282 thesaurum
840 2212 987 2304 accipere
999 2211 1131 2301 liceret,
1148 2214 1280 2287 lucrum
1292 2217 1335 2287 il·

208 2315 212 2322 ’
290 2321 352 2392 lud
363 2320 502 2391 mallent
517 2321 685 2408 amittere,
703 2321 804 2414 quim
824 2318 932 2411 legem
953 2320 1087 2392 violare.
1105 2325 1251 2415 Ergo-nc
1272 2328 1335 2396 lu·

291 2429 377 2517 daei,
394 2429 524 2500 tametsi
539 2427 645 2520 legem
660 2427 888 2520 intempestive
899 2429 1107 2518 custodiant,
1124 2432 1170 2502 itt
1185 2446 1263 2504 sunt
1278 2457 1336 2504 ac·
1378 2449 1382 2455 ·

293 2536 406 2605 curate
422 2535 616 2625 diligentes,
636 2549 669 2604 et
682 2535 729 2603 itt
746 2533 882 2604 studiosi
894 2549 971 2606 sunt
988 2537 1242 2625 observationis,
1260 2564 1336 2634 quae

292 2639 378 2710 nihil
390 2641 435 2710 eis
448 2639 600 2733 prodest,
611 2642 678 2715 imo
688 2641 786 2712 etium
797 2648 914 2714 nooetss
930 2657 980 2731 tu,
993 2646 1051 2736 qui
1057 2645 1126 2738 jltm
1137 2647 1267 2716 umbras
1280 2671 1336 2718 su-

216 2744 224 2762 ‘
292 2747 402 2842 perior
418 2769 472 2834 es,
491 2747 547 2818 cui
563 2747 665 2818 solem
686 2746 823 2840 justitiae
837 2747 949 2819 videre
975 2773 1166 2822 concessum
1189 2767 1259 2840 est,
1279 2755 1337 2848 qui

288 2858 359 2952 jam
371 2855 414 2928 ad
429 2855 591 2928 coelorum
606 2856 845 2956 municipatum
859 2858 1019 2948 pertines,
1037 2881 1079 2929 ne
1095 2859 1248 2932 eamdem
1260 2862 1336 2956 qui-

292 2962 369 3035 dem
384 2987 462 3033 cum
478 2965 539 3050 iis,
557 2964 616 3056 qui
628 2963 706 3033 vitio
722 2963 949 3054 intempestive
966 2964 1155 3054 adhaerent,
1174 2966 1337 3040 sollicitu-

292 3069 406 3140 dinem
420 3094 458 3140 ac
473 3069 619 3140 studium
629 3069 777 3155 exhibes,
793 3083 841 3155 tu,
853 3072 907 3140 cui
918 3073 1036 3142 veritas
1051 3075 1121 3168 ips'a
1134 3089 1183 3146 est
1194 3076 1334 3148 credita:

292 3177 352 3246 sed
363 3175 407 3244 ad
422 3175 585 3246 modicam
600 3175 665 3248 diei
680 3190 808 3270 partem
818 3177 885 3249 huic
899 3195 1047 3268 vocatus,
1057 3206 1100 3252 ne
1116 3206 1189 3254 eam
1201 3183 1336 3276 quidem

243 3287 245 3296 ’
292 3304 459 3360 sacrorum
467 3281 684 3376 Eloquiorum
696 3282 856 3354 auditioni
869 3284 1012 3377 dignaris
1020 3289 1225 3382 impendere,
1235 3313 1334 3384 quam

248 3439 250 3445 ι
291 3386 428 3464 tandem
442 3389 588 3476 veniam,
606 3414 735 3484 quaeso,
754 3391 871 3460 mereri
887 3397 1008 3510 queas?
1024 3418 1126 3490 quam
1144 3420 1226 3482 uero
1239 3410 1335 3490 pote-

291 3496 334 3566 ris
361 3494 544 3588 legitimam
564 3511 598 3566 et
625 3500 748 3590 justam
769 3512 1011 3572 excusationem
1029 3501 1160 3574 afferre.
1181 3507 1257 3576 Non
1275 3527 1336 3597 po·

261 3617 263 3619 ’
290 3617 354 3674 test
369 3603 456 3692 fieri,
483 3603 581 3696 plane
596 3627 664 3676 non
687 3617 814 3696 potest,
832 3620 871 3676 nt
894 3609 952 3702 qui
968 3611 1036 3680 tam
1049 3611 1220 3704 negligens
1237 3612 1280 3684 sit
1297 3635 1337 3694 ao
1425 3645 1428 3648 ·

290 3698 385 3804 piger*
396 3711 547 3806 unqulm
561 3712 657 3782 venit
671 3711 789 3804 dignus
803 3715 986 3804 habeatur,
1004 3718 1083 3790 licet
1098 3719 1217 3790 millies
1228 3743 1335 3792 saecu·

290 3818 409 3891 larium
421 3820 629 3911 negotiorum
642 3823 871 3915 occupationes
888 3823 1059 3896 obtendat.
1078 3828 1209 3916 Nescis,
1227 3829 1255 3898 si
1268 3829 1336 3900 hirc

290 3925 424 3996 veniens
449 3930 553 3996 Deum
574 3927 773 4015 adoraveris,
798 3943 830 3998 et
855 3933 1037 4005 conventis
1057 3935 1148 4006 istius
1172 3937 1336 4031 particeps
