2930 4582
188 379 290 431 cucur
306 384 352 430 rr.
371 381 414 428 nc
436 359 594 430 nurnono
616 380 652 428 m
674 331 882 428 concionum
905 377 1071 430 turnum.
1097 367 1162 436 285

124 482 1166 580 duodEliaededitsedmagiscontulitfiliisquodbenigueetpie

124 589 211 662 lecit.
225 597 269 662 Et
280 592 335 662 illa
349 593 498 663 nondlrm
508 593 676 663 Christum
688 592 828 678 sciebat,
843 591 991 662 nondum
1003 609 1166 688 praccepta

124 701 192 795 ejus
207 701 355 772 audierat
367 731 374 773 :
387 725 456 772 non
468 721 566 772 cruce
576 713 609 768 et
620 699 768 792 passione
778 701 848 792 ejus
865 697 1045 793 redempta,
1055 701 1167 771 cibum

125 821 157 876 et
171 821 287 901 potum
304 833 364 903 pro
386 809 546 900 sanguine
568 805 786 900 rependebat3
812 818 851 874 ut
873 829 912 875 ex
935 807 999 876 hoc
1015 813 1168 901 appareat

124 916 333 1010 quantumin
349 916 496 988 Ecclesia
511 927 638 1008 peccet,
656 913 713 1007 qui
729 935 763 982 se
775 926 808 983 et
824 914 910 983 filios
929 916 1060 986 Christo
1076 929 1169 985 ante-

124 1046 260 1118 ponens,
280 1025 410 1096 divitias
432 1047 506 1094 suas
522 1036 644 1108 servat,
667 1045 728 1091 nec
744 1021 980 1116 patrimonium
1000 1025 1168 1118 copiosum

123 1155 200 1202 cum
215 1133 438 1225 indigentium
448 1143 640 1224 paupertate
653 1129 905 1200 communicat¹.
926 1159 944 1198 u
980 1223 983 1228 Ι

180 1240 233 1310 Sic
257 1238 355 1310 divus
382 1237 566 1308 Bernardus
589 1237 774 1306 encomium
803 1237 892 1306 beati
915 1237 1055 1308 Victoris
1080 1237 1168 1309 cele-

123 1343 224 1416 brans
246 1347 333 1416 hanc
358 1346 464 1440 primd
480 1345 735 1438 propositionem
759 1345 956 1438 praemittit:
978 1374 994 1412 a
1020 1346 1169 1418 Gaudete

123 1453 161 1522 in
186 1452 349 1538 Domino,
379 1452 602 1538 Dilectissimi‚
629 1451 686 1545 qui
712 1448 797 1520 inter
820 1454 976 1523 continua
1004 1478 1072 1524 suae
1100 1453 1170 1548 pie·

125 1561 203 1636 tatis
227 1561 383 1630 beneficia
409 1559 546 1629 indulsit
575 1559 744 1629 hominem
774 1561 923 1649 mundo,
953 1564 1046 1656 cujus
1074 1564 1171 1634 multi
1192 1653 1195 1660 .

92 1699 95 1709 .
124 1667 330 1763 salvarentur
346 1667 507 1761 exemplo.
527 1668 651 1737 lterlrm
675 1668 773 1738 dico:
793 1669 941 1740 Gaudete
953 1671 1044 1764 quod
1064 1673 1170 1744 lactus

124 1769 305 1844 demedio
330 1775 536 1868 appropiavit
558 1779 647 1858 Deo,
675 1788 709 1843 et
723 1773 830 1844 multo
845 1775 956 1867 plures
981 1781 1051 1872 ejus
1070 1779 1172 1850 inter·
1258 1803 1265 1820 ⁸

125 1879 272 1950 cessione
295 1881 474 1953 salventur.
497 1909 514 1947 n
532 1880 659 1951 Deinde
680 1903 836 1952 exornare
855 1885 1049 1954 sententiam
1066 1889 1173 1980 pergit
1199 1891 1201 1898 '

124 1989 176 2059 his
189 1989 324 2060 verbis:

173 2126 191 2165 a
206 2101 246 2168 ln
261 2097 355 2167 terris
371 2099 460 2168 visus
475 2111 545 2184 est,
563 2111 602 2167 ut
625 2110 708 2167 esset
731 2097 880 2192 exemplo
896 2131 906 2190 3
930 2100 967 2170 in
987 2100 1109 2173 coelum
1125 2103 1173 2174 le·

124 2197 318 2290 ratusesr,
350 2218 390 2273 ut
416 2207 457 2273 sit
483 2205 678 2296 patrocinio.
710 2205 772 2274 llic
800 2205 957 2277 informat
983 2209 1025 2279 ad
1048 2212 1171 2298 vitam,

125 2309 194 2406 illio
226 2310 345 2382 invitat
368 2310 411 2379 ad
439 2307 587 2402 gloriam.
622 2315 742 2380 Factus
762 2304 815 2381 ‘est
846 2314 1008 2384 mediator
1033 2316 1075 2386 ad
1099 2341 1174 2410 reg·
1207 2372 1210 2378 .

125 2441 235 2524 num,
253 2417 312 2512 qui
336 2414 401 2486 fuit
423 2417 577 2486 incitator
598 2419 641 2486 ad
662 2440 755 2509 opus.
784 2421 895 2489 Bonus
918 2422 1091 2511 mediator,
1116 2425 1175 2518 qui

125 2527 190 2598 sibi
207 2528 275 2620 jam
296 2525 466 2620 postulans
492 2525 598 2612 nihil,
624 2539 734 2596 totum
755 2525 792 2596 in
810 2551 870 2599 nos
889 2529 1064 2602 transferre
1087 2531 1175 2604 desi-

126 2631 244 2720 derat,
268 2647 301 2704 et
325 2631 734 2724 supplicantisaffectum,
750 2649 783 2704 et
808 2637 1056 2728 supplicationis
1083 2639 1176 2713 sruc-

125 2753 214 2810 turn.
245 2739 333 2822 Quid
355 2739 443 2808 enirn
465 2751 591 2831 quaerat
615 2739 693 2823 sibi,
721 2743 778 2831 qui
803 2740 927 2811 nullius
952 2749 1044 2833 eget?
1064 2750 1178 2818 Domi·

126 2873 195 2920 nus
219 2860 390 2917 conservat
421 2870 496 2916 eum
527 2860 559 2916 et
586 2845 730 2916 vivificat
758 2870 851 2935 eum,
876 2863 910 2919 et
940 2850 1073 2941 beatum
1100 2847 1179 2928 lacit

129 2979 211 3026 eum
236 2955 272 3023 in
301 2953 404 3048 gloria
426 2983 433 3026 :
456 2950 541 3024 nihil
560 2952 609 3022 illi
638 2953 742 3026 decrit
762 2953 798 3024 in
823 2953 898 3028 loco
917 2981 1047 3051 pascuae
1076 2963 1179 3036 collo·
1222 2993 1225 3000 ¹

130 3077 207 3134 cato
217 3066 242 3130 ².
259 3088 276 3126 n

167 3171 221 3242 Sic
229 3159 437 3239 Arthievalus
447 3167 628 3238 monachus
637 3183 670 3239 et
681 3169 794 3256 abbas,
807 3170 842 3239 in
852 3172 927 3242 vna
936 3173 1024 3246 beati
1033 3177 1181 3252 Eduardi

133 3277 219 3368 regis
239 3277 298 3369 qui
312 3275 506 3368 virginitatis
525 3276 641 3346 florem
660 3275 758 3346 simul
773 3299 850 3344 cum
869 3281 1068 3352 sanctissima
1080 3311 1181 3358 uxore

135 3382 179 3456 ad
192 3385 294 3452 finem
307 3384 412 3477 usque
428 3383 505 3452 vitae
518 3384 743 3475 incorruptam
756 3384 907 3470 servavit,
922 3385 1086 3478 eleganter
1102 3417 1181 3486 pro-

136 3492 285 3586 sequitur
306 3521 313 3562 :
332 3521 348 3558 a
364 3490 604 3562 convenientes
624 3489 726 3581 igitur
741 3489 777 3588 in
794 3513 916 3579 unum,
933 3497 1045 3567 Rexet
1057 3501 1182 3592 Regina
1217 3527 1221 3536 ¹

137 3599 181 3670 de
194 3600 344 3670 castitate
364 3595 523 3670 servanda
544 3596 753 3690 paciscuntur
772 3625 779 3667 :
798 3621 859 3669 nec
875 3599 952 3671 huic
971 3603 1048 3672 fidei
1063 3605 1180 3696 alium,

139 3711 240 3804 quam
256 3713 363 3779 Deum
378 3723 495 3780 testem
517 3707 680 3778 aestimant
699 3705 937 3779 adhibendum.
954 3739 970 3776 n
990 3716 1069 3785 Haec
1093 3717 1185 3790 velut

139 3819 320 3913 propositio
336 3831 401 3904 est,
426 3841 502 3911 quae
519 3839 589 3886 rem
601 3813 801 3910 simpliciter,
814 3819 1021 3917 breviterque
1037 3829 1181 3920 exponit.

174 3958 184 3988 ¹
195 3951 228 4002 s:
235 3953 308 4018 cypr.
318 3947 351 4003 dc
360 3950 433 4013 Opes.
447 3953 474 3999 et
485 3946 603 4001 Eteonos.
615 3970 647 3986 -
663 3955 674 3985 ¹
687 3949 712 4018 S.
726 3947 841 4003 Bernard.
855 3951 933 4006 Scrm.
947 3953 979 4007 dc
990 3957 1018 4009 S.
1031 3955 1124 4012 Victor.
