2984 4580
253 433 257 440 ·
308 399 373 466 354
462 413 641 463 ιιιιιοιιιι
665 413 692 460 s.
717 413 868 476 ιιτιιιιι,
891 409 968 461 atus
990 417 1039 475 ιι,
1063 415 1148 458 sucu.
1173 416 1198 456 1.

305 518 391 588 hanc
408 516 564 588 orationis
585 514 727 586 formam
741 536 811 583 non
825 514 1033 605 respuerunt.
1051 511 1245 605 Frequens
1235 534 1273 580 m
1286 511 1348 582 hic

305 637 399 716 parte
422 625 456 694 S.
474 623 654 715 Ephraem,
673 618 733 713 qui
756 619 803 689 sic
821 623 1030 690 Peccatorem
1048 617 1288 711 negligentem
1294 643 1347 687 ar-

305 729 396 822 guit.

352 865 369 904 ι
387 837 448 906 Vae
463 833 535 922 tibi,
552 834 691 920 Anima,
708 831 866 927 quoniam
888 832 983 904 nulla
997 834 1077 905 curi
1093 833 1220 924 angeris
1234 833 1270 902 in
1287 833 1347 902 hac
1405 861 1410 876 ·

302 945 392 1030 vita,
418 941 543 1014 deliciis
571 940 719 1036 qnotidie
739 940 911 1023 diffluens,
940 941 1060 1013 risibus
1083 963 1224 1028 vacans,
1242 953 1348 1010 mente

303 1074 405 1144 vaga,
424 1050 573 1120 etnitam
588 1049 756 1118 remissam
773 1049 961 1141 traducens
990 1053 1032 1118 ln
1051 1047 1167 1118 futuro
1186 1048 1275 1117 enim
1290 1072 1348 1118 sae-

303 1159 380 1230 culo
392 1157 590 1250 plorandum
601 1156 663 1226 tihi
674 1156 737 1226 erit
751 1181 789 1227 ac
804 1156 1024 1248 lugendum,
1014 1170 1116 1228 rnstar
1128 1155 1238 1228 divitis
1249 1155 1346 1242 illius,

302 1264 339 1335 iu
354 1264 545 1356 sempiterni
558 1262 644 1354 ignis
659 1262 826 1372 supplicio
839 1263 1029 1357 torquendi.

349 1398 366 1436 ιι
382 1373 441 1440 Vae
450 1370 522 1456 tibi,
537 1369 668 1455 Anima,
682 1369 839 1462 quoniam
850 1369 978 1439 nullam
989 1369 1128 1439 sustines
1137 1353 1349 1439 afflictionem

303 1477 439 1550 asratre
454 1477 517 1547 tibi
531 1475 657 1546 illatam
679 1490 738 1546 aut
756 1478 896 1548 verbum
920 1478 1098 1566 acerbum,
1115 1477 1174 1546 sed
1190 1478 1300 1546 statim
1316 1479 1349 1546 in

303 1585 554 1680 repugnantiam
565 1597 598 1653 et
609 1581 833 1653 dissidentiam
843 1583 1013 1676 prosiliens
1023 1584 1202 1676 patientiae,
1217 1597 1251 1652 et
1261 1607 1349 1652 man-

302 1691 487 1764 suetndinis
502 1711 659 1762 coronam
668 1688 832 1782 deperdis,
847 1689 1079 1782 sempiternam
1090 1713 1167 1761 curn
1180 1687 1263 1760 illati
1273 1687 1348 1758 mali

297 1799 504 1870 memoribus
515 1819 652 1892 poenam
663 1797 827 1866 subitura.

349 1933 366 1972 ιι
383 1909 441 1976 Vae
456 1904 530 1990 tibi,
547 1903 679 1989 Anima,
693 1904 851 1996 quoniam
861 1901 997 1974 fratrem
1011 1918 1109 1974 tuum
1125 1904 1224 1974 odisti
1239 1918 1273 1974 et
1283 1927 1349 1974 ma·

250 2103 253 2108 r
302 2011 432 2084 ledictis
448 2034 576 2097 oneras,
593 2033 727 2104 eosque,
741 2010 800 2103 qui
812 2009 889 2080 talia
905 2025 1020 2102 agunt,
1037 2011 1156 2082 toleras
1176 2041 1184 2081 ι
1202 2035 1239 2081 ac
1251 2033 1348 2104 prop-

304 2119 469 2189 terelund
479 2141 556 2187 cum
566 2114 740 2188 homicidis
748 2139 866 2209 poenas
874 2139 908 2188 es
918 2117 1046 2188 datura.
1071 2118 1149 2214 Qui
1163 2117 1259 2214 enim
1262 2117 1347 2214 fra·

306 2239 398 2298 trem
409 2249 513 2296 suum
525 2221 613 2311 odit,
624 2236 664 2292 ut
679 2225 837 2317 scriptum
852 2238 912 2312 est,
932 2221 1115 2294 homicida
1128 2229 1215 2294 est¹.

351 2362 368 2401 ιι
394 2337 453 2404 Vae
469 2331 550 2418 tibi,
568 2331 706 2418 Anima,
724 2331 882 2424 quoniam
900 2332 1055 2402 mandata
1068 2331 1128 2400 Dei
1138 2334 1319 2403 contemnis
1336 2360 1344 2402 ι

303 2439 373 2510 sold
391 2439 478 2508 enim
496 2437 651 2510 monachi
667 2439 774 2529 specie
789 2461 827 2508 ac
841 2439 992 2524 nomine,
1009 2438 1147 2508 salutern
1158 2463 1226 2508 esse
1242 2439 1347 2509 existi-

304 2565 385 2614 mas.
411 2541 533 2613 Audies
549 2543 637 2610 enim
660 2542 696 2610 in
709 2542 881 2611 tremenda
895 2541 951 2610 itta
965 2491 1020 2612 die
1039 2545 1218 2615 Dominum
1234 2545 1346 2616 dicen·

305 2661 398 2719 tem:
391 2643 507 2720 ·Non
519 2647 653 2733 omnis,
670 2671 732 2738 qua
728 2644 846 2717 dicit
859 2646 965 2734 mihi,
997 2647 1165 2737 Domine,
1178 2637 1344 2736 Domine,

181 2827 184 2832 ,
307 2751 503 2827 intrabi't
488 2777 700 2852 teregnum
724 2752 912 2841 colorum,
941 2753 1009 2824 sed
1029 2780 1090 2847 qui
1086 2758 1211 2852 firczt
1231 2755 1348 2828 volun·

307 2877 421 2935 tatem
436 2869 598 2934 moom²
616 2859 781 2933 Discedit
768 2877 802 2932 te
821 2865 846 2932 ιι
870 2886 945 2950 me,
961 2861 1195 2952 maledictis
1179 2891 1218 2935 ιιι
1231 2867 1348 2962 ignem
1473 2895 1475 2922 ι

308 2985 492 3056 aeternum,
508 2983 683 3062 paratum
699 2965 846 3038 diabolo
862 2983 898 3038 et
912 2969 1103 3066 angelis
1066 2995 1143 3068 qus
1153 2975 1179 3040 ³.

353 3106 370 3145 ιι
381 3082 441 3147 Vae
454 3077 527 3163 tibi,
539 3078 668 3162 Anima,
683 3077 840 3170 quoniam
853 3075 990 3169 gloriam
998 3080 1177 3150 humanam
1187 3079 1307 3173 diligis,
1317 3093 1348 3149 et

307 3185 469 3256 honorem
492 3198 525 3254 et
547 3184 687 3254 vestium
713 3185 875 3271 nitorem,
898 3200 932 3255 et
953 3209 1062 3256 rerum
1086 3189 1346 3280 possessionem:

309 3307 409 3387 atque
424 3267 546 3362 idcircd
561 3289 790 3362 abominabilis
805 3293 916 3362 coram
931 3294 1018 3364 Deo
1009 3317 1045 3363 ιιι
1060 3293 1114 3362 die
1121 3294 1239 3387 judieii
1252 3317 1349 3388 appa-

309 3400 416 3485 rebis,
434 3412 468 3468 et
482 3399 502 3468 a
518 3395 624 3468 facie
616 3397 717 3492 ipsius
735 3400 866 3492 rejecta,
885 3422 962 3469 cum
977 3399 1126 3504 superbis
1143 3399 1349 3472 daemonibus

308 3503 608 3578 connumeraberis

351 3640 372 3678 ιι
397 3614 457 3681 Vae
468 3611 542 3697 tibi,
560 3609 689 3694 Anima,
707 3610 866 3702 quoniam
877 3613 1025 3707 quotidie
1041 3637 1172 3707 peccas,
1192 3627 1226 3686 et
1241 3615 1349 3709 poeni-

310 3717 448 3788 tentiam
462 3719 505 3788 de
521 3717 575 3786 die
594 3716 630 3786 in
651 3715 740 3786 diem
754 3717 879 3792 differs.
898 3719 1089 3791 imminebit
1103 3722 1191 3792 enim
1207 3723 1270 3792 tibi
1284 3723 1351 3790 exi·

312 3834 365 3892 tus
378 3836 475 3909 tuus,
495 3823 650 3916 tanqulm
672 3820 728 3892 fur
746 3837 845 3894 nocte
865 3825 1022 3918 repente,
1045 3840 1078 3896 et
1099 3827 1239 3898 vinculis
1253 3849 1349 3898 cons-

348 3958 356 3987 ¹
371 3967 381 4001 ι
395 3952 465 4002 toan.
479 3965 514 4014 ιιι,
531 3948 569 4001 15.
586 3959 627 3987 ¹-
637 3951 786 4013 Maturare,
800 3965 842 4005 21.
858 3973 891 3998 ›-
904 3950 914 3992 3
927 3955 962 4006 ld.
981 3971 1039 4020 xxv,
1058 3954 1099 4021 [μ.
1165 4019 1169 4026 ,
