2930 4582
214 449 316 503 carun
338 456 384 504 vr.
409 414 451 506 nu
473 453 633 527 unrnono
647 451 685 500 nt
699 451 907 499 coucroumns
929 441 1100 500 temnant.
1121 436 1187 499 293

146 555 339 626 consentiat.
357 557 427 623 Rex
442 576 529 622 unus
544 566 594 622 est
607 551 737 644 apibus,
751 563 785 620 et
795 551 863 620 dux
877 571 964 618 unus
973 548 1009 618 in
1021 551 1186 644 gregibus,
1209 599 1211 608 ι

147 675 180 730 et
194 662 229 729 in
239 660 391 730 armentis
407 673 515 729 rector
535 681 621 728 unus
640 685 648 726 ι
666 655 773 726 multb
788 655 891 747 magis
910 655 1028 725 mundi
1039 681 1125 728 nnus
1140 673 1190 730 est

145 771 278 851 Rector,
289 767 502 861 quiuniversa
511 787 731 858 quacumque
742 776 821 833 sunt
830 761 1051 867 verbojubet,
1060 767 1189 862 ratione

146 873 325 966 dispensat,
337 873 466 943 .virtute
482 872 727 942 consummat1.
748 897 764 936 a
851 932 853 938 .

189 984 230 1049 2⁰·
244 981 277 1051 Si
300 980 394 1050 malis
422 1001 490 1048 non
512 976 691 1070 simplicem
713 973 866 1069 quidem,
890 974 948 1046 sed
968 979 1189 1071 compositum

142 1086 327 1156 auscultare
343 1083 618 1178 Syllogismum,
637 1107 704 1176 quo
724 1081 876 1174 pluribus
892 1085 1113 1155 concatenatis
1132 1110 1189 1156 ar-

142 1193 308 1284 gumentis
320 1191 364 1260 ad
378 1191 679 1260 veritatisnotitiam
691 1190 872 1282 pervenias,
887 1189 979 1259 adest
987 1192 1021 1259 in
1029 1207 1187 1286 promptu

141 1297 227 1371 illud
246 1299 335 1369 beati
358 1297 535 1389 Augustini
556 1296 598 1366 de
619 1303 757 1368 Peccato
780 1297 930 1390 originali
952 1300 1182 1374 ratiocinium:

189 1437 206 1475 u
226 1405 383 1476 Parvulos
399 1406 542 1492 intuere,
559 1420 642 1499 quot
657 1420 689 1474 et
705 1420 829 1498 quanta
843 1405 928 1474 mala
943 1408 1130 1500 patiantur,
1147 1411 1184 1479 in

141 1513 263 1605 quibus
290 1512 512 1598 vanitatibus,
541 1512 763 1598 cruciatibus,
789 1513 976 1600 erroribus,
1003 1515 1182 1586 terroribus

140 1633 298 1690 crescant.
313 1617 437 1688 Deinde
442 1621 510 1712 jam
521 1619 670 1709 grandes,
685 1621 784 1698 etiam
793 1625 862 1690 Deo
874 1622 1062 1709 servientes,
1079 1637 1184 1694 tentat

138 1749 245 1811 error,
269 1739 307 1794 ut
327 1724 486 1816 decipiat,
514 1737 621 1795 tentat
644 1723 740 1796 labor
765 1740 823 1794 aut
843 1725 959 1812 dolor,
977 1740 1016 1795 ut
1031 1725 1181 1820 frangat3

137 1846 243 1904 tentat
264 1831 389 1918 libido,
417 1847 455 1901 ut
479 1831 652 1922 accendat,
675 1845 782 1901 tentat
801 1853 945 1919 moeror,
972 1849 1010 1904 ut
1037 1848 1180 1926 sternat,
1301 1835 1307 1848 ’

135 1953 242 2010 tentat
263 1941 406 2031 typhus,
424 1953 462 2007 ut
478 1938 622 2007 extollat.
641 1942 685 2008 Et
707 1939 781 2031 quis
804 1938 942 2030 explicet
963 1942 1074 2013 omnia
1089 1941 1182 2010 festi·
1227 1991 1229 2001 .

134 2060 264 2132 nanter,
286 2047 408 2140 quibus
424 2059 577 2135 gravatur
587 2032 705 2138 jugum
718 2041 815 2138 super
830 2044 915 2116 filios
928 2047 1057 2118 Adam?
1075 2053 1182 2144 Hujus

135 2153 301 2226 evidentia
323 2153 461 2220 miseriae
477 2152 625 2241 gentium
641 2149 866 2244 philosophos,
891 2154 972 2223 nihil
986 2154 1028 2224 de
1041 2161 1180 2226 Peccato

133 2258 232 2351 primi
247 2257 389 2326 hominis
406 2257 473 2326 sive
485 2257 636 2342 scientes,
656 2257 722 2326 sive
742 2257 929 2346 credentes,
946 2261 1107 2352 compulit
1125 2260 1179 2330 di-

133 2389 219 2450 cere,
228 2365 271 2434 ob
281 2363 392 2458 aliqua
402 2363 522 2432 scelera
533 2377 682 2456 suscepta
691 2364 727 2432 in
738 2359 806 2436 virt
814 2367 992 2458 superiore,
1004 2391 1178 2458 poenarum
1221 2407 1224 2414 ·

129 2472 330 2543 luendarum
346 2472 442 2540 causat
458 2493 517 2539 nos
533 2492 600 2539 esse
615 2463 725 2557 natos,
750 2484 784 2540 et
808 2473 934 2542 animos
953 2488 1081 2543 nostros
1102 2497 1178 2544 cor·

130 2579 345 2672 ruptibilibns
354 2577 547 2670 corporibus
560 2601 599 2647 eo
608 2578 783 2672 supplicio,
794 2603 861 2672 quo
869 2581 998 2650 Etrusci
1006 2581 1177 2673 praedones

33 2688 37 2698 ’
128 2700 243 2778 captos
254 2685 398 2774 affligere
410 2697 659 2770 consueverant,
673 2688 832 2777 tanquam
845 2685 938 2755 vivos
952 2711 1029 2756 cum
1038 2691 1177 2760 mortuis

131 2816 199 2862 esse
220 2793 425 2882 conjunctos.
450 2787 625 2882 Apostolus
653 2802 764 2858 autem
788 2803 939 2880 amputat
964 2793 1175 2882 opinionem,

129 2901 198 2996 qud
214 2897 395 2968 creduntur
410 2895 547 2989 singulae
563 2897 681 2967 animae
702 2897 901 2990 promeritis
926 2912 1083 2969 anteactae
1098 2902 1175 2971 vitae

129 3006 266 3076 diversis
276 3005 469 3096 corporibus
485 3003 594 3072 inseri.
609 3001 698 3086 Quid
713 3003 813 3094 igitur
826 3017 936 3090 restat,
952 3005 1014 3074 nisi
1024 3019 1062 3074 ut
1077 3030 1185 3079 causa·

128 3115 267 3183 istorum
281 3111 446 3182 malorum
461 3113 502 3180 sit
514 3125 571 3180 aut
586 3110 741 3203 iniquitas
753 3111 806 3180 vel
821 3111 1014 3205 impotentia
1026 3115 1102 3200 Dei,
1117 3129 1175 3188 aut

129 3244 227 3314 paena
242 3219 341 3312 primi
355 3219 539 3310 veterisque
556 3217 705 3287 Peccati?
714 3217 778 3288 Sed
793 3219 871 3310 quia
885 3243 947 3289 nec
963 3220 1102 3312 injustus
1113 3247 1175 3292 nec

129 3329 295 3420 impotens
311 3341 360 3396 est
375 3330 461 3395 Deus
475 3353 483 3396 ε
500 3337 600 3394 restat
614 3324 705 3418 qnod
720 3326 863 3410 nonvis,
881 3327 939 3394 sed
954 3329 1078 3417 cogeris
1094 3353 1176 3398 con-

129 3436 228 3522 fiteri,
247 3435 338 3529 quod
364 3455 460 3526 grave
472 3434 592 3525 jugum
607 3454 705 3522 super
727 3430 811 3499 lilios
831 3431 938 3502 Adam
957 3434 976 3500 a
994 3431 1049 3501 die
1070 3434 1174 3504 exitiis
1209 3479 1211 3484 -

131 3543 174 3612 de
190 3557 305 3614 ventre
319 3541 432 3611 matris
453 3562 567 3609 eorum
586 3534 691 3631 usque
706 3540 741 3608 in
755 3536 843 3608 diem
857 3536 1033 3630 sepulturae
1048 3541 1083 3608 in
1101 3565 1175 3611 ma-

131 3663 217 3719 trem
231 3650 379 3719 omnium
396 3671 462 3718 non
479 3646 608 3734 fuisset,
631 3645 693 3716 nisi
708 3643 820 3718 delicti
835 3643 999 3738 originalis
1018 3648 1173 3717 meritum

130 3758 345 3850 praecessisset
357 3762 382 3826 ².
400 3783 416 3820 r>

167 3915 176 3942 ¹
188 3908 212 3956 s.
227 3909 298 3972 cypr.
313 3905 344 3956 de
355 3903 438 3956 idolor.
453 3904 532 3957 Venit.
551 3928 578 3946 κ
592 3913 603 3945 ²
616 3902 641 3958 S.
654 3863 754 3970 argui.
776 3899 863 3958 eontra
882 3900 970 3961 Julian.
985 3901 1064 3969 Pelag.
1077 3893 1121 3956 lib.
1135 3899 1171 3968 ir,

132 4003 156 4040 n.
183 3989 225 4040 82.
