2996 4598
309 461 351 524 88
458 473 638 526 ιιιιιοιιιι
659 475 687 524 ι.
712 475 867 542 ernon,
891 474 969 528 ιιιι
989 481 1035 544 ιι,
1057 481 1144 530 ιω.
1167 483 1193 530 ι.

310 579 482 672 Prophetis
491 593 525 649 et
540 578 703 673 Apostolis
713 577 891 650 extiterint.
901 579 1012 651 Hinc«
1027 603 1071 651 ne
1081 582 1224 654 coelestis
1233 584 1291 656 ilie
1301 607 1353 657 sa·

310 708 442 757 crorum
451 687 625 759 Librorum
634 687 818 770 thesaurus,
825 707 926 780 quem
934 687 1074 780 Spiritus
1082 703 1214 762 sanctus
1223 693 1353 762 summi

311 792 508 864 liberalitate
516 793 707 862 hominibus
720 791 865 879 tradidit,
877 791 1045 883 neglectus
1051 795 1174 888 jaceat,
1189 797 1303 868 statuit
1318 812 1353 868 et

308 899 452 972 decrevit
464 898 627 986 Ecclesia,
644 897 735 991 quod
750 922 849 970 sacrae
865 899 1043 992 Scripturas
1058 901 1230 994 expositio,
1248 904 1353 974 inter·

306 1008 447 1101 pretatio
462 1020 496 1076 et
517 1005 616 1076 lectio
636 1005 671 1076 in
686 1005 840 1103 omnibus
862 1006 1057 1078 dioecesibus
1079 1009 1311 1083 haberentur1.
1332 1039 1350 1078 s

306 1118 374 1186 Ncc
387 1113 509 1182 mirum
521 1112 547 1180 si
558 1125 652 1182 tanto
667 1110 797 1200 studio,
811 1126 844 1181 et
854 1113 917 1205 ipsi
931 1112 1121 1206 persolvere
1133 1113 1301 1204 doctores,
1319 1131 1353 1188 et

307 1219 377 1289 aliis
392 1219 623 1288 commendare
631 1219 817 1289 curaverint
831 1219 936 1289 sancti
953 1219 1092 1312 Spiritds
1106 1221 1257 1308 oracula,
1275 1223 1353 1293 ciam

308 1325 442 1394 aliunde
463 1347 525 1394 nec
550 1323 629 1394 fidei
649 1323 818 1416 dogmata,
843 1347 905 1396 nec
928 1349 1059 1396 morum
1078 1327 1205 1418 regulas
1227 1329 1353 1399 hauriri

290 1427 291 1430 '
306 1425 524 1524 possc'meritd
536 1430 772 1500 arbitrarentur
783 1461 792 1502 ι
804 1431 981 1526 quodcum
992 1447 1122 1504 sanctus
1129 1436 1350 1526 Augustinus,

307 1537 377 1608 sive
391 1536 501 1629 potius
515 1537 645 1626 ignotus
661 1550 777 1608 auctor
793 1541 988 1608 Sermonum
1004 1538 1047 1608 ad
1061 1535 1201 1609 sratres
1191 1563 1227 1608 ιιι
1242 1563 1353 1616 eremo

278 1722 281 1728 ,
308 1643 547 1764 elegantissime
557 1643 760 1736 exposuerit,
773 1667 842 1713 non
857 1644 1078 1739 injucundum
1089 1643 1160 1716 fore
1175 1647 1309 1740 putavi,
1326 1646 1355 1716 si

183 1771 186 1776 ·
309 1751 441 1843 propria
455 1750 557 1842 ipsius
571 1750 672 1820 verba
681 1748 786 1820 susids
797 1751 1031 1820 exscriberem.

359 1884 375 1923 u
393 1856 507 1947 Legite
522 1857 617 1948 ergd‚
641 1857 758 1928 fratres
769 1856 835 1925 mei
844 1857 1075 1949 ‚scripturam
1094 1879 1236 1945 sacram,
1254 1859 1354 1950 legite

293 2048 296 2053 ,
311 1987 401 2051 eam,
416 1985 459 2032 ne
470 1963 549 2033 caeci
564 1963 633 2032 sitis
647 1977 681 2032 et
696 1962 796 2032 duces
805 1985 979 2033 caecorum.
991 1965 1103 2054 Legite
1112 1987 1235 2036 sacram
1250 1966 1355 2060 Scrip-

310 2084 420 2142 turam
439 2070 475 2138 in
498 2070 564 2164 qud
583 2069 666 2163 quid
685 2069 887 2155 tenendum,
913 2069 995 2163 quid
1015 2069 1228 2160 fugiendum,
1255 2070 1355 2164 plane

311 2177 495 2248 invenietis.
521 2178 634 2269 Legite
657 2199 729 2246 eam
750 2178 827 2270 quia
851 2178 942 2247 omni
968 2175 1066 2246 melle
1092 2176 1236 2264 dulcior,
1263 2180 1356 2249 omui

310 2308 397 2380 pane
417 2285 569 2368 suavior,
593 2283 684 2354 omni
704 2283 783 2354 vino
805 2283 940 2354 hilarior
957 2283 1135 2356 invenitur.
1157 2287 1355 2378 Appreheu-

312 2393 381 2462 dite
400 2415 485 2478 eam,
505 2405 540 2461 et
553 2391 724 2462 invenietis
744 2392 914 2484 quomode
929 2397 1016 2462 Deus
1037 2390 1175 2462 deorum
1189 2393 1234 2462 sit,
1251 2391 1356 2486 longi-

312 2500 396 2570 tudo
410 2512 546 2592 propter
563 2499 801 2585 eternitatem,
821 2500 989 2594 quomodd
1008 2500 1050 2568 sit
1069 2497 1211 2568 latitudo
1220 2513 1356 2592 propter
1381 2521 1385 2530 ·

312 2607 527 2692 charitatem,
545 2603 715 2698 quomodd
726 2599 778 2674 'stt
789 2605 973 2676 sublimitas
987 2619 1122 2698 propter
1131 2608 1352 2700 majestatem,

311 2711 480 2808 quomodo
508 2713 550 2782 sit
574 2710 779 2806 profundum
798 2719 933 2806 propter
957 2714 1125 2808 sapientiae
1149 2713 1356 2784 immensita-
1420 2750 1429 2768 ·

240 2876 241 2880 ,
311 2823 391 2892 tem.
410 2821 555 2904 Quaerite
569 2821 770 2912 Scripturam
787 2843 922 2908 sacram,
940 2835 974 2890 et
989 2819 1159 2890 invenietis
1186 2819 1356 2914 quomodd

264 2914 268 2925 ¹
312 2929 374 2999 iste
388 2933 479 2998 Deus.
499 2928 637 2996 deorum
657 2940 754 2996 natus
782 2949 824 2995 ex
837 2927 940 2996 Marii
959 2927 1092 3017 Virgine
1106 2940 1140 2995 et
1163 2927 1264 2996 homo
1287 2923 1357 2996 fao-

192 3034 195 3040 ’
312 3050 365 3104 tus
381 3057 441 3103 nos
456 3047 544 3102 amat
558 3046 597 3100 ut
608 3031 746 3101 charitas
756 3084 766 3119 ,
777 3034 946 3126 quomodd
961 3035 1053 3104 novit
1064 3047 1103 3103 ut
1113 3033 1250 3119 veritas,
1268 3055 1356 3125 quo-

276 3131 280 3137 ’
311 3139 412 3210 modi>
428 3139 519 3208 sedet
535 3153 573 3208 ut
589 3139 744 3230 aequitas,
755 3139 924 3232 quomodd
939 3139 1130 3230 dominatur
1141 3154 1180 3208 ut
1191 3141 1353 3232 majestas.

215 3295 216 3298 =
240 3272 243 3279 ’
311 3245 425 3336 Legite
450 3245 651 3336 Scripturam
667 3267 804 3331 sacram,
820 3259 854 3314 et
875 3232 1046 3316 invenietis
1065 3244 1233 3339 quomodd
1248 3249 1358 3316 'Naza-

310 3375 409 3423 renus
422 3351 478 3420 ille
494 3352 578 3442 regit
593 3364 632 3421 ut
641 3351 862 3443 principium,
883 3351 1051 3444 quomodd
1068 3365 1181 3420 tuetur
1200 3364 1239 3419 ut
1254 3350 1355 3436 salus,

309 3457 478 3554 quomodo
497 3469 652 3550 operatur
673 3471 712 3527 ut
722 3458 844 3543 virtus,
862 3459 1032 3553 quomodd
1044 3458 1214 3530 revelatur
1232 3471 1271 3526 ut
1283 3457 1354 3544 lux,

303 3561 479 3662 'quomodd
497 3563 614 3634 assistit
630 3578 669 3634 ut
687 3565 791 3657 pietas
811 3594 818 3636 ι
836 3579 870 3636 et
887 3565 979 3653 ideo,
990 3565 1106 3634 fratres
1133 3565 1219 3651 mei,
1246 3587 1358 3657 quan-

309 3673 368 3742 dit
383 3674 418 3742 in
430 3673 490 3741 hac
504 3671 634 3739 infirmi
649 3672 779 3740 errant
793 3671 860 3741 vitat
876 3670 1047 3758 fuerintne,
1061 3673 1148 3741 hanc
1164 3669 1358 3788 sapientiam

306 3781 429 3850 drscere
440 3793 473 3848 et
482 3777 669 3871 saperetota
679 3791 788 3847 mente
800 3801 964 3848 curemus
976 3776 1159 3860 Quidenim
1168 3776 1307 3848 homo
1281 3799 1357 3846 stne

306 3886 422 3958 litteris
437 3897 609 3978 reputatur
613 3884 725 3965 i'Quid
739 3874 827 3954 enim
839 3885 907 3952 cst?
923 3882 1088 3978 numquid
1099 3907 1168 3957 ιιοιι
1183 3906 1285 3977 pecus
1299 3879 1358 3954 vel

344 4015 456 4069 ¹Goncil.
470 4015 535 4068 'frid
554 4029 614 4066 sess.
629 4029 647 4066 ι
648 4029 720 4080 ,cap
736 4029 759 4064 ι.
819 4019 821 4024 “
862 4031 865 4039 ⁴
