2982 4584
264 439 366 486 otrus
389 442 435 485 vr.
454 435 496 482 ns
513 423 672 488 neruoso
694 435 731 480 ru
753 424 962 482 concionru'us
975 419 1152 483 'trusrrrrt¹
1179 423 1243 484 519

198 541 256 614 sed
269 544 340 636 ipso
353 540 462 610 medio
472 535 621 608 draconis
632 545 748 605 ventre
767 533 900 629 dimpto
914 551 948 607 et
961 535 1122 625 dissecto,
1141 540 1186 608 sic
1205 559 1244 608 ex

197 647 420 744 penetralibus
446 644 588 740 prodiit,
615 656 693 711 cunr
716 641 890 736 splendore
914 643 1044 731 multo,
1069 643 1245 739 radiosque

198 757 364 840 emittens,
384 777 453 822 non
469 747 632 842 usquead
647 749 711 818 hoc
725 748 867 834 coelum,
882 749 940 819 sed
954 749 1060 844 usque
1076 749 1117 820 ad
1135 751 1244 846 ipsum

197 884 376 959 supernum
392 857 510 928 solium
529 883 537 926 ε
553 856 631 926 uam
646 855 726 926 illuc
742 858 876 952 quoque
888 857 997 954 ipsum
1010 855 1245 930 adduxit.·iioc

197 993 317 1064 corpus
336 963 428 1035 dedit
448 964 542 1034 nobis
562 971 595 1032 et
610 962 846 1052 tenendumet
867 960 1111 1034 comedendum
1126 993 1139 1051 ,¹
1153 961 1246 1059 quod

197 1081 333 1148 intensae
349 1067 532 1142 dilectionis
544 1069 630 1162 suit3
648 1087 704 1141 eos
717 1073 806 1142 enim
822 1093 905 1164 quos
918 1069 1070 1142 ardenter
1083 1092 1243 1164 amamus,

193 1184 298 1257 'etiam
322 1179 411 1274 saepe·
426 1177 627 1250 mordemus:
655 1176 736 1250 Ideo
763 1177 828 1250 iob
852 1193 997 1250 amorem
1020 1176 1244 1272 famulorum,

199 1291 258 1386 qui
283 1285 368 1360 circi
382 1285 478 1364 illurn
492 1299 606 1376 erant,
621 1283 817 1374 ostendens,
835 1280 1048 1360 dicebatiilos
1062 1285 1171 1382 ipsum
1186 1311 1246 1362 ue·
1334 1367 1342 1384 ³

199 1400 371 1468 hemeuter
387 1403 534 1466 ornantes
551 1390 666 1464 dixisse
682 1421 689 1465 :
713 1390 805 1486 Quis
819 1391 923 1464 nobis
936 1391 998 1464 det
1013 1389 1248 1480 decernibus

199 1505 274 1574 sues
292 1516 331 1572 ut
346 1498 609 1596 zinpleatnuffl!
626 1500 678 1571 sic
694 1495 728 1568 ei
743 1497 892 1586 Christus
914 1497 1007 1597 dedit
1021 1497 1117 1571 hobis
1134 1517 1257 1590 carnes,

200 1612 274 1682 siras
286 1623 324 1680 ut
337 1607 547 1702 itnplea'mur,
565 1602 608 1676 ad
622 1605 782 1700 majorem
797 1622 857 1676 nos
872 1603 1049 1676 amicitiam
1064 1607 1244 1682 attrahens.

213 1725 217 1732 '
244 1741 261 1782 u
279 1713 483 1786 Accedamus
498 1715 599 1806 igitur
614 1728 691 1781 curn
705 1711 834 1781 icrvore
854 1711 896 1781 ad
910 1709 1029 1800 iiluttr,
1046 1724 1079 1782 et
1094 1729 1171 1783 curn
1192 1735 1247 1784 ar·
1366 1763 1369 1768 -

198 1819 291 1894 denti
307 1823 478 1907 charitate,
496 1831 530 1896 et
545 1840 587 1888 ne
603 1818 779 1906 subeamus
792 1818 1142 1912 supplicium.Quantd
1157 1821 1248 1893 enim

87 2000 92 2009 ,
197 1931 321 2024 majora
330 1923 491 1997 beneficia
506 1925 739 2018 acceperimus,
749 1923 843 1996 tanto
855 1925 958 2018 magis
967 1927 1157 2019 puniemur,
1169 1927 1247 1999 edm

197 2031 365 2104 beneficiis
376 2027 504 2126 indigni
519 2031 761 2126 apparebimus.
774 2035 846 2103 Hoc
861 2031 961 2102 etiarn
973 2050 1092 2126 corpus
1107 2033 1144 2103 in
1159 2057 1247 2128 prae-

179 2134 183 2138 ’
197 2143 267 2234 s'epi
279 2143 391 2235 jacens
402 2138 534 2210 reveriti
545 2149 622 2209 sunt
633 2139 739 2230 Magi,
752 2139 856 2210 etvini
866 2137 962 2232 impii
974 2159 1012 2210 ac
1023 2139 1168 2229 barbari,
1181 2165 1243 2236 pa-

198 2249 263 2320 trie
278 2243 444 2342 domoque
460 2243 593 2334 relicti,
618 2247 706 2316 viam
729 2249 853 2317 emensi
873 2259 951 2318 sunt
965 2247 1122 2341 longam,
1142 2259 1176 2320 et
1190 2271 1251 2321 ve·

198 2355 326 2428 nientes
341 2377 419 2426 cum
434 2353 551 2424 timore
567 2361 600 2423 et
611 2367 755 2424 tremore
770 2348 878 2424 inulto
887 2353 996 2447 ipsum
1011 2349 1244 2428 adoraverunt.

199 2463 373 2534 Imitemur
388 2463 467 2556 ergo
482 2455 598 2532 saltern
615 2457 794 2550 barbaros,
820 2485 881 2532 nos
900 2459 1063 2533 coelorum
1081 2463 1180 2534 cives.
1195 2457 1250 2537 tlli

199 2572 344 2662 namque
358 2573 394 2638 in
408 2577 555 2662 praesepe
568 2568 777 2660 respicientes
789 2583 823 2639 et
837 2567 873 2640 in
889 2572 1033 2662 tugurio,
1044 2583 1078 2640 et
1093 2568 1178 2640 nihil
1192 2593 1250 2644 eo·

200 2683 276 2746 r‘uru
290 2675 512 2766 respicientes,
524 2694 600 2768 quae
615 2687 655 2742 tu
668 2695 759 2768 nunc
773 2673 877 2760 vides,
895 2693 974 2744 eum
988 2685 1131 2746 tremore
1142 2676 1250 2753 multo

201 2783 420 2854 accesserunt.
438 2777 490 2850 Tu
509 2779 588 2851 verb
602 2785 673 2850 non
692 2779 728 2848 in
743 2798 886 2874 praesepe
901 2781 1057 2874 respicis,
1075 2779 1184 2853 sedin
1199 2776 1250 2855 al-

202 2895 294 2979 tare,
311 2909 380 2958 non
394 2879 568 2956 mulierem
583 2895 765 2971 tenentem,
783 2885 841 2956 sed
855 2883 1058 2958 sacerdotem
1074 2899 1249 2982 astantem,

202 3009 237 3066 et
250 2993 409 3088 Spiritum
424 3006 501 3087 cum
511 2993 663 3062 ubertate
672 2985 793 3086 magni·
807 2991 843 3062 in
857 2993 1025 3088 proposita
1040 2989 1252 3089 supervolan-

201 3116 282 3174 tem.
301 3097 374 3174 Non
385 3097 575 3194 sinpliciter
590 3097 655 3171 hoc
665 3099 774 3194 ipsum
789 3107 909 3195 eorpus
921 3101 1034 3189 vides,
1051 3117 1090 3173 ut
1104 3095 1174 3192 illi,
1192 3103 1252 3180 sed

202 3205 290 3278 ndsti
301 3205 403 3299 ipsius
415 3220 449 3275 et
459 3205 618 3276 virtutem
633 3219 667 3276 et
677 3202 954 3305 dispensationem
966 3207 1112 3297 omnem,
1123 3218 1157 3281 et
1167 3207 1253 3284 nihil

203 3317 336 3408 ignoras
354 3322 469 3384 eoiuth
481 3323 557 3408 que
573 3324 633 3406 per
649 3313 759 3406 ipsum
774 3311 921 3408 perfecta
937 3331 1031 3403 sunt,
1049 3313 1126 3388 cirin
1143 3319 1255 3391 omnia
1329 3347 1335 3354 ·

205 3421 352 3492 initiatus
368 3417 519 3500 accurate
535 3417 698 3490 didiceris.
716 3419 909 3492 Excitemus'
920 3419 1032 3516 itaque
1044 3443 1103 3493 nos
1120 3425 1207 3520 ipsos
1220 3435 1254 3497 et

205 3527 417 3614 horreamus,
432 3535 466 3597 et
475 3525 583 3596 multe
596 3525 757 3620 majorem
770 3527 872 3620 quern
889 3527 1022 3598 barbari
1036 3523 1085 3598 illi
1099 3529 1256 3623 pietatem

206 3629 436 3722 exhibeamus,
459 3645 498 3703 ut
513 3650 581 3704 non
595 3631 720 3703 temere
731 3647 769 3704 'et
783 3631 1025 3705 inconsiderate
1041 3633 1253 3726 accedentes,
1310 3717 1311 3723 ἵ

206 3741 318 3831 ignem
333 3739 369 3808 in
382 3749 484 3834 'caput
506 3753 656 3812 nostrum
677 3763 904 3834 congeramus.
931 3743 1011 3814 Haec
1027 3757 1137 3814 autem
1154 3739 1250 3832 dieo,

206 3863 276 3918 trun
298 3854 338 3916 ut
359 3867 402 3916 ne
425 3847 638 3941 accedamus,
655 3845 773 3919 sedne
793 3849 917 3922 temere
932 3847 1136 3920 accedamus.
1161 3849 1252 3923 Sicut
1298 3919 1301 3922 .
1353 3900 1361 3906 -

226 3973 230 3980 “
244 3983 253 4014 ¹
266 3966 322 4030 tois.
338 3981 406 4041 xxxi,
421 3973 463 4028 tr.
1372 3964 1383 3980 ’
