2984 4580
226 413 327 462 ctam
351 417 397 462 vr.
412 415 453 460 nn
476 413 633 458 unruono
655 413 690 456 1n
714 413 921 456 conmortuus
943 405 1108 456 rnnrsmt.
1135 393 1199 457 367

160 538 282 605 sumus
289 567 302 601 ,
320 527 355 584 et
371 525 455 605 post
474 511 542 581 hoo
564 509 695 579 erimus
712 507 889 598 tanquam
903 507 1169 604 nonfueriauis
1190 533 1199 574 :

161 617 597 717 quoniamfumusflatus
614 630 668 686 est
688 617 725 684 in
743 612 1034 687 naribusnostris
1048 643 1057 686 :
1073 631 1108 686 et
1125 641 1202 687 ser·

160 754 219 804 mo
244 727 404 801 scintilla
428 727 482 799 acl
512 720 807 798 commonendum
830 744 896 794 cor
920 736 1100 812 nostrum,
1128 725 1203 814 qua

161 839 337 924 extincta,
350 837 441 906 cim's
455 835 524 905 erit
533 856 664 926 corpus
676 845 850 917 nostrum,
865 843 901 898 et
911 829 1058 922 spiritus
1071 826 1204 925 deffun-

160 941 267 1014 detur
289 941 467 1032 tanquam
488 938 608 1011 mollis
631 936 715 1025 ae'r',
732 951 768 1008 et
789 933 958 1007 transibit
982 937 1059 1006 uita
1079 949 1205 1005 nostra

161 1051 340 1144 tanquam
351 1029 541 1144 vestigium
550 1045 668 1134 nubis,
686 1059 721 1115 et
732 1041 970 1115 sicutnebula-
981 1040 1204 1130 dissoluatur,

159 1183 242 1250 quse
244 1158 392 1257 fugata
408 1171 462 1226 est
473 1153 620 1227 aradils
632 1152 728 1241 solis,
745 1151 815 1223 eta
826 1151 950 1223 calore
963 1149 1058 1222 illius
1069 1176 1207 1249 aggra-

160 1277 282 1349 oata;
307 1278 343 1333 et
373 1285 505 1333 nomen
532 1275 695 1332 nostrum
712 1257 930 1331 ‘oblim'onem
960 1260 1116 1352 accipiet
1140 1282 1210 1350 per
1274 1313 1278 1323 .

161 1385 320 1462 tempus,
340 1385 376 1440 et
390 1392 495 1440 nemo
509 1368 721 1439 memoriam
738 1362 887 1434 babebit
901 1369 1051 1458 operum
1065 1378 1207 1436 nostro-

161 1501 256 1548 rum.
291 1473 437 1548 Umbrce
465 1477 560 1546 enim
583 1475 755 1545 transitus
784 1485 839 1542 est
869 1486 1008 1565 tempus
1024 1487 1206 1560 nostrum,

161 1599 201 1654 et
215 1606 287 1654 non
303 1597 357 1654 est
377 1584 530 1655 reversio
535 1583 628 1676 finis
643 1581 781 1652 nostri:
799 1581 973 1672 quoniam
991 1583 1209 1676 consignata

161 1705 240 1779 est,
267 1705 303 1760 et
320 1715 426 1760 nemo
449 1691 648 1763 reuertitur.
676 1687 811 1762 Venite
840 1689 947 1784 ergo,
981 1703 1016 1758 et
1030 1689 1212 1786 fruamur

162 1795 268 1868 bonis
285 1819 369 1889 quoe
387 1812 486 1878 sunt,
510 1811 546 1867 et
567 1811 715 1866 utamur
728 1797 901 1865 creatura
916 1794 1094 1885 tanquam
1106 1797 1212 1891 inju-

162 1919 307 1978 ventute
343 1903 520 1975 celeriter.
556 1903 599 1977 V
596 1905 656 1973 ino
691 1901 850 1994 pretioso
876 1916 912 1972 et
934 1905 1124 1998 unguentis
1146 1927 1212 1975 nos

160 2009 416 2103 impleamus:
450 2024 486 2081 et
511 2034 585 2082 non
611 2023 816 2102 praetereat.
835 2033 901 2080 nos
921 2008 1001 2108 flos
1028 2014 1209 2104 temporis.

165 2117 396 2188 Coronemus
431 2141 497 2187 nos
548 2115 668 2204 rosis,
705 2111 904 2205 antequam
940 2131 1171 2187 marcescant
1202 2143 1211 2186 :

161 2221 306 2296 nullum
328 2237 479 2316 pratum
494 2222 552 2309 sit,
582 2220 683 2314 quod
706 2245 780 2292 non
804 2235 1039 2314 pertranseat
1067 2223 1214 2292 lurruria

160 2343 308 2402 nostra.
332 2328 455 2402 Nemo
476 2333 640 2400 nostrum
661 2350 769 2398 eaors
799 2331 846 2397 sit
868 2326 1021 2400 luxuria
1050 2343 1212 2400 nostra:

115 2509 119 2514 ,
161 2435 301 2527 ubique
322 2433 569 2525 relinquamus
584 2436 693 2531 signu
710 2432 866 2505 laetitia:
885 2436 1058 2526 quoniam
1069 2436 1148 2506 bac
1163 2447 1217 2506 est
1242 2492 1249 2506 .

123 2571 126 2580 ’
158 2567 259 2639 pars
271 2556 419 2630 nostra,
436 2555 472 2612 et
487 2541 567 2614 luec
582 2531 639 2612 est
651 2565 729 2612 sors
747 2544 771 2610 ¹.
794 2568 810 2606 s

213 2667 312 2738 Idem
328 2689 430 2758 genus
446 2665 598 2737 adhibuit
613 2665 714 2750 labsus
736 2667 898 2736 Eusebius
920 2668 1132 2756 Emissenus,
1158 2667 1217 2739 ubi

162 2774 277 2846 dicit:

218 2929 237 2967 u
263 2897 462 2992 Alloquatur
484 2923 519 2970 se
538 2899 574 2970 iu
589 2897 719 2970 secretis
736 2897 842 2968 cordis
861 2921 1071 2996 unaquaeque
1091 2901 1216 2988 anima,

164 3023 202 3080 et
220 3005 311 3077 dicat
330 3035 337 3077 :
358 3005 554 3095 Videamus,
577 3007 604 3077 si
618 3007 709 3077 hunc
724 3005 813 3075 diem
828 3005 898 3075 sine
910 3021 1062 3100 peccato,
1080 3007 1150 3077 sine
1164 3008 1219 3077 in·
1272 3014 1276 3021 '

164 3114 276 3199 vidia,
290 3113 361 3182 sine
369 3113 609 3185 obtrectatione
621 3137 658 3183 ae
670 3114 930 3183 murmuratione
944 3115 1096 3206 transegi.
1105 3113 1221 3184 Videa-

56 3295 59 3312 ,
166 3243 269 3304 mus,
286 3220 313 3287 si
327 3216 427 3288 hodie
443 3219 588 3313 aliquid,
607 3207 699 3312 q'ubd
715 3218 758 3287 ad
773 3217 958 3310 profectum
974 3243 1104 3306 meum,
1130 3218 1224 3313 qubd

168 3327 217 3400 ad
235 3325 487 3395 :edificationem
502 3325 641 3395 aliorum
657 3326 847 3417 pertineret,
866 3340 1018 3416 operatus
1034 3350 1118 3396 sum.
1138 3332 1224 3396 Puto

168 3431 273 3530 qubd
294 3431 394 3503 hodie
419 3432 515 3502 illum
541 3432 753 3523 incipientem
779 3429 953 3501 destruxi:
982 3432 1081 3503 hodie
1106 3433 1233 3503 seniori»

169 3565 256 3614 meo
267 3540 460 3610 inobediens
472 3537 521 3609 fui
535 3569 542 3608 :
557 3539 714 3608 mentitus
725 3562 810 3626 sum,
825 3541 1000 3633 perjuravi,
1018 3541 1066 3610 irb
1081 3540 1133 3610 vel
1149 3539 1227 3632 guli

169 3653 289 3724 vietus
304 3672 396 3738 sum3
413 3649 488 3740 plus
501 3645 602 3717 hodie
615 3647 669 3716 risi
687 3676 694 3717 :
709 3633 784 3738 pliis
799 3648 874 3718 cibo
890 3673 928 3718 ac
939 3649 1052 3742 potui,
1068 3646 1143 3742 plus
1159 3649 1227 3717 otio

171 3783 217 3830 ac
240 3778 379 3841 somno,
397 3756 496 3847 qu'am
518 3752 611 3848 quod
645 3752 802 3841 decebat,
829 3753 952 3825 indulsi
978 3784 985 3826 :
1009 3754 1119 3824 minus
1142 3753 1225 3850 legi,

216 3951 225 3980 ¹
246 3943 304 4006 Sep.
321 3953 350 4003 n,
370 3923 423 4002 1·9.
