2932 4574
207 436 309 484 carna
332 440 379 484 vr.
404 439 448 483 na
467 437 625 484 amnone
647 439 682 483 nr
705 437 911 486 concremans
923 433 1089 485 tentarem
1116 423 1180 484 319

144 541 255 627 fratri,
273 562 341 608 non
356 537 453 630 patri.
468 540 540 608 Imb
552 539 632 608 verb
644 563 712 608 non
731 563 813 632 opus
829 531 878 609 est
892 540 987 612 nobis
1003 538 1060 608 itte
1074 541 1182 632 hypo-

143 649 241 734 thesi,
258 646 460 717 sciscitemur
475 646 518 718 ab
530 669 692 715 eo-annon
708 644 764 716 ille
777 646 966 740 hujusmodi
979 670 1028 716 res
1043 647 1078 714 in
1092 645 1184 738 cogi·
1258 669 1263 676 ·

144 757 266 826 tatione
280 766 408 839 verset,
426 775 538 822 annon
554 775 667 822 omnes
680 753 789 822 animo
809 753 963 839 invadat,
983 777 1093 823 annon
1109 769 1183 824 tru-

144 865 230 934 cidet
245 863 389 947 amicos,
408 875 563 952 cognatos
588 874 621 929 et
641 861 873 954 progenitores.
904 863 975 930 Irnb
994 862 1073 932 verb
1092 859 1185 931 nnlla

145 957 364 1061 interrogandi
381 969 571 1054 necessitas,
593 967 669 1037 citm
697 991 793 1038 nemo
808 969 932 1037 nesciat
951 993 1025 1056 eos,
1044 969 1103 1063 qui
1121 970 1186 1039 hoc

104 1101 118 1144 .·
145 1092 299 1148 tenentur
306 1075 436 1160 morbo,
450 1088 653 1144 senectutem
664 1076 764 1166 patris
780 1075 830 1142 sui
842 1075 928 1166 aegre
940 1072 1041 1161 ferre,
1051 1090 1085 1144 et
1094 1074 1187 1168 qnod

146 1184 214 1254 aliis
224 1181 323 1252 dulce
334 1181 546 1274 optabileque
559 1195 620 1266 est,
635 1181 754 1272 nempe
769 1181 852 1250 filios
864 1181 999 1268 babere,
1011 1204 1186 1251 onerosum
1206 1245 1208 1250 ,

147 1291 337 1361 existimare.
349 1289 446 1359 Mnlti
457 1289 545 1357 enirn
556 1290 618 1358 hac
632 1286 779 1356 docansd
787 1289 961 1356 orbitatem
973 1281 1050 1358 sunt
1062 1288 1184 1384 adepti,

125 1473 130 1482 ,
146 1411 364 1488 naturamque
379 1393 521 1462 sterilem
537 1393 770 1478 reddiderunt,
788 1418 856 1464 non
874 1395 975 1464 modd
989 1411 1083 1464 natos
1098 1399 1187 1464 occi-

147 1499 282 1588 dentes,
308 1501 487 1572 sedetiam
509 1524 550 1569 ne
573 1515 786 1570 nascerentur
804 1501 992 1570 efficientes.
1019 1503 1188 1572 Nemire-

147 1613 228 1680 mini
238 1611 542 1704 itaqnbsidvarurn
554 1607 724 1678 illeformd
734 1604 975 1700 depinxerimus
986 1639 994 1680 :
1006 1610 1189 1702 n‘amlongb

148 1717 256 1791 adhinc
272 1716 415 1786 deterior
430 1730 498 1801 est,
516 1717 617 1809 qnam
633 1715 802 1785 diximus.
820 1742 835 1779 n

184 1826 268 1894 Huic
280 1823 544 1914 Descriptionum
554 1821 665 1914 generi
674 1809 821 1918 proiimb
832 1824 993 1893 accedunt
1001 1821 1189 1918 grapln'coe

9 1962 11 1970 ¹
123 2001 127 2006 f
146 1953 362 2023 personarum
371 1928 572 2023 Imagines,
587 1929 653 2021 qud
665 1927 780 1998 famosi
789 1931 950 2023 cujusque
964 1931 1025 2000 viri
1037 1931 1129 2023 qnasi
1140 1928 1191 1999 ei-

147 2039 240 2128 figies
255 2036 465 2128 proponitur.
480 2035 595 2104 Arium
611 2035 655 2104 ita
672 2033 848 2128 depingere
859 2039 978 2130 satagit
991 2037 1080 2106 idem
1094 2059 1190 2106 sanc-

149 2158 203 2213 tas
217 2145 394 2234 Gregorius
403 2145 626 2214 Nazianzenus
645 2172 661 2216 :.
974 2195 976 2199 -

198 2279 215 2316 a
233 2250 312 2318 Fuit
323 2247 493 2342 quondlm
504 2247 589 2316 illud
604 2263 753 2340 tempus,
767 2250 844 2318 ciam
858 2243 901 2320 ad
916 2252 1097 2321 baereseum
1111 2275 1190 2344 pro-

149 2355 239 2427 cellis
258 2354 436 2449 tranquilla
451 2357 560 2425 omnia
578 2356 797 2443 habebamus,
815 2357 891 2426 ciam
910 2359 1064 2430 videlicet
1087 2360 1193 2430 Simo-

148 2487 223 2549 nes,
242 2477 276 2532 et
294 2464 493 2546 Marciones,
515 2476 548 2530 et
569 2461 811 2548 Valentiniani,
825 2477 858 2532 et
874 2462 1042 2553 Basiliden,
1060 2479 1092 2535 et
1110 2469 1192 2536 Ger-

149 2571 274 2654 dones,
306 2569 455 2639 Corinthi
479 2569 601 2654 etiam,
635 2583 668 2638 et
695 2573 930 2662 Carpocrates,
957 2587 1056 2666 atque
1081 2595 1209 2642 omnes>

149 2675 284 2746 Mum
298 2699 399 2764 nugae
415 2696 452 2742 ac
470 2673 665 2764 pematigiae,
687 2679 901 2766 posteaquam
919 2701 1028 2745 rernm
1045 2675 1208 2746 omnium

151 2787 258 2854 Deum
272 2805 331 2874 per
350 2780 518 2850 diuturno
531 2794 681 2870 tempore
705 2781 902 2875 senuissent,
926 2781 1118 2875 bellumque
1134 2805 1197 2875 pro,

121 2883 124 2890 ⁴
152 2889 242 2960 bono
254 2887 407 2958 adversirs
424 2890 612 2957 Creatorem
628 2887 819 2978 gessissent,
843 2903 969 2958 suomet
985 2889 1139 2975 tandem,
1156 2903 1196 2958 nt

150 3019 287 3089 aeqnnm
301 3009 392 3080 erat,
409 2994 579 3086 profundo
589 2994 764 3086 absorptae,
782 3017 819 3064 ae
835 2993 963 3064 silentio
979 2987 1107 3065 traditae
1122 2995 1196 3065 lue-

151 3119 243 3174 mnt.
255 3105 341 3174 Nam
350 3103 500 3194 Montani
512 3103 647 3194 qnoque
659 3098 924 3194 malasspiritns,
940 3117 973 3174 et
982 3097 1087 3174 Manis
1103 3118 1197 3174 tene-

154 3209 244 3294 bre,
270 3223 303 3278 et
324 3208 444 3279 Novati
467 3208 632 3289 temeritas
657 3209 876 3299 autpnritas,
901 3223 934 3278 et
959 3209 1092 3280 sabellii
1112 3209 1199 3280 mala

155 3315 357 3388 monarchia
372 3315 505 3384 assertio
515 3327 723 3399 ‚cesseram
742 3335 877 3407 seseqne
893 3315 1129 3404 subduxerant,
1147 3317 1197 3418 al-
1232 3357 1234 3361 ·

155 3433 227 3496 tera
245 3422 403 3492 nimiritm
418 3423 452 3490 in
466 3425 665 3491 contrariam
680 3434 808 3518 partem
826 3436 972 3509 secreta,
988 3423 1088 3494 altera
1102 3413 1198 3516 pror·-

87 3597 89 3600 .
155 3529 212 3601 sais
227 3529 326 3600 etiam
347 3529 413 3598 oh
404 3529 507 3660 ipsius
521 3525 783 3596 imbecillitatem
798 3542 987 3620 contempta
1005 3546 1105 3624 atque
1120 3554 1199 3624 pro·

154 3637 252 3728 jecta.
270 3639 338 3708 Nec
352 3659 431 3705 vero
417 3632 624 3729 quidquam
641 3632 731 3701 aliud
747 3633 901 3704 Ecclesiae
913 3633 1094 3706 molestiam
1108 3639 1200 3707 enbi-

155 3744 270 3816 bebat
299 3746 382 3813 Nam
417 3743 660 3834 persecutiones
688 3737 898 3812 illustriorem
929 3745 1103 3838 qnoque
1095 3769 1200 3838 1psam

159 3849 481 3959 splendidioremqoe
505 3873 563 3940 per
578 3847 736 3941 supplicia
752 3849 946 3925 reddebant.
963 3855 1037 3926 Non
1056 3853 1201 3926 multam

170 3975 359 4042 uscnrys:
352 3977 454 4026 mnan
468 3976 554 4024 nomin
569 3992 653 4040 nvn,
667 3991 692 4026 n.
706 3975 731 4042 4
743 3976 767 4026 5
1131 4007 1133 4014 ,
1189 4004 1193 4014 .
