2930 4582
276 439 339 498 220
429 453 608 500 nnaromcl
631 454 657 500 ε.
683 454 835 518 alanum,
861 453 936 501 alas
960 457 1005 515 11,
1031 456 1114 500 sacr.
1131 457 1164 517 Ιι.

321 581 338 618 n
364 559 411 625 Ac
426 580 485 626 nos
501 555 635 649 quidem
650 558 692 627 ad
708 559 797 627 hunc
813 556 948 628 modum
970 555 1199 628 consolaberis.
1220 556 1310 636 Quo-

276 685 352 730 nam
373 676 483 731 autem
508 677 604 755 paeto
627 667 782 756 gregem?
808 663 955 732 Primum
978 664 1004 732 si
1027 683 1140 732 curam
1163 674 1255 728 tuam
1280 671 1312 726 et

275 767 412 838 ductum
439 782 550 854 tuum,
572 771 635 838 hoc
658 784 723 856 est,
746 772 815 862 ejus
832 771 911 856 viri,
934 767 996 840 sub
1014 770 1107 862 cujus
1124 764 1240 860 pennis
1261 787 1312 834 re·

275 875 441 968 quiescere
456 874 609 944 omnibus
625 875 802 968 pulchrum
818 900 856 945 ac
875 875 1071 968 praeclarum
1085 887 1151 958 est,
1174 885 1208 940 et
1223 873 1313 964 cujus

275 1005 388 1052 vocem
403 984 506 1074 magis
527 983 670 1068 sitimus,
693 986 793 1076 quam
812 985 1002 1075 purissimos
1025 981 1132 1052 sontes
1152 981 1176 1048 ii
1191 979 1248 1072 qui
1263 979 1314 1047 siti

274 1088 445 1173 laborant,
469 1113 536 1157 non
559 1087 752 1158 defuturum
774 1088 969 1182 pollicearis.
992 1087 1117 1158 Deinde
1140 1086 1168 1155 si
1190 1107 1251 1154 nos
1276 1087 1314 1152 ed

276 1195 464 1279 adduxeris,
483 1209 522 1264 ut
537 1196 578 1264 ab
594 1195 653 1266 illo
669 1197 757 1266 bono
772 1211 917 1289 pastore,
932 1196 990 1290 qui
1006 1198 1083 1266 Pro
1099 1191 1222 1264 onibus
1237 1194 1314 1262 ani·

276 1299 376 1372 mana
392 1327 498 1372 suam
515 1305 636 1396 posuit
651 1309 676 1392 1,
695 1329 754 1374 nos
775 1329 817 1374 ne
839 1327 928 1373 nunc
948 1303 1081 1398 quidem
1101 1300 1230 1370 relictos
1250 1321 1315 1367 esse

276 1409 500 1500 confidamus3
517 1411 600 1504 quin
614 1412 724 1504 potius
740 1433 836 1497 eum,
855 1424 889 1480 et
910 1409 1040 1496 adesse,
1068 1421 1101 1476 et
1116 1427 1266 1500 pascere,
1284 1417 1315 1471 ct

276 1513 451 1601 deducere,
468 1530 499 1585 et
512 1540 588 1586 oves
600 1541 673 1586 suas
686 1539 893 1609 cognoscere,
911 1529 944 1584 et
959 1517 978 1584 a
993 1515 1059 1584 suis
1071 1513 1233 1602 cognosci,
1251 1534 1316 1578 non

276 1621 370 1692 illum
387 1623 522 1716 quidem
537 1648 701 1718 corporeo
722 1624 822 1694 modo
845 1647 913 1692 sese
933 1619 1149 1716 spectandum
1166 1619 1315 1712 praeben-

272 1740 364 1815 tem,
383 1729 441 1800 sed
456 1731 657 1823 spiritualem
673 1733 709 1800 in
724 1731 862 1800 modum
877 1729 1050 1799 nobiscum
1063 1741 1265 1811 versantem,
1282 1749 1316 1794 ac

277 1859 337 1929 pro
362 1859 458 1927 grege
479 1838 633 1908 adversus
656 1839 752 1930 lupos
773 1851 991 1931 pugnantem,
1016 1859 1077 1905 nec
1100 1856 1314 1928 quemquam,

278 1943 472 2034 praedonum
489 1969 595 2030 more,
614 1970 651 2013 ac
666 1969 725 2037 per
736 1944 879 2032 insidias,
898 1943 1026 2014 caulam
1039 1941 1210 2027 transilire,
1223 1955 1317 2034 atque

280 2050 403 2118 animas
417 2051 553 2120 veritate
570 2053 657 2120 recte
673 2051 838 2122 institutas
853 2051 1025 2145 peregrina
1043 2073 1123 2120 voce
1143 2047 1318 2119 distrahere

280 2181 318 2226 ac
333 2158 503 2250 s'ubripere
517 2160 689 2229 sinentem.
707 2164 774 2230 Nec
786 2157 905 2229 dubito
921 2159 1076 2252 quinhoc
1087 2181 1177 2226 nunc
1189 2155 1317 2250 quoque

280 2265 373 2332 tantd
387 2264 489 2355 magis
505 2261 733 2356 deprecatione
745 2268 815 2353 sual,
831 2268 931 2359 quam
945 2265 1035 2358 priirs
1051 2263 1212 2348 doctrina,
1228 2283 1318 2354 praes·

227 2450 229 2454 ,
280 2385 340 2457 tet,
357 2373 482 2464 quanto
499 2394 589 2440 nunc
603 2372 706 2464 magis
722 2376 791 2441 Deo
808 2372 1061 2465 appropinquat,
1079 2383 1118 2440 ut
1133 2370 1318 2463 qui'corpo·

281 2501 351 2547 reas
371 2477 545 2570 compedes
564 2481 754 2564 excusserit,
777 2505 814 2550 ae
832 2478 912 2548 limo
927 2478 984 2549 illo
1007 2478 1126 2548 mentis
1146 2477 1318 2570 puritatem

281 2585 446 2652 inficiente
465 2583 622 2653 liberatus
649 2585 710 2671 sit,
733 2585 908 2680 nudusque
924 2609 1001 2656 cum
1020 2584 1111 2653 nuda
1126 2584 1274 2676 principe
1290 2593 1319 2648 et

280 2689 453 2782 purissima
474 2705 584 2762 mente
598 2707 762 2779 versetur,
781 2693 917 2784 angelici
934 2693 1056 2762 ordinis
1075 2691 1268 2780 dignitatem
1290 2702 1320 2756 et

282 2797 436 2868 fiduciam
458 2799 541 2891 (nisi
564 2801 627 2869 hoc
651 2800 744 2870 dictu
767 2801 873 2869 audax
892 2805 980 2886 est,)
996 2809 1203 2867 consecutus.
1225 2802 1272 2866 Ac
1286 2808 1320 2862 tu

266 2904 416 2998 ‘quidem
432 2929 492 2998 pro
508 2907 547 2973 cal
562 2907 718 2975 sermonis
733 2920 767 2974 et
778 2905 909 2998 spiritus
924 2903 1097 2988 facultate,
1120 2904 1186 2994 quai
1200 2901 1319 2994 polles,

254 3065 256 3069 ⁴
282 3011 402 3081 rectius
418 3012 486 3104 ipse
507 3036 565 3103 per
585 3025 629 3096 te,
653 3014 753 3105 qulam
769 3012 830 3081 tibi
843 3035 904 3102 ego
920 2997 1065 3079 indicare
1080 3010 1213 3102 possim,
1232 3031 1322 3078 cons·

284 3119 381 3188 titues
405 3140 442 3185 ac
467 3116 758 3209 philosophaberis.
781 3121 830 3188 Ne
851 3131 962 3188 autem
985 3117 1030 3187 ob
1052 3117 1215 3186 virtutum
1242 3115 1323 3184 illius

284 3224 523 3316 ignorationem
538 3225 641 3294 oratio
653 3224 740 3294 inlr'a
755 3223 946 3316 dignitatem
959 3223 1058 3316 longe
1073 3225 1240 3308 subsistat,
1258 3224 1323 3292 bre-

186 3414 189 3420 ,
284 3355 340 3401 ves
366 3331 522 3425 quasdam
549 3333 688 3402 encomii
711 3345 838 3424 partes,
857 3353 904 3400 ‘ex
919 3331 977 3417 iis,
1004 3355 1079 3424 quae
1106 3331 1143 3398 in
1168 3328 1324 3399 defuncto

286 3440 421 3531 agnovi,
435 3437 608 3509 delineabo
628 3453 727 3531 atque
740 3438 958 3534 adumbrabo,
973 3460 1010 3506 ac
1020 3436 1071 3506 tib
1097 3437 1203 3528 perito
1218 3437 1325 3529 hujus-

286 3546 376 3616 modi
393 3569 503 3616 rerum
518 3545 656 3638 pictori,
673 3544 803 3614 virtutis
818 3543 905 3612 illius
922 3540 1205 3638 pulchritudinem
1228 3565 1324 3611 accu-

286 3653 385 3723 ratiirs
403 3651 641 3745 expoliendam,
660 3665 761 3743 atque
776 3652 922 3720 omnium
938 3649 1127 3720 mortalium
1141 3650 1275 3719 auribus
1297 3659 1328 3715 et

289 3759 404 3828 animis
420 3757 626 3842 tradendam,
643 3755 729 3825 daho
742 3761 767 3822 2.
782 3783 797 3819 n

334 3867 379 3932 3⁰.
396 3861 448 3932 Ad
465 3862 678 3932 Audientium
694 3876 805 3931 autem
820 3883 992 3954 personam
1012 3861 1205 3932 attendebat
1218 3861 1330 3927 beatus

328 4003 334 4028 ¹
349 3993 419 4042 Joan.
433 4003 459 4055 x,
476 4001 515 4040 η’.
535 4015 566 4026 -
580 3999 590 4026 ²
605 3991 629 4039 S.
644 3993 743 4054 Gregor.
757 3987 840 4040 Theol.
852 3992 920 4040 Orat.
937 4005 1004 4054 nnn,
1018 4007 1042 4039 n.
1058 3989 1112 4054 r-l.
