2982 4584
279 415 342 482 bol
425 431 603 480 sacrorum
626 433 651 477 s.
678 428 826 492 rtrauu,
851 429 926 478 atas
950 434 996 493 rr,
1021 432 1105 477 sacr.
1131 434 1155 475 1.

273 539 317 604 llt
328 535 387 602 hos
399 534 533 626 quoque
547 531 681 600 institue
693 527 735 598 ad
746 528 934 621 hujusmodi
945 527 1097 598 facienda
1111 528 1216 600 lucra.
1232 535 1316 603 Nam
1350 579 1352 588 ·

273 643 300 710 si
316 651 489 730 argentum
509 638 649 707 haberes·
667 636 729 706 sub
753 635 881 706 foenore
896 635 1113 724 collocatum,
1131 651 1164 706 et
1184 634 1317 710 debitor

273 746 399 839 probus
411 759 516 831 esset,
533 743 647 813 malles
662 743 750 814 certe
770 743 990 834 syngrapham
1002 745 1103 836 quam
1115 765 1233 813 aurum
1245 744 1315 816 filio

272 852 476 944 relinquere,
496 863 536 920 ut
545 847 624 919 inde
635 864 814 942 proventus
828 848 890 941 ipsi
905 862 988 922 esset
1003 872 1161 941 magnus,
1178 875 1240 920 nec
1255 875 1315 921 co-

273 973 404 1050 geretur
430 956 511 1028 alios
533 979 682 1051 quaerere
696 956 755 1025 ubi
772 969 882 1048 posset
903 954 1075 1026 collocare.
1095 959 1314 1028 Nunechiro·

273 1067 434 1159 grapbum
455 1063 645 1158 hujusmodi
673 1062 748 1132 filiis
770 1062 869 1150 dato,
897 1077 931 1132 et
953 1067 1058 1132 Deum
1073 1063 1150 1156 ipsis
1165 1063 1312 1158 relinque
1350 1053 1352 1061 ’

272 1169 468 1242 debitorem.
486 1176 591 1261 Agros
606 1192 675 1240 non
685 1169 818 1256 vendis,
832 1167 890 1238 sed
901 1166 976 1238 liliis
988 1167 1163 1262 relinquis,
1181 1183 1220 1240 ut
1234 1193 1313 1262 pro·

272 1292 390 1347 ventus
401 1289 544 1361 mancat,
558 1289 591 1344 et
603 1275 743 1344 accessio
751 1274 815 1344 illis
824 1274 1038 1366 pecuniarum
1050 1275 1118 1344 frat.
1135 1279 1205 1345 lloc
1215 1278 1317 1368 porrb

272 1384 550 1476 chirographum,
567 1382 683 1475 quovis
697 1403 791 1471 agro,
809 1380 979 1474 quibusvis
994 1380 1210 1472 proventibus
1225 1382 1319 1452 fruo-

272 1491 420 1576 tuosius,
439 1503 474 1558 et
493 1501 544 1560 tot
565 1485 673 1557 serens
694 1485 839 1575 sauctus,
864 1487 1051 1582 relinquere
1068 1487 1187 1557 times?
1202 1492 1319 1582 Ecqua

272 1597 432 1683 stultitia,
453 1607 533 1690 ‘quae
557 1597 683 1664 insania
707 1597 779 1666 haec
804 1599 874 1666 est?
897 1599 940 1665 Et
964 1597 1027 1666 hoc
1054 1595 1132 1666 crim
1156 1597 1239 1692 scias
1261 1611 1317 1681 te,

272 1706 398 1776 etiamsi
412 1703 497 1778 illud
513 1702 587 1772 filiis
602 1691 782 1797 relinquas,
793 1701 877 1772 illud
888 1716 1000 1772 tamen
1011 1703 1189 1772 abeuntem
1206 1717 1321 1774 tecum

272 1835 340 1881 esse
351 1825 572 1904 portaturum.
589 1810 678 1878 Talia
693 1809 816 1904 quippe
832 1823 909 1879 sunt
923 1809 1114 1902 spiritualia,
1131 1811 1323 1902 magnaque

272 1919 422 2010 largitate
442 1916 612 1987 fruuntur.
631 1918 680 1987 Ne
695 1915 808 2008 itaque
827 1915 873 1984 ita
895 1939 1054 2009 pauperes
1069 1914 1179 1984 animo
1191 1916 1319 2002 simus,

272 2047 382 2116 neque
393 2025 468 2112 erga
478 2045 538 2092 nos
552 2023 638 2114 ipsos
651 2022 823 2090 inhumani
835 2019 1011 2091 evadamus
1026 2051 1033 2091 :
1051 2023 1109 2090 sed
1119 2021 1205 2090 hanc
1214 2045 1323 2114 quaes·

270 2125 400 2202 tussam
409 2141 626 2197 mercaturam
634 2127 942 2219 suscipiamus,utet
950 2128 1322 2220 ipsihlncmigrantesil·

272 2239 339 2308 lam
348 2235 547 2322 auferamus,
555 2249 589 2304 et
597 2250 708 2305 tamen
716 2235 791 2306 filiis
799 2235 1034 2328 relinquamus,
1046 2233 1225 2329 suturaque
1235 2259 1321 2307 con-

267 2367 448 2438 sequamur
458 2341 559 2429 bona,
578 2341 683 2434 gratia
700 2356 733 2412 et
743 2340 964 2438 misericordia
981 2339 1113 2412 Domini
1130 2344 1233 2412 nostri
1245 2346 1326 2412 Jesu

271 2451 405 2536 Christi,
417 2473 494 2520 cum
507 2473 575 2542 quo
584 2449 672 2518 Patri
682 2462 716 2518 et
726 2448 985 2540 Spirituisancto
998 2449 1113 2540 gloria,
1127 2449 1316 2542 imperium,
1435 2447 1439 2450 ’

172 2627 174 2633 ,
270 2559 390 2640 honor,
402 2575 493 2625 nunc
503 2571 538 2624 et
548 2577 688 2646 semper,
700 2569 734 2623 et
748 2556 783 2622 in
797 2553 916 2624 saecula
931 2555 1139 2626 saeculorum.
1151 2549 1317 2626 Arriam.»

317 2667 389 2733 Hoc
396 2662 520 2754 legenti
531 2661 668 2730 cuilibet
679 2660 769 2730 nulla
781 2663 848 2754 jam
860 2665 1036 2754 excogitari
1046 2687 1139 2756 posse
1148 2665 1318 2751 videntur,

271 2793 348 2864 quae
357 2771 426 2838 tam
435 2765 629 2862 eloquenter
640 2766 739 2861 dicta,
750 2788 820 2864 non
833 2757 901 2860 jam
913 2791 1077 2860 superare,
1087 2767 1144 2839 sed
1158 2769 1211 2840 vel
1226 2770 1321 2840 adae-

221 2923 225 2926 -
274 2873 776 2970 quarevaleant.Tantaeautem
789 2864 1323 2970 facundiaclumenquasievanes-

170 3005 178 3010 ’
269 3007 345 3056 cere
365 2981 523 3068 dixerim,
546 2980 605 3050 ubi
624 2999 703 3051 cnm·
717 2981 773 3050 itta
795 2981 978 3054 admirabili
994 2987 1208 3078 prosopopael
1222 3008 1320 3056 com-

209 3117 210 3120 *
270 3104 417 3182 paratur,
431 3089 498 3180 qud
509 3087 676 3160 Christum
687 3086 816 3178 inducit
827 3089 976 3160 fidelium
989 3091 1220 3161 misericordae
1235 3115 1321 3186 sup-
1337 3089 1339 3100 '

146 3219 149 3225 ·
270 3195 461 3290 plicantem.
481 3197 594 3285 Ipsum
605 3191 796 3286 loquentem
809 3193 1003 3267 audiamus:

316 3329 334 3369 a
349 3304 416 3374 Nos
430 3299 510 3370 verb
525 3322 635 3393 neque
648 3299 809 3388 Christus,
823 3325 932 3395 neque
943 3315 985 3372 'aa
997 3325 1073 3396 quae
1088 3303 1210 3375 Christi
1222 3317 1316 3391 sunt,

266 3411 286 3480 a
302 3407 513 3479 saecularibus
528 3407 628 3476 rebus
644 3407 838 3478 abstrahunt
855 3437 863 3478 :
880 3408 939 3478 scd
957 3410 1041 3479 sicut
1055 3423 1243 3502 serpentes,
1261 3411 1318 3482 vel

264 3519 386 3610 viperae
397 3571 406 3604 ,
417 3515 471 3587 v'cl
483 3515 591 3605 porci,
606 3513 659 3584 vel
670 3516 742 3586 haec
754 3517 865 3590 omnia
878 3515 996 3604 simul,
1010 3517 1056 3586 sio
1067 3517 1103 3590 in
1118 3515 1198 3586 limo
1213 3517 1316 3588 volu-

268 3638 389 3693 tamur.
402 3629 441 3691 ln
454 3645 522 3718 quo
532 3621 621 3697 enim
632 3617 708 3689 seris
719 3620 782 3708 illis
794 3621 944 3694 meliores
953 3648 1012 3696 nos
1028 3647 1153 3712 sumus,
1163 3625 1221 3718 qui
1234 3624 1316 3695 crim

267 3741 318 3797 tot
330 3731 367 3798 ¹et
380 3743 471 3798 tanta
481 3729 662 3798 babeamus
674 3727 835 3822 exempla,
855 3732 964 3800 adhuc
979 3733 1146 3802 interram
1162 3732 1316 3825 respicia-

267 3856 361 3922 mus,
379 3859 416 3932 ac
432 3857 475 3904 ne
489 3833 606 3928 parum
624 3834 759 3928 quidem
779 3837 821 3906 ad
837 3838 959 3908 coelum
977 3839 1136 3933 respicere
1146 3840 1313 3909 sustinea-

299 3967 340 4017 ¹S.
356 3965 438 4030 Chrys.
452 3965 523 4016 llom.
539 3979 606 4030 oxu,
621 3963 647 4016 in
660 3965 748 4018 nauh.
763 3982 786 4018 n.
804 3967 858 4018 3·5.
