2996 4598
276 392 317 451 12
425 403 605 452 unaromct
628 403 654 451 e.
680 403 834 474 narrum,
858 404 935 455 alus
957 411 1005 472 ιι,
1029 410 1113 455 saca.
1139 414 1163 454 1.

272 503 529 604 rosolymitanus¹
546 522 581 578 et
604 509 809 579 Theoctistus
831 511 1036 581 Caesariensis
1058 511 1235 596 antistites,
1258 510 1318 578 de-

272 611 454 684 fensionem
470 615 540 708 ejus
566 614 613 682 rei
633 614 676 684 ad
702 639 780 684 eum
802 617 1018 710 scripserunt,
1043 641 1112 690 non
1126 641 1204 689 vera
1223 615 1318 686 illum

275 721 384 791 dicere
414 734 643 791 asseverantes.
671 719 736 792 Ubi
762 725 871 810 enim,
898 724 1076 818 inquiunt,
1109 725 1319 817 reperiuntur

272 826 384 897 idonei
397 828 562 914 homines,
581 827 640 922 qui
658 827 808 898 doctrina
827 832 885 898 sua
903 829 1056 923 prodesse
1070 828 1226 900 fratribus
1242 853 1319 922 pos-

272 934 356 1021 sint,
374 933 401 1002 si
416 933 463 1004 illi
485 948 673 1029 sanctorum
697 936 927 1029 episcoporum
946 939 1040 1031 jussu
1055 951 1088 1007 et
1108 937 1320 1032 permissione

272 1065 333 1136 per
347 1042 589 1112 cohortationes
605 1041 647 1112 ad
663 1043 825 1135 populum
840 1045 942 1115 verba
959 1045 1100 1136 faciant,
1121 1044 1157 1114 id
1176 1043 1320 1136 offendi-

272 1149 349 1218 culo
360 1162 504 1234 nonest,
518 1148 613 1218 sicuti
625 1147 714 1242 apud
725 1150 887 1221 Sarandos
898 1151 1031 1244 Evelpis
1043 1153 1062 1221 a
1073 1155 1202 1238 Neone,
1216 1152 1321 1220 Iconii

275 1253 431 1324 Paulinus
453 1257 473 1323 a
489 1253 603 1340 Celso,
623 1256 763 1345 Synadae
782 1256 974 1327 Theodorus
994 1259 1036 1328 ab
1056 1258 1190 1346 Attico,
1215 1259 1323 1330 omni<
1346 1327 1348 1334 ,

271 1362 334 1430 bus
351 1359 414 1430 illis
430 1349 534 1432 beatis
550 1359 707 1432 fratribus
722 1363 850 1433 invitati
864 1362 1027 1434 fecerunt.
1041 1391 1058 1430 n
1070 1369 1171 1435 -Et
1187 1363 1319 1435 subdit:

275 1467 489 1539 «Verisimile
513 1485 623 1540 autem
643 1485 708 1557 est,
729 1472 765 1540 in
787 1471 856 1541 aliis
877 1495 1011 1565 quoque
1030 1472 1126 1559 locis,
1149 1475 1242 1567 quod
1261 1496 1321 1542 nos

271 1575 478 1667 ignoramus,
498 1577 615 1646 itidem
625 1600 693 1646 esse
706 1575 831 1648 factum
841 1581 865 1646 ¹.
876 1606 892 1644 »
907 1619 953 1634 --
969 1579 1027 1649 His
1036 1579 1261 1648 fundamentis
1273 1579 1322 1646 in·

272 1684 421 1753 sistentes
453 1683 584 1754 ¹summi
625 1689 785 1753 Romanae
814 1684 970 1754 Ecclesiae
996 1686 1188 1779 pontifices,
1217 1689 1321 1780 justas

272 1790 317 1858 ob
330 1813 440 1859 causas
453 1789 617 1883 plerisque
628 1789 781 1880 religiosis
791 1789 1001 1861 indulserunt
1013 1805 1063 1878 ut,
1077 1791 1156 1861 licet
1164 1791 1206 1861 ad
1215 1815 1322 1861 sacros

273 1896 403 1969 ordines
419 1897 569 1966 nonditm
586 1899 747 1990 promoti,
765 1912 897 1990 possent
917 1913 1028 1968 tamen
1044 1899 1180 1992 publice
1195 1901 1323 1970 concio-

273 2003 361 2089 nari,
390 2003 673 2097 quemadmodum
700 2027 788 2073 anno
812 2011 897 2073 1584
918 2007 1095 2097 Gregorius
1119 2010 1204 2101 Xlll
1225 2005 1323 2076 facti-

274 2111 376 2196 tavit,
404 2109 589 2180 concedens
609 2109 645 2178 id
664 2132 759 2202 posse
781 2110 852 2180 fieri
873 2113 892 2200 a
913 2112 1074 2182 societatis
1096 2106 1323 2183 resu'elencis

273 2219 381 2312 prima
395 2217 556 2288 duntaxat
572 2219 707 2287 tonsura
724 2219 896 2310 insignitis.
916 2219 1013 2306 Quod
1033 2221 1170 2314 quidem
1188 2221 1259 2290 aliis
1280 2223 1324 2290 ab

275 2327 345 2396 aliis
361 2326 573 2429 pontificibus
588 2319 759 2399 indultum
781 2351 916 2424 quoque
934 2352 1004 2399 non
1019 2327 1120 2398 semel
1129 2328 1165 2396 in
1188 2327 1323 2398 historia

276 2432 567 2526 deprehendimus.

321 2537 584 2609 lll.Mulieribus
596 2553 707 2609 autem
724 2537 858 2634 publice
870 2537 912 2608 de
920 2538 1078 2631 religione
1089 2539 1258 2632 disputare
1268 2541 1323 2608 in-

207 2689 209 2697 ,
277 2643 454 2715 terdictum
463 2647 613 2715 videmus
622 2645 696 2715 tum
710 2647 752 2716 ab
765 2647 836 2738 ipso
842 2643 1000 2738 Apostolo
1015 2645 1166 2713 dicente:
1179 2643 1324 2714 Docere

277 2749 400 2822 autem
409 2750 553 2822 mulieri
560 2776 634 2823 non
645 2755 853 2845 permitto&
872 2766 905 2820 et
916 2750 993 2820 alibi
1011 2780 1018 2820 :
1033 2747 1207 2821 Mulieres
1220 2749 1258 2820 in
1267 2775 1324 2820 ee-

277 2859 648 2956 clesia'staeeunt;non
659 2862 754 2930 enim
766 2861 989 2954 permittitur
1003 2859 1055 2928 eis
1065 2857 1175 2950 loqui,
1185 2859 1278 2928 sieut
1290 2873 1325 2929 et
1345 2951 1348 2957 Ι

277 2965 339 3038 lea:
351 2965 712 3060 da'cit...1lerpeenim
724 2979 777 3034 est
786 2961 1014 3034 mult'eremin
1024 2961 1179 3035 ecclert'd
1189 2963 1324 3054 loqui&

238 3152 240 3158 ¹
278 3075 374 3159 tum,
396 3064 483 3142 inter
504 3071 583 3157 alia,
608 3074 627 3141 a
651 3070 790 3141 concilio
806 3069 1054 3162 Carthaginensi
1069 3086 1211 3166 quarto,
1231 3073 1324 3164 cujus

279 3179 412 3250 decreto
422 3179 467 3256 ita
473 3179 634 3250 sancitum
644 3191 693 3248 est
704 3207 734 3248 :u
743 3177 874 3264 Mulier,
886 3175 1035 3273 quamvis
1048 3175 1145 3248 docta
1158 3191 1322 3262 emanata,
1337 3203 1338 3210 ¹

279 3289 365 3360 viros
372 3287 413 3356 “in
427 3300 594 3358 conventu
604 3287 722 3357 docere
735 3311 803 3357 non
812 3288 1010 3381 praesumat⁴
1023 3317 1032 3374 3
1043 3311 1060 3352 n
1077 3325 1123 3340 -
1134 3285 1207 3354 tiam
1217 3287 1236 3352 ὲ
1245 3307 1326 3353 con·

279 3394 379 3465 stanti
394 3393 548 3464 Ecclesiae
563 3394 674 3486 praxi,
694 3417 769 3486 quae
788 3395 959 3486 nunquam
973 3391 1145 3462 mulierem
1157 3389 1325 3486 pulpitum

280 3498 456 3572 ascendere
473 3500 741 3570 concionaturam
754 3501 915 3571 toleravit.
933 3504 1011 3569 Haec
1023 3513 1134 3584 autem
1144 3495 1326 3590 disciplinae

279 3607 392 3700 regula
408 3631 476 3677 non
490 3600 628 3699 impedit
644 3607 727 3702 quin
737 3606 1010 3692 mater-familiar,
1022 3607 1087 3676 sive
1102 3607 1188 3676 intra
1206 3605 1325 3674 domtis

318 3739 326 3819 t
341 3779 443 3846 Niceph.
456 3780 522 3830 llist.
534 3778 627 3830 Eccles.
640 3778 683 3830 lib.
695 3796 722 3844 r,
733 3795 787 3844 cap.
805 3775 844 3842 td.
856 3787 908 3814 -2
923 3795 934 3828 r
947 3776 1008 3828 Tim.
1022 3793 1050 3842 n,
1064 3741 1102 3828 rai
1114 3774 1168 3814 ..3
1182 3794 1192 3828 ι
1205 3779 1259 3830 Gor.
1275 3791 1336 3838 mr,
1390 3791 1394 3796 ·

283 3861 331 3931 34,
346 3863 387 3914 35.
401 3890 434 3901 -
446 3858 459 3910 i
472 3863 604 3914 Burchard.
620 3862 663 3915 lib.
682 3878 742 3928 eru,
759 3877 814 3930 cap.
831 3861 880 3927 83,
894 3867 920 3913 et
932 3863 984 3914 lvo.
1003 3867 1200 3927 parl.v11,cap.
1221 3875 1265 3912 ror
1277 3895 1286 3924 ,
1299 3865 1325 3910 et

284 3944 348 4016 part.
364 3963 420 4014 rur,
438 3963 492 4016 cap.
505 3944 563 4011 aar.
