2982 4584
275 384 339 446 434
432 399 611 446 anaronrct
633 396 660 442 s.
686 394 836 458 rtruurr,
862 391 939 442 rtur
962 385 1012 458 ut
1037 394 1121 440 scor.
1147 399 1171 452 r.
1201 449 1207 456 .

272 525 372 570 mom
386 523 507 568 meam
521 495 567 568 de
583 510 720 580 morte,
737 494 858 566 oculos
878 519 975 566 meos
999 492 1025 565 ti
1041 493 1235 586 lacrymis,
1251 518 1320 585 pe-

268 603 333 675 des
344 629 443 674 meos
459 601 485 673 ti
506 602 627 695 lapsu.
646 599 807 674 Placebo
824 600 1036 672 Domino‘in
1053 601 1203 696 regione
1220 599 1318 672 vivo·

245 703 246 706 ¹
270 716 414 782 rum1...
432 712 754 802 Nos(ergd'1esum)
769 711 805 780 iu
824 723 1013 800 temporum
1028 707 1094 776 fine
1110 703 1316 800 quaeramus,

270 832 304 888 et
317 805 577 909 complectamur
595 814 696 906 pedes
712 816 799 908 ejus,
816 829 850 884 et
864 815 1039 883 adoremus
1060 835 1137 882 curn
1152 865 1161 898 ,
1177 827 1216 882 ut
1231 811 1320 884 dicat

271 936 304 994 et
315 923 410 992 nobis
427 919 575 994 :Nolite
592 921 716 990 timere
726 923 757 1004 ²,
769 917 881 1006 idest,
899 918 1002 988 nolite
1014 919 1162 987 timeret
1178 919 1320 1010 peccatis

270 1027 404 1114 saeculi,
424 1028 527 1098 nolite
546 1029 662 1096 timere
685 1027 727 1096 ab
747 1025 977 1119 iniquitatibus
998 1023 1137 1110 mundi,
1154 1025 1258 1096 nolite
1278 1026 1321 1094 ti·
1354 1073 1357 1078 -

270 1139 391 1205 mere'a
408 1136 567 1208 fluctibus
583 1133 804 1226 corporalium
819 1134 1099 1225 passionum3ego
1113 1154 1191 1206 sum
1203 1155 1322 1224 pecca·

270 1255 381 1312 torum
404 1243 551 1312 remissio
576 1271 583 1313 :
603 1243 705 1312 nolite
726 1243 841 1311 timere
858 1241 1054 1326 ttenebris,
1073 1264 1135 1332 ego
1150 1263 1224 1308 sum
1238 1237 1318 1313 lux:

270 1345 373 1416 nolite
393 1349 509 1418 timere
527 1351 547 1418 ἐι
567 1361 690 1440 morte,
717 1371 778 1438 ego
796 1369 871 1417 sum
889 1347 967 1416 vita.
987 1345 1196 1442 Quicumque
1212 1345 1255 1416 ad
1269 1369 1324 1417 me

271 1455 385 1540 venit,
399 1470 540 1526 mortem
555 1479 624 1524 non
638 1454 766 1526 videbit
777 1455 813 1524 in
825 1469 986 1524 aeternum
995 1456 1020 1522 ³.
1037 1481 1054 1518 n

316 1564 378 1630 Hic
397 1563 475 1631 sane
490 1561 626 1632 sistendi
648 1560 786 1652 gradus,
806 1562 867 1628 nisi
883 1575 974 1630 tauta
987 1573 1168 1649 emergeret
1184 1565 1322 1632 Perora-

193 1723 198 1729 ,
270 1667 401 1736 tionum
421 1668 568 1754 utilitas,
588 1681 627 1736 ut
642 1681 732 1736 totus
747 1667 913 1736 concionis
933 1689 1101 1736 successus
1117 1668 1153 1735 in
1168 1665 1232 1736 illis
1242 1691 1324 1738 con·

270 1767 360 1843 cludi
384 1774 548 1845 videatur.
566 1773 745 1846 Mediocris
761 1775 850 1842 enirn
877 1797 1005 1858 sermo,
1032 1774 1060 1842 si
1082 1774 1323 1844 vehementiori

272 1865 461 1950 motu'finis
487 1879 537 1948 illi
563 1880 775 1970 imponatur,
800 1878 910 1948 minus
933 1893 1165 1949 contemnetur
1189 1896 1324 1972 propter

272 1988 430 2054 tractatus
443 1986 715 2067 mediocritatem,
735 1987 835 2076 quam
853 1973 987 2076 propter
1003 1985 1243 2054 vehementiam
1262 1991 1324 2056 re-

273 2093 444 2162 rorationis
465 2093 665 2182 extolletur,
685 2093 862 2184 perfectior
877 2106 989 2160 autem
1009 2092 1144 2178 concio,
1163 2093 1189 2160 si
1200 2095 1269 2184 jem
1289 2094 1325 2162 in

273 2199 338 2266 fine
349 2197 463 2268 debilis
473 2199 670 2291 infirmaque
686 2197 838 2283 deficiat,
857 2210 1087 2288 contemptum
1101 2198 1209 2290 potiris
1222 2200 1325 2292 qudm

274 2306 408 2396 plausus
416 2306 572 2374 inveniet.
586 2303 695 2375 Serius
705 2304 1237 2396 igitur‘investigandumsuperest
1249 2328 1326 2396 qum

262 2410 400 2502 ¹fuerint
417 2412 452 2479 in
469 2414 529 2480 hiae
546 2413 637 2502 parte
650 2427 838 2480 sanctorum
855 2415 990 2478 Parrum
1010 2434 1061 2478 ars
1078 2427 1111 2478 et
1133 2411 1323 2480 methodus.

278 2517 382 2598 Quod·
392 2519 554 2606 sapienter
566 2515 754 2606 incipiendo
766 2513 987 2606 perfecerunt,
999 2515 1063 2586 hoc
1073 2531 1106 2584 et
1117 2517 1325 2588 terminando

197 2671 200 2675 -
278 2621 415 2689 minime
435 2635 690 2712 praetereuntes,
713 2620 815 2691 modo
838 2623 993 2714 temporis
1017 2624 1324 2716 opportunitatem,

279 2727 379 2798 modd
396 2727 609 2819 personarum
629 2727 906 2814 circumstantias,
925 2729 1025 2798 modd
1040 2734 1145 2799 varias
1160 2730 1328 2800 variorum

282 2852 551 2932 argumentorum
573 2836 693 2922 iacies,
716 2836 886 2906 attendere
906 2839 1083 2924 curdrunt,
1110 2862 1200 2908 nunc
1221 2838 1330 2908 felicia
1376 2883 1385 2890 -

282 2945 474 3014 hominibus
491 2955 697 3034 exoptantes,
716 2965 806 3011 nnnc
821 2945 841 3010 ir
859 2947 926 3012 Deo
938 2967 1093 3038 prospera
1110 2944 1326 3036 postulantes·

213 3129 218 3132 ,
328 3053 356 3120 1.
376 3048 517 3131 Quidem
532 3051 575 3115 ad
591 3049 745 3140 temporis
760 3050 1040 3142 opportunitatem
1055 3052 1242 3144 perorando
1259 3075 1330 3146 res-

177 3148 179 3154 ’
285 3153 428 3245 piciebat
442 3158 474 3224 S.
493 3155 667 3246 Gregorius
687 3155 922 3244 Nazianzenus,
940 3156 1017 3226 cirm
1031 3158 1066 3225 in
1081 3182 1201 3229 novam
1216 3159 1332 3228 Domi·

286 3261 394 3349 nicam
410 3260 564 3356 loquens,
585 3262 668 3332 veris
680 3263 940 3356 jucunditatem,
955 3264 1120 3335 solertiam
1136 3267 1249 3358 apim,
1267 3291 1332 3336 na·

287 3368 453 3462 talemque
480 3371 632 3460 martyris
654 3374 827 3444 Mimantis
843 3375 930 3442 diem
956 3375 1103 3444 fidelium
1119 3389 1244 3445 turmas
1267 3377 1333 3446 sub

288 3475 344 3546 dio
381 3478 602 3564 retinentem,
635 3481 826 3552 amoenitate
854 3481 1005 3576 religioni
1040 3484 1253 3572 consociati,
1285 3485 1353 3572 sic¹

289 3583 467 3676 depingere
483 3585 644 3676 gestiebat
659 3610 667 3649 :
1058 3649 1061 3654 .

336 3719 354 3759 t
372 3692 513 3786 Sedjtm
527 3689 572 3764 ad
587 3713 640 3778 ea,
658 3714 734 3784 quac
750 3693 905 3786 temporis
918 3695 1016 3781 sunt,
1035 3696 1253 3786 celebranda,
1272 3721 1336 3768 nos

327 3839 631 3907 recatmvmtreq.
654 3841 816 3894 -2M2tt1n
838 3841 1034 3904 urenda-³
1054 3845 1336 3898 stmhmsuonouo

292 3924 384 3988 Mortis,
401 3941 425 3975 n.
441 3923 532 3990 52·57.
573 3928 574 3934 ’
