2984 4580
184 413 286 484 staua
308 439 355 483 vt.
380 436 422 482 nx
445 433 603 482 msuuouo
618 435 653 479 ur
670 431 877 480 concremans
900 427 1067 477 anamma.
1093 415 1157 478 385

121 537 232 631 siquis
247 537 312 608 boc
323 535 491 630 eloquium
508 555 655 605 mensam
671 546 817 626 spectare
832 531 960 602 dixerit.
974 533 1059 604 Nihil
1073 533 1161 602 enim

92 635 100 650 ⁸
122 644 165 714 sic
188 633 335 714 animam
354 643 484 729 turbat,
504 657 544 713 ut
564 640 829 733 concupiscentia
851 640 1010 725 absurda,
1037 639 1163 710 deliciae

122 750 283 835 ciborum,
301 749 452 836 ebrietas,
470 763 504 818 et
515 747 601 816 mala
614 771 689 842 quae
700 747 775 814 inde
791 747 960 814 oriamur:
979 759 1012 814 et
1027 746 1090 816 hoc
1102 749 1164 815 nd·
1182 771 1188 790 ι

122 870 200 926 runt
211 857 271 949 qui
283 857 402 925 harum
413 875 527 938 ,rerum
538 851 723 946 periculum
739 849 900 920 fecerunt.
921 852 954 922 Si
963 863 1072 921 autem
1079 850 1165 922 didi·

122 962 203 1032 ceris
226 961 319 1031 unde
338 963 411 1030 baec
432 983 545 1029 mensa
564 957 747 1049 colligatur,
766 955 857 1026 unde
879 955 947 1042 illa,
963 971 1043 1028 tunc
1062 959 1166 1051 probb
1260 979 1265 989 “

123 1069 203 1138 scies
219 1067 353 1162 quaesit
370 1067 457 1136 inter
477 1079 654 1159 utramque
676 1063 873 1134 differentia.
897 1063 1070 1134 Undenam
1089 1067 1168 1158 ergd

124 1175 197 1244 haec
212 1172 399 1264 colligitur?
413 1193 453 1240 ex
466 1170 619 1262 lacrymis
638 1170 830 1258 innumeris,
848 1195 887 1240 ex
901 1171 1076 1242 viduarum
1096 1195 1170 1265 spo-
1209 1199 1211 1208 ·

84 1339 86 1346 ι
123 1281 193 1368 liis,
215 1305 255 1350 ex
275 1280 376 1372 raptis
391 1277 593 1372 pupillorum
608 1275 831 1348 facultatibus.
851 1277 913 1346 Illa
928 1279 1006 1349 verb
1026 1280 1171 1373 exjustis

124 1386 297 1462 laboribus
320 1400 455 1479 paratur
477 1383 683 1479 :similisque
704 1398 753 1454 est
774 1382 926 1454 formosae
952 1387 1172 1480 speciosaque

126 1493 271 1578 mulieri,
292 1517 367 1586 quae
387 1491 480 1562 nullo
496 1491 655 1560 exteriore
671 1503 745 1582 eget
758 1493 896 1575 ornatu,
915 1490 973 1560 sed
989 1491 1172 1562 naturalem

126 1599 232 1668 habet
256 1598 537 1690 pulchritudinem
562 1627 570 1666 ι
595 1597 662 1666 illa¹
679 1600 757 1666 verb
785 1599 947 1668 meretrici
974 1597 1115 1670 deformi
1140 1616 1174 1673 et

128 1707 232 1798 turpi,
251 1711 326 1800 quae
336 1704 414 1776 fuco
429 1704 536 1774 multo
551 1705 668 1791 utitur,
687 1727 796 1796 neque
808 1719 916 1797 potest
930 1703 1174 1779 deformitatem

127 1813 301 1903 obtegere,
319 1812 377 1882 sed
396 1813 464 1906 qub
479 1811 617 1904 propius
634 1811 789 1882 accedere
805 1824 928 1898 tentat,
946 1815 986 1882 ed
1006 1817 1108 1907 magis
1124 1841 1177 1886 re-

127 1931 300 2008 moretur,
317 1921 394 1987 n'am
408 1919 534 2011 quantb
547 1919 649 2009 magis
665 1917 790 1988 accedit
806 1919 847 1988 ad
867 1935 1069 2018 consortem,
1085 1925 1177 1996 tantb

128 2027 234 2118 magis
249 2027 318 2120 ejus
335 2022 524 2102 deformitas
537 2023 806 2117 deprehenditur.
821 2027 1089 2100 Ne’ascendentes
1102 2055 1179 2101 cou-

128 2133 221 2202 vivas
238 2132 410 2224 aspexeris,
429 2130 486 2210 sed
495 2131 696 2233 recedentes,
715 2145 748 2200 et
760 2119 841 2202 tunc
853 2135 921 2226 ejus
937 2136 1177 2227 turpitudinem

130 2237 271 2310 videbis.
291 2237 351 2306 Illa
363 2239 442 2307 verb
458 2235 533 2322 alia,
550 2237 652 2306 libera
668 2237 744 2306 clam
760 2239 813 2322 sit,
827 2237 911 2306 nihil
927 2239 1003 2308 sinit
1015 2257 1181 2313 consortes
1222 2245 1227 2255 '

131 2345 333 2414 obscoenum
344 2344 550 2434 dicere3haec
559 2357 670 2412 autem
682 2344 766 2412 nihil
776 2345 965 2431 honestum,
979 2350 1096 2439 utpote
1106 2373 1182 2443 quae

131 2453 290 2523 meretrix
304 2466 338 2520 et
352 2449 483 2521 arsamis
494 2452 546 2522 sit.
565 2455 644 2522 Haec
660 2452 819 2523 consortis
836 2453 886 2522 sui
902 2453 1077 2526 utilitatem
1089 2483 1182 2552 quae-

130 2559 192 2648 rit,
203 2557 259 2626 illa
268 2559 445 2649 perniciem
453 2559 534 2651 ejus.
548 2561 627 2626 Haec
636 2581 703 2628 non
713 2558 873 2650 permittit
884 2559 1053 2630 offendere
1062 2567 1181 2652 Deum,

106 2699 109 2706 r
130 2663 193 2734 illa
209 2686 280 2732 non
305 2663 382 2730 sinit
405 2686 473 2731 non
488 2663 668 2732 offendere.
694 2663 858 2732 Adeamus
874 2664 976 2754 igitur
997 2666 1086 2754 illos,
1106 2670 1208 2740 inde‘

131 2772 280 2842 sciemus
295 2781 377 2861 quot
388 2767 487 2836 simus
502 2767 642 2837 vinculis
657 2768 835 2837 constricti.
853 2769 935 2838 Inde
947 2771 1084 2842 sciemus
1094 2795 1185 2845 men·

130 2899 209 2948 sam
225 2896 392 2968 apponere
406 2871 497 2942 mille
515 2873 611 2974 bonis
626 2873 778 2966 plenam,
802 2875 1092 2968 jucundissimam,
1108 2881 1186 2951 nul-

131 2984 203 3054 lius
218 2981 399 3074 impensae3
416 2977 656 3066 sollicitudine,
678 2979 820 3068 invidt,
838 2981 944 3058 livore¹
961 3003 1121 3073 vacuam,
1143 2990 1186 3059 ab

133 3086 233 3160 omni
245 3087 361 3156 morbo
376 3086 526 3172 liberam,
545 3086 632 3156 bont
650 3109 707 3180 spe
722 3084 889 3174 refertam,
908 3088 1021 3160 multis
1036 3107 1186 3166 ornatam
1225 3097 1248 3116 ‘'

134 3190 408 3287 tropaeis..Nulla
430 3205 479 3262 est
494 3193 540 3262 ibi
560 3193 661 3262 animi
684 3195 910 3286 perturbatio,
937 3219 1006 3266 non
1031 3201 1183 3289 morbus,

135 3323 212 3372 non
227 3301 275 3370 ira
297 3327 304 3368 :
323 3299 434 3370 omnia
449 3297 688 3392 tranquillitas,
711 3299 820 3368 omnia
836 3321 911 3390 pax.
928 3304 976 3373 Ne
991 3303 1073 3373 mibi
1088 3306 1188 3378 silem·

136 3409 231 3478 tium
250 3405 530 3496 ministrorum-in
547 3405 666 3474 mensis
686 3403 826 3473 divitum
842 3427 1021 3494 memores,
1039 3413 1096 3480 sed
1116 3413 1186 3484 cla-

138 3535 253 3584 mores
267 3513 480 3584 convivarum
496 3541 504 3581 ι
522 3534 590 3582 non
604 3509 700 3579 illum
716 3534 784 3604 quo
799 3513 917 3582 mutub
936 3527 1096 3604 utuntur,
1110 3518 1188 3592 licet
1279 3529 1283 3542 '

136 3637 175 3694 et
191 3623 250 3692 bic
267 3619 426 3693 ridiculus
452 3621 509 3706 sit,
529 3617 587 3690 sed
605 3619 813 3706 interiorem,
838 3621 896 3714 qui
918 3621 954 3690 in
974 3623 1104 3711 animo,
1127 3631 1187 3722 qui

138 3747 302 3822 magnam
329 3729 425 3796 affert
455 3727 703 3820 captivitatem,
722 3727 959 3818 cogitationum
984 3733 1186 3826 tumultum,

139 3834 343 3930 procellam,
367 3832 559 3925 caliginem,
581 3846 824 3927 tempestatem,
848 3836 969 3928 quibus
995 3841 1105 3912 omnia
1124 3837 1189 3916 tui-

143 3956 302 4014 nuuntur
314 3955 348 4011 et
362 3941 609 4036 permiscentur,
627 3955 661 4012 et
680 3955 850 4014 nocturnae
866 3965 986 4036 pugnae
1000 3945 1112 4022 simibs
1127 3970 1186 4025 cst.

313 4067 349 4119 u.
988 4075 991 4078 ·
1030 4055 1070 4122 25
