2996 4598
275 482 376 530 CAPUOE
395 485 446 528 111·
470 485 515 528 DE
538 479 787 530 PRAEPARA'HOM
811 483 853 530 ΔΙ)
875 482 1141 533 cenomannum.
1190 469 1228 531 51

178 659 180 663 ,
196 605 265 669 ιιι,
279 585 543 654 concionatorem
558 581 742 650 auscultare
757 598 936 674 poterunt3
952 583 1025 653 tdm
1037 585 1181 678 denique
1195 607 1235 654 ex

196 705 286 784 parte
312 693 411 783 ipsius
431 688 659 783 praedicantis,
684 689 743 780 qui
758 691 889 759 servatis
908 691 999 782 prius
1019 692 1232 783 excogitatis,

195 796 247 867 tel
260 797 394 866 inventa
406 793 443 865 ln
456 795 649 864 memoriam
664 793 778 864 labore
792 795 899 865 multo
910 797 1137 884 revocarent
1150 817 1236 870 nova

194 903 342 998 quotidie
362 899 538 997 multiplici
562 919 764 997 operoseque
783 917 883 998 partu
903 903 939 974 in
963 901 1073 976 lucem
1094 905 1235 996 prodere

197 1031 264 1081 non
277 1023 428 1102 cogetur.
491 1061 495 1066 -

200 1118 393 1186 1-1.1u
416 1129 530 1182 tumen
545 1110 721 1198 scribendi
744 1113 933 1194 distendito
958 1077 1235 1197 consuetudinem

194 1219 356 1316 usurpare
370 1221 523 1292 solebant
534 1241 614 1290 saon
605 1217 798 1310 ractores,
816 1238 854 1292 ut
869 1243 928 1313 pro
943 1241 1054 1294 rernm
1069 1224 1235 1318 edjunmls

197 1331 270 1400 sirie
283 1328 394 1399 studio
409 1342 496 1396 etex
516 1341 662 1420 tempore
672 1329 782 1400 dicere
796 1350 866 1401 non
880 1333 1046 1401 timerent.
1065 1335 1159 1402 llanc
1174 1347 1237 1401 nu·-

199 1451 269 1504 tem
289 1433 418 1505 dicendi
433 1434 601 1511 audaciam
616 1433 713 1526 pauci
729 1437 901 1530 scriptores
912 1437 1043 1531 profani
1059 1439 1239 1518 attentasse

201 1541 372 1626 videntur,
394 1540 480 1609 inter
503 1560 586 1633 quos
606 1542 732 1634 primus
759 1543 896 1634 Gorgias
919 1544 1119 1630 Leontinus,
1136 1564 1238 1638 quem
1342 1591 1348 1605 .

199 1648 276 1718 onte
292 1647 538 1716 omnessobitae
551 1669 588 1716 ae
601 1645 748 1718 fortuitae
762 1649 918 1719 orationis
933 1650 1062 1729 fontem
1077 1652 1241 1742 aperuisse

200 1769 314 1824 auctor
337 1768 386 1823 est
406 1755 521 1824 Cicero
544 1755 621 1823 eum
647 1755 695 1824 ait
715 1783 724 1826 ι
744 1777 762 1821 ιι
784 1760 910 1824 Ausum
930 1757 1022 1826 hune
1041 1756 1186 1850 primum
1205 1755 1243 1837 in
1358 1795 1366 1814 ·

199 1875 366 1932 conventu
381 1881 515 1954 poscere
524 1863 762 1954 questionem,
780 1862 815 1930 id
829 1877 897 1948 est,
915 1861 1018 1936 libere
1032 1862 1158 1949 dicero,
1175 1865 1244 1956 quat

201 1967 243 2039 de
259 1991 295 2037 re
310 1968 384 2062 quis
400 1967 499 2038 vellet
515 1967 660 2038 audire1.
671 1970 861 2039 ara-Divina
881 1971 981 2062 porro
1001 1969 1164 2062 appellata
1180 1967 1245 2038 suit

201 2077 272 2146 baec
298 2074 432 2143 dicendi
450 2074 609 2164 facultas,
635 2090 738 2144 otest
759 2070 847 2169 apud
864 2075 1099 2149 Philostratum
1118 2077 1154 2146 in
1170 2079 1245 2145 AEs÷

203 2184 314 2266 chine,
329 2169 535 2274 ιιιιὸιιιιιιιιιι
550 2182 781 2253 mortalitatem
795 2203 865 2250 esse
880 2181 1031 2274 quodam
1040 2185 1142 2252 modo
1154 2181 1246 2252 vide·

204 2303 305 2374 retur,
318 2288 376 2380 qui
392 2299 501 2378 posset
511 2288 658 2378 apposite
670 2285 778 2356 dicere
789 2311 832 2356 ex
846 2303 1006 2380 tempore.
1025 2289 1128 2359 Recte
1143 2289 1246 2380 igitur

203 2395 345 2466 dictum
341 2391 612 2504 bQuintiliano,
642 2395 856 2466 «maximum
879 2392 1065 2466 studiorum
1093 2395 1244 2471 fructum

204 2525 271 2573 esse
287 2525 326 2573 ac
339 2501 443 2573 veluti
456 2497 628 2594 praemium
643 2500 811 2595 quoddam
822 2503 913 2598 longi
922 2504 1054 2594 laboris,
1067 2519 1240 2600 extempo

203 2611 306 2681 talem
320 2611 407 2680 banc
422 2609 554 2681 dicendi
569 2608 791 2683 facultateml.
810 2639 826 2678 ι

240 2717 341 2800 Quod
348 2731 460 2786 autem
469 2714 511 2784 ad
520 2718 675 2784 Doctores
687 2713 879 2800 christianos
890 2733 1020 2804 arnust,
1028 2742 1154 2811 promus
1164 2723 1245 2793 eni-

205 2839 257 2894 ott
271 2825 429 2915 Origenes
441 2844 567 2915 ,ouem
589 2821 736 2914 prodidit
748 2823 913 2892 Eusebius
939 2823 1069 2919 ussidud⁴
1087 2829 1245 2898 exercita-

206 2930 318 3016 tione,
341 2928 517 3021 longoque·
533 2943 596 2996 usu
620 2929 747 2998 tantem
777 2928 813 2998 in
836 2927 1067 2999 concionando
1090 2930 1247 3003 fiduciam

204 3035 444 3120 consecutum,
458 3047 597 3127 eamque
611 3035 680 3103 vim
694 3082 703 3118 ,
717 3035 847 3126 copiam
862 3049 907 3104 et:
918 3035 1110 3106 facultatem
1125 3039 1248 3109 orafim

205 3143 255 3212 nis
272 3141 452 3234 adeptum,
471 3155 510 3209 ut
527 3155 561 3210 et
575 3140 708 3232 publice
728 3143 848 3232 magud
863 3144 1014 3214 omnium
1030 3135 1248 3215 admiratione

206 3250 331 3319 diceret
345 3267 385 3316 eu
399 3261 567 3339 tempore,
595 3262 629 3316 et
643 3254 811 3340 pateretur
831 3251 930 3318 etiam
944 3250 1080 3342 excipio
1096 3253 1247 3340 notariis,

206 3381 283 3450 quae
297 3357 362 3426 hoe
376 3355 478 3424 modo
493 3353 695 3447 profuderat
716 3362 819 3438 «Quo
834 3369 998 3448 tempore,
1016 3358 1062 3426 ait
1073 3361 1248 3447 Eusebius,

206 3459 443 3552 sexagesimum
454 3483 552 3550 agens
560 3461 718 3551 Origenes
729 3462 834 3533 eutis
846 3479 983 3547 annum,
993 3469 1251 3558 posteaqubmct

211 3593 285 3656 usu,
299 3584 333 3638 et
348 3568 511 3661 periculis,
530 3582 563 3636 et
574 3567 742 3638 laboribus
757 3568 937 3660 plurimum
953 3569 1083 3640 fiduciae
1100 3573 1135 3640 in
1146 3573 1251 3643 verbo
1352 3592 1356 3610 '

207 3677 271 3744 oei
294 3675 483 3770 acceperat,
507 3674 687 3766 permisisse
704 3673 877 3770 lentunen,
897 3695 971 3770 quae
986 3693 1027 3744 ex
1042 3691 1204 3770 tempore
1216 3681 1252 3750 in

214 3781 353 3853 ecclesiis
373 3773 552 3864 disserebat
573 3776 739 3848 enotariis
765 3779 868 3872 excipi
880 3815 894 3871 3-
919 3806 980 3852 nee
1001 3784 1078 3852 ante
1101 3789 1249 3882 uuqubm

212 3887 340 3960 dedisse
354 3889 441 3962 hanc
451 3885 592 3978 copiam
608 3884 763 3962 nisinun
776 3887 811 3966 id
824 3888 937 3964 sibiet
952 3891 1027 3966 vite
1043 3894 1202 3985 gravitas,
1215 3910 1251 3970 et

252 4025 259 4052 ¹
270 4017 348 4068 Cicer.
366 4015 437 4081 liba,
451 4014 483 4066 de
492 4017 560 4066 Orat.
577 4019 607 4064 et
618 4014 679 4066 udo
689 4005 768 4067 ιιιιιιιι.
782 4026 816 4052 ³³-
826 4020 839 4052 ³
850 4016 935 4076 oum.
946 4015 991 4070 lib.
1003 4025 1030 4084 ι,
1042 4029 1099 4086 cett.
1115 4037 1140 4088 7.

1060 4155 1065 4166 .
1107 4105 1138 4164 l.
