2992 4590
198 411 299 460 cteuu
322 417 368 460 vr.
386 415 428 460 uu
444 415 598 462 uxruono
621 417 657 462 ru
679 415 886 464 cortcrotttuut
909 412 1075 477 tun-rurus.
1103 402 1165 463 113

135 515 336 584 securitatem
352 517 417 585 tuis
431 517 582 608 periculis
599 533 765 610 quaerunt.
783 523 827 588 ht
841 540 909 588 non
924 517 1007 588 tales
1018 539 1095 606 nos,
1110 516 1169 588 scd

134 633 164 687 et
178 634 257 690 tuuc
271 623 420 714 quamvis
436 623 523 713 aegre
538 620 700 692 serentem
716 647 789 692 uon
799 624 1016 710 destituimus,
1030 638 1064 694 et
1078 645 1169 694 nunc

133 727 309 821 collapsum
320 731 520 821 protegimus
536 753 574 799 ac
589 753 753 800 curamus.
768 730 913 800 Ecclesia
928 732 947 798 *a
962 744 996 799 te
1009 731 1170 802 hostiliter

132 835 263 923 habita,
276 860 418 929 expanso
433 839 509 906 sinu
527 851 561 905 te
576 837 719 929 suscepit
736 866 744 906 :
764 838 892 906 theatra
915 849 1026 906 autern
1044 838 1170 928 maguis

132 941 292 1036 obsequiis
308 945 376 1012 ate
391 942 498 1029 culta,
517 967 661 1036 quorum
673 944 768 1012 causd
784 944 902 1036 saepiirs
918 942 1014 1012 nobis
1026 944 1171 1013 infensus

130 1046 238 1134 fuisti,
260 1062 294 1118 et
317 1047 537 1141 prodiderunt
559 1063 641 1118 teet
662 1047 877 1142 perdiderunt
896 1075 904 1118 :
928 1061 1072 1118 attamen
1088 1039 1174 1118 nun'·

130 1155 229 1245 quam
244 1152 431 1232 destitimus
447 1155 498 1222 his
516 1167 550 1223 te
563 1154 670 1224 verbis
688 1153 816 1247 'alloqui
832 1182 840 1223 :
858 1156 927 1224 Cur
941 1153 1002 1222 ista
1018 1151 1119 1222 facis?
1136 1154 1172 1224 iu
1195 1231 1203 1238 ,

128 1258 311 1332 Ecclesiam
330 1258 559 1346 debaccharis,¹
575 1272 607 1329 et
626 1260 783 1353 teipsum
804 1260 840 1328 in
862 1259 998 1328 exitium
1018 1261 1171 1352 praecipi·

129 1378 198 1434 tem
219 1367 287 1456 agis
307 1393 317 1436 :
340 1379 374 1438 et
393 1379 430 1434 tu
448 1366 519 1434 haeo
543 1366 652 1436 omnia
672 1366 797 1461 monita
815 1364 1020 1457 negligenter
1032 1379 1171 1459 practer-

127 1471 296 1540 currebas:
320 1476 362 1540 Et
381 1471 529 1540 circensis
552 1471 687 1564 quidem
704 1469 886 1542 multitudo
900 1471 1062 1542 exhaustis
1084 1474 1172 1544 inse

106 1569 111 1577 ’
126 1577 198 1646 tuis
213 1576 423 1646 facultatibus
444 1575 640 1667 gladiumin
660 1591 694 1648 te
711 1578 826 1648 acuit:
850 1576 994 1648 Ecclesia
1014 1581 1092 1648 verd
1112 1579 1172 1649 im·

125 1697 275 1776 portuno
295 1698 353 1763 tuo
372 1683 484 1752 furore
502 1683 678 1772 exagitata,
700 1682 790 1753 ultro
810 1683 959 1777 citroque
977 1686 1126 1772 cursitat,
1145 1686 1173 1756 si

127 1816 198 1886 quo
210 1805 307 1884 pacto
323 1805 356 1860 te
371 1814 412 1860 ex
421 1793 471 1862 his
486 1791 629 1861 cassibus
643 1791 842 1884 implicitum
853 1793 1009 1866 extricare
1021 1795 1142 1886 queat?

185 1926 202 1963 a
228 1902 273 1967 Et
292 1899 365 1966 haec
386 1920 474 1966 nuuc
496 1895 573 1968 dico
600 1920 668 1968 non
690 1897 784 1991 quod
805 1911 967 1989 prostrato
994 1899 1171 1986 insultem,

129 2005 188 2074 sed
206 2001 299 2096 quod
319 2025 373 2074 eos
391 2004 451 2094 qui
467 2000 576 2072 adhirc
588 2016 694 2088 stant,
712 2004 848 2073 tutiores
864 2003 1002 2073 reddere
1016 1999 1172 2097 cupiam:

130 2135 192 2182 nec
207 2124 246 2182 ut
260 2109 372 2202 plagas
394 2108 557 2179 vulnerati
573 2108 740 2196 refricem,
754 2110 812 2179 sed
831 2124 870 2180 ut
889 2109 1039 2182 nondum
1052 2111 1174 2183 vulue-

131 2235 219 2292 ratos
233 2222 267 2290 iu
285 2220 424 2290 sanitate
442 2242 632 2292 conservem
656 2249 664 2290 :
686 2244 754 2290 non
776 2235 815 2290 ut
833 2223 993 2313 jactatum
1017 2222 1174 2292 fluctibus

132 2329 336 2420 demergam,
351 2327 409 2397 sed
425 2339 464 2394 ut
475 2349 546 2412 eos,
564 2325 623 2418 qui
636 2327 785 2395 secundis
801 2326 886 2394 auris
906 2326 1079 2418 navigant,
1096 2350 1175 2398 eru·

132 2436 239 2523 diam,
265 2457 308 2504 ne
334 2431 420 2503 forta
446 2433 482 2500 in
508 2427 711 2521 profundum
732 2429 934 2501 deferantur.
962 2436 1038 2515 Quo
1064 2447 1201 2504 autem

133 2540 233 2614 modo
253 2541 361 2612 caveri
375 2539 499 2632 possit?
511 2537 673 2610 Nimirum
693 2538 719 2606 si
734 2561 844 2608 rerum
860 2539 1080 2609 humanarum
1099 2564 1176 2610 mu-

133 2648 273 2718 tationes
295 2644 549 2716 consideremus.
569 2645 602 2714 si
623 2645 710 2714 euim
734 2645 794 2714 iste
808 2647 1025 2716 mutationem
1044 2649 1175 2718 timuis-

135 2768 199 2840 set,
218 2777 309 2824 nuuc
324 2776 397 2822 eam
412 2775 481 2824 uon
497 2762 675 2844 pateretur.
700 2749 765 2820 Sed
781 2751 938 2842 quoniam
958 2752 1017 2820 iste
1036 2777 1098 2822 nec
1114 2753 1177 2825 du-

135 2860 275 2932 mestieis
291 2882 353 2930 nec
369 2858 481 2928 alienis
496 2855 637 2926 consiliis
649 2855 767 2946 corrigi
782 2857 901 2948 potuit,
916 2877 973 2925 vos
988 2857 1103 2928 saltem
1118 2861 1184 2953 qui=

136 2967 256 3038 divitiis
272 2946 482 3048 extollimini,
495 2963 592 3054 hujus
609 2959 827 3034 calamitatem
841 2962 877 3032 iu
888 2976 1034 3032 vestrum
1044 2965 1177 3056 prol'ec-
1267 2979 1270 2986 ’

135 3088 206 3144 tum
223 3071 405 3147 convertite
421 3067 528 3138 :nihil
542 3068 631 3138 enim
647 3081 696 3138 est
709 3068 862 3138 humanis
876 3068 975 3140 rebus
991 3069 1174 3143 infirmius:

136 3192 338 3274 quapropter
351 3183 563 3270 quocumque
580 3175 715 3244 nomine
735 3197 847 3244 earum
870 3175 1030 3246 vilitatem
1052 3178 1178 3268 signill-

138 3289 270 3373 caveris,
285 3284 394 3354 minus
407 3283 507 3376 quam
518 3303 580 3373 pro
591 3281 637 3350 rei
649 3281 785 3360 veritate
795 3279 913 3351 dixeris
927 3309 935 3351 :
947 3281 1001 3352 vel
1012 3285 1038 3352 si
1047 3285 1180 3356 furnum

139 3419 201 3482 eas,
218 3393 274 3464 vel
289 3391 430 3475 suenum,
448 3387 502 3458 vel
517 3409 681 3471 somnum,
699 3385 753 3456 vel
767 3386 863 3456 flores
878 3382 1006 3474 vernos,
1021 3388 1180 3482 velquid-

139 3501 220 3572 libet
244 3498 338 3570 aliud
359 3495 577 3568 nominaveris
603 3523 611 3564 :
639 3493 745 3586 usqne
769 3491 852 3562 adeo
877 3505 955 3562 sunt
976 3492 1127 3584 fragiles,
1147 3511 1181 3568 et

141 3609 238 3699 magis
253 3605 349 3678 nihili
369 3607 469 3698 quam
491 3600 578 3672 nihil
594 3601 722 3692 ipsum:
739 3598 831 3693 quod
852 3613 963 3670 autem
986 3623 1055 3672 nou
1073 3601 1181 3673 solum

141 3715 234 3788 nihili
259 3716 341 3799 siut,
362 3711 423 3782 sed
443 3725 477 3780 et
491 3711 526 3778 iu
548 3708 708 3802 praecipiti
731 3721 835 3794 stent,
853 3706 906 3778 vel
928 3707 1006 3776 hinc
1032 3725 1180 3802 apparet.
1298 3727 1301 3734 ·

143 3824 216 3904 Quis
229 3823 295 3892 hoc
315 3820 449 3891 homine
463 3814 526 3886 suit
541 3813 721 3886 excelsior?
735 3837 846 3883 nonne
861 3814 897 3884 in
914 3827 984 3884 toto
999 3815 1080 3886 orhe
1095 3816 1182 3888 divi·
1248 3883 1250 3904 ,

144 3929 193 3998 tiis
221 3925 456 4024 praecellebat?
478 3944 590 3999 nonne
609 3922 652 3992 ad
677 3921 747 4015 ipsa
771 3919 900 4014 fastigia
919 3922 1088 4002 honorum
1102 3949 1183 3998 cou-

281 4053 317 4105 ιι.
760 4091 762 4097 ⁴
1002 4033 1022 4094 8
1262 4025 1271 4044 “
