2982 4584
283 482 346 546 tus
437 496 617 544 sassones
640 495 667 544 s.
693 496 845 556 sarnum,
871 495 947 542 raus
970 499 1015 554 11,
1041 451 1125 540 secr.
1151 498 1176 537 1.

280 617 321 675 tu
334 601 469 694 quoquc
485 623 611 672 annum
626 601 670 668 de
692 623 797 684 anno,
821 621 950 670 menses
968 597 1011 670 de
1031 597 1220 686 mensibus,
1237 600 1325 670 diem

278 707 322 780 de
336 707 391 780 die
401 706 571 794 differem,
584 729 647 779 nec
661 705 775 778 oleum
788 704 921 776 luminis
935 705 1129 778 alimentum
1143 724 1322 800 assumens,

278 818 315 890 in
331 817 422 886 diem
436 816 678 908 inexpectatam
693 813 872 909 aliquandi>
879 813 1016 900 incidas,
1028 812 1107 884 cnm
1113 813 1183 908 jam
1194 811 1325 888 deficiet

279 939 314 996 tc
326 921 461 996 vivendi
474 921 633 1012 facultas,
646 923 775 1017 eritque
790 919 940 1016 nudique
955 920 1125 1011 angustia,
1144 933 1177 992 et
1190 921 1324 994 afflictio

278 1031 517 1126 cujuscumque
531 1029 709 1102 levamenti
731 1052 866 1122 expers,
891 1027 1140 1120 desperantibus
1164 1027 1320 1116 medicis,

279 1137 530 1231 desperantibus
544 1149 578 1209 et
586 1136 799 1230 propinquis3
813 1134 890 1211 crim
901 1135 1019 1206 crebro
1034 1149 1069 1206 et
1078 1136 1165 1208 sicco
1175 1135 1321 1206 anhelitu

279 1266 430 1338 pressus,
446 1243 635 1316 vehementi
649 1240 743 1316 febre
756 1242 901 1316 intereas
915 1257 1024 1336 partes
1038 1242 1264 1315 inflammante
1279 1255 1325 1314 at-

280 1372 348 1443 que
358 1347 592 1436 succendente,
604 1349 794 1440 ingemisces
809 1348 946 1444 quidem
959 1361 1091 1442 pectore
1102 1349 1183 1436 imo,
1194 1347 1252 1422 sed
1266 1350 1326 1442 qui

280 1457 457 1530 condoleat
478 1457 621 1550 reperies
644 1459 823 1549 nemnem,
845 1481 883 1532 ac
906 1458 1052 1552 loqueris
1073 1457 1210 1552 quidem
1224 1471 1327 1530 tenue

281 1563 408 1658 aliquid
418 1577 453 1636 et
464 1562 1079 1666 remissurnmednoneritquiaudiat,
1096 1562 1263 1662 quidquid
1270 1587 1328 1634 au·

280 1685 349 1744 tem
362 1669 521 1764 proferes,
535 1669 629 1744 velut
644 1670 904 1746 deliramentum·
911 1685 1153 1771 contemnetur.
1164 1671 1246 1756 Quis
1253 1669 1328 1742 tium

280 1774 431 1850 conferet
447 1778 637 1870 baptisma?
652 1780 727 1872 quis
742 1779 892 1852 monebit
907 1793 957 1865 te,
971 1801 1086 1871 sopore
1102 1777 1170 1850 alto
1186 1789 1221 1848 et
1237 1780 1329 1870 gravi

281 1908 322 1956 er
337 1884 458 1956 morbo
469 1899 660 1984 correptum
668 1889 683 1956 Ρ
691 1889 836 1960 Moerent
850 1887 1041 1980 propinqui,
1058 1883 1217 1958 morbum
1230 1884 1329 1958 alieni

280 2005 500 2062 contemnunt
517 2020 526 2064 a
543 1992 668 2064 monita
680 1992 773 2084 qriasi
788 1993 1071 2086 perturbationem
1086 1991 1259 2066 afferentia
1273 2016 1329 2066 nc-

281 2097 376 2191 gligit
390 2099 534 2186 amicus,
550 2113 609 2170 aut
623 2097 710 2170 torte
725 2101 823 2174 etiam
843 2100 990 2172 medicus
1005 2100 1144 2194 decipit,
1161 2125 1225 2174 nec
1237 2101 1280 2172 de
1296 2115 1329 2174 te

279 2206 352 2298 ipso
366 2205 518 2300 desperas
530 2206 582 2292 {ob
608 2207 793 2282 naturalem
808 2209 885 2280 vitae
900 2231 1056 2280 amorem.
1073 2211 1153 2281 nox
1176 2223 1248 2296 est,
1266 2233 1329 2284 nec

281 2327 360 2388 sunt
372 2312 532 2388 auxiliarii
548 2313 609 2384 ulli
625 2343 633 2386 :
650 2338 719 2388 non
743 2315 835 2388 adest
854 2306 913 2408 qni
929 2315 1085 2408 baptizet.
1103 2320 1199 2388 astat
1218 2340 1326 2409 mors,

280 2435 400 2512 urgent
419 2424 478 2514 qui
498 2421 679 2492 abducant.
705 2422 829 2516 Ecquis
843 2436 877 2496 te
895 2421 1035 2515 eripiet?
1054 2427 1159 2510 Deus,
1176 2424 1235 2516 qui
1250 2447 1327 2496 con

280 2540 427 2619 temptas
442 2530 513 2598 est?
524 2531 570 2600 Te
584 2527 707 2598 seilicet
722 2528 795 2600 tiam
808 2529 979 2600 exaudiet:
993 2543 1032 2600 tu
1042 2532 1131 2602 enim
1146 2555 1225 2602 eum
1235 2555 1328 2604 nunc

234 2665 238 2670 ·
280 2630 386 2702 audis.
409 2635 551 2723 Tempus
566 2632 770 2723 praefinitum
782 2633 996 2726 prorogabit?
1010 2635 1136 2708 scilicet
1151 2627 1328 2718 datotem·

279 2761 361 2832 pore
375 2737 480 2831 probe
495 2760 574 2808 usus
589 2760 634 2810 es.
1058 2758 1062 2763 ·

325 2843 484 2922 »Nemo
508 2859 543 2916 tc
557 2842 710 2919 redueat
724 2845 894 2922 inanibus
907 2841 1057 2922 vertat
1075 2848 1182 2925 Nam
1203 2874 1328 2944 repen·

279 2956 376 3030 tinus
392 2951 460 3027 tibi
478 2951 678 3024 zinnrinebit
693 2954 895 3043 interitum,
911 2970 945 3026 et
966 2958 1101 3030 exitium
1118 2958 1272 3052 procellae
1285 2961 1328 3030 si-

215 3131 216 3134 ,
277 3059 356 3130 mile
378 3059 494 3130 aderit.
513 3059 632 3128 Veniet
648 3060 794 3152 Angelus
816 3063 934 3146 tristis,
953 3063 1122 3140 abducens
1142 3065 1325 3156 violenter,

277 3166 478 3258 trahensque
491 3165 631 3234 animam
648 3179 739 3240 tuam
760 3171 901 3260 peccatis
916 3173 1081 3259 vinctam,
1099 3175 1217 3246 crebro
1231 3197 1267 3244 se
1283 3174 1328 3248 ad

278 3271 436 3366 quaelibet
447 3273 618 3366 praesentia
632 3275 871 3365 obvertentem,
884 3303 921 3350 ac
937 3281 1006 3352 sine
1018 3304 1098 3354 voce
1114 3294 1324 3373 gementem,

278 3377 411 3450 occluso
423 3381 491 3473 jam
521 3382 704 3472 gemituum
720 3407 758 3456 ac
772 3382 993 3458 lamentorum
1007 3411 1143 3478 organo.
1167 3389 1196 3460 Ο
1222 3389 1347 3482 qulm‘

278 3485 452 3561 dilaniabis
472 3500 506 3558 te
530 3487 617 3579 ipse!
638 3489 807 3584 quantrim·
826 3493 1039 3584 ingemisces!
1061 3495 1125 3566 Sed
1140 3509 1173 3566 te
1188 3509 1326 3566 tuorum

276 3590 489 3664 consiliorum
503 3591 625 3666 frustra
641 3595 837 3687 poenitebit,
859 3597 936 3670 ciam
949 3599 1075 3674 videbis
1086 3601 1164 3680 hinc
1178 3599 1326 3674 hilarita-

276 3701 515 3794 temjustorum
523 3700 565 3774 de
576 3701 876 3793 egregiadonorum
884 3706 1115 3780 distributione
1123 3707 1323 3798 laetantium,
1374 3767 1377 3775 .

222 3853 230 3867 ,
275 3803 367 3876 illlnc
380 3829 557 3878 moerorem
571 3821 803 3900 pcccatorum,
817 3812 875 3908 qui
890 3811 926 3884 in
941 3812 1102 3886 altissimis
1118 3813 1263 3888 tenebris
1273 3819 1324 3910 ja·

264 3912 511 3999 ·cebnut.‘Quae
524 3929 605 3986 tunc
622 3913 771 3990 dicturus
785 3941 820 3990 cs
842 3919 878 3990 in
893 3919 1008 3994 dolore
1029 3921 1138 3996 cordis
1159 3923 1232 3994 tui?
1246 3923 1323 3997 'Hei

310 4051 318 4080 ¹
334 4039 419 4107 prer.
434 4058 459 4104 r,
471 4043 497 4096 6.
513 4053 568 4084 -2
584 4042 688 4098 r‘llress.
702 4061 728 4111 r,
740 4045 764 4098 3.
