2996 4598
296 410 337 473 98
439 423 619 473 ususoams
642 425 670 471 s.
696 411 851 488 ussurus,
877 421 953 472 ssns
976 427 1023 489 11,
1048 421 1132 472 sucu.
1161 432 1185 470 1.

286 528 365 597 solis
379 526 526 618 fulgore,
542 528 652 595 statim
662 524 859 620 occultatur,
871 545 932 594 nec
944 525 1155 616 conspicitur.
1167 527 1247 594 Haec
1258 527 1337 597 vero

288 633 382 703 stella
396 631 578 724 splendoris
591 632 689 701 snivi
709 632 808 699 etiam
828 629 903 700 solis
918 631 1027 699 radios
1046 630 1222 722 splendore
1240 655 1337 724 supe·

283 741 392 824 rabat,
403 741 609 832 majoresque
619 737 789 805 emittebat
798 733 917 805 radios.
936 737 1045 804 Tertio
1060 737 1231 827 probatur,
1243 737 1338 831 qudd

278 871 318 916 ea
334 843 437 914 modo
447 844 557 914 lucem
572 833 747 928 emitteret,
760 844 860 912 modo
869 856 1010 912 cessaret
1021 871 1028 910 :
1040 846 1116 911 niam
1128 844 1337 912 venientibus

277 953 312 1021 in
325 951 652 1038 Palaestinamluxit3
667 952 842 1041 postquam
859 963 971 1018 autem
984 948 1223 1040 lerosolymam
1236 949 1338 1020 adae*

277 1071 412 1142 nerant,
430 1081 498 1126 sese
514 1057 691 1126 occultavit
705 1085 712 1124 :
724 1055 845 1124 deinde
863 1054 995 1126 Herode
1007 1055 1141 1142 relicto,
1159 1058 1337 1150 postquam

277 1163 375 1233 illum
391 1163 433 1232 de
451 1164 548 1232 causti
556 1161 682 1240 itineris
696 1163 870 1230 certiorem
882 1160 1028 1232 fecerant
1039 1215 1048 1247 ,
1059 1163 1123 1232 iter
1135 1164 1335 1255 suscepturis

278 1269 453 1362 apparuit:
472 1267 563 1362 quod
578 1270 667 1337 certe
687 1293 755 1338 non
771 1268 875 1338 stellae
889 1269 995 1339 motui
1006 1270 1177 1362 competit,
1192 1269 1250 1339 sed
1266 1271 1337 1340 vir-

283 1376 348 1445 tuti
359 1372 753 1466 intelligentilpraeditae.
773 1378 887 1468 Neque
903 1375 992 1442 enim
1005 1374 1173 1467 proprium
1184 1375 1245 1444 sibi
1252 1393 1337 1461 ,our-

285 1505 359 1551 sum
378 1480 552 1568 habebat3
577 1478 635 1548 sed
661 1480 721 1548 ubi
736 1478 942 1572 pergendum
964 1495 1053 1565 erat,
1074 1479 1130 1548 illa
1155 1480 1336 1572 pergebat,

289 1588 347 1657 ubi
373 1587 549 1669 standum,
570 1585 695 1669 stabat,
713 1583 897 1654 secundum
921 1585 1202 1678 opportunitatem
1228 1587 1338 1656 omnis

290 1692 503 1783 dispensans,
517 1691 602 1759 sicut
617 1689 771 1760 columna
786 1688 842 1758 illa
866 1690 963 1760 nubis
988 1715 1064 1783 quse
1079 1690 1203 1760 tudaeis
1227 1712 1340 1761 mons·

290 1799 419 1884 trabat,
433 1796 570 1890 quando
586 1810 692 1866 castra
704 1818 847 1880 movere,
860 1795 995 1889 quando
1010 1797 1122 1866 sistere
1134 1802 1335 1890 oporteret&

289 1908 431 1990 Quarti),
450 1905 492 1973 ab
508 1905 579 1996 ipso
591 1903 724 1972 lucendi
731 1903 833 1972 modo
848 1901 884 1972 id
895 1902 982 1972 clare
1001 1900 1137 1972 discitur
1151 1905 1338 1974 :nonenim

288 2013 324 2081 in
340 2013 407 2082 alto
423 2011 510 2081 coelo
518 2011 696 2080 constituta
704 2031 834 2105 ,neque
845 2009 934 2078 enim
950 2009 1277 2101 poterantillomodo
1287 2013 1339 2080 di-

289 2115 827 2209 rigi,sedinfernedemissalocum
836 2117 1339 2187 monstrabat.Nostisenimnon

292 2249 386 2319 posse
403 2224 647 2294 stellamlocum
661 2224 707 2292 ita
722 2242 862 2314 parvum
874 2235 1072 2308 monstrare,
1093 2223 1152 2316 qui
1168 2225 1338 2315 tugurium

294 2331 499 2418 contineret,
514 2330 582 2398 imo
591 2327 702 2398 locum
715 2327 772 2422 qui
786 2349 904 2420 corpus
913 2326 1069 2398 infantuli
1081 2343 1337 2420 caperepossetg

293 2442 369 2535 quia
383 2439 472 2507 enim
486 2437 644 2506 immensa
657 2451 727 2506 erat
742 2435 903 2521 altitudo,
922 2459 989 2505 non
1004 2449 1135 2528 poterat
1153 2436 1247 2506 stella
1269 2441 1338 2507 tam

294 2559 471 2636 angustum
485 2543 597 2612 locum
611 2543 756 2610 indicare
776 2541 964 2612 volentibus
980 2543 1131 2612 invisere.
1151 2542 1240 2612 lllud
1261 2547 1340 2613 vero

297 2675 336 2721 ex
351 2651 420 2743 ipset
434 2649 514 2716 lunt
535 2647 780 2740 deprehendere
802 2662 873 2718 est:
897 2669 973 2742 quae
997 2648 1074 2718 eum
1088 2648 1198 2720 stellas
1225 2673 1360 2720 omnes-

297 2757 425 2830 tantrim
443 2771 589 2850 superet,
607 2757 764 2826 universis
776 2758 891 2826 orbem
901 2755 1138 2844 incolentibus,
1156 2759 1236 2827 etin
1249 2760 1342 2826 tants

299 2881 394 2938 terrae
418 2863 593 2934 latitudine
614 2863 763 2946 diffusis,
789 2863 896 2932 vicina
917 2885 985 2932 esse
1007 2863 1149 2934 videtur.
1165 2863 1342 2948 Quomodd

300 2977 419 3067 igitur,
437 2995 569 3066 quaeso,
594 2969 706 3038 locum
729 2971 775 3037 ita
800 2983 976 3059 angustum
1002 2973 1155 3064 prsesepis
1170 2986 1203 3041 ct
1219 2972 1343 3062 tugurii

300 3081 392 3152 stella
408 3077 611 3160 ostendisset,
628 3075 702 3160 nisi,
720 3071 832 3143 relictl
847 3074 903 3143 ille
915 3076 1119 3164 celsitudine,
1133 3078 1175 3146 sd
1187 3077 1343 3148 inferiora

300 3185 537 3266 descendisset,
555 3193 588 3250 et
603 3183 699 3273 supra
715 3195 814 3272 capot
828 3182 937 3273 ipsum
952 3185 1046 3275 pueri
1062 3185 1227 3254 stetisset?
1244 3183 1343 3267 Quod

300 3291 512 3364 subindicans
532 3287 738 3378 Evangelista
765 3287 897 3358 dicebat
922 3319 929 3358 :
950 3276 1175 3360 Eccestelto
1193 3307 1343 3361 antece-

240 3444 244 3453 ι
301 3397 413 3470 debat
428 3419 504 3483 eos,
521 3393 732 3486 usquedum
747 3395 893 3466 veniens
908 3409 1026 3466 stanes
1048 3396 1159 3491 suprd
1173 3396 1237 3468 ttbr'
1260 3411 1342 3468 emt

298 3511 419 3600 poert.
438 3502 596 3572 Vides-ne
624 3515 706 3594 quot
732 3503 933 3593 argumentis
961 3500 1123 3597 probatur
1145 3507 1232 3575 hanc
1261 3505 1342 3576 stel-
1372 3492 1376 3499 x

252 3658 255 3664 -
298 3614 364 3682 lam
375 3633 444 3680 non
458 3607 557 3677 fuisse
573 3631 611 3676 ex
629 3625 768 3675 numero
780 3609 916 3678 aliarum
936 3637 944 3678 ι
959 3633 1068 3703 neque
1087 3612 1272 3682 secundnm
1289 3631 1342 3680 se.

297 3721 378 3790 riem
395 3714 536 3786 exterum
550 3713 637 3784 illius
655 3715 779 3806 genesis
794 3717 1008 3809 apparuisse?

228 3831 233 3839 '
342 3830 441 3897 »Cur
458 3825 537 3914 ergo
559 3823 711 3914 appamit
729 3825 744 3887 t
769 3837 808 3892 ut
830 3824 1024 3894 ludaeorum
1047 3827 1274 3918 stapfdit'atem
1294 3829 1343 3896 in·

332 3965 339 3991 ¹
355 3953 429 4004 Exod.
446 3955 502 4015 stu,
516 3958 541 4000 et
553 3951 625 4000 Num
639 3966 671 3998 rx.
689 3973 720 3984 -
735 3949 845 4000 ¹lllatth,
860 3965 886 4014 u,
899 3967 925 4017 9.
