2996 4598
276 557 377 604 curor
399 555 431 604 r.
457 555 499 604 un
522 555 601 604 uoco
623 557 830 602 coucrorrroos
851 555 1039 604 ossrrrrtro.
1136 544 1178 604 83

189 657 239 725 Er
251 655 426 750 episcopali
434 656 591 728 cathedra
602 655 691 724 carta
698 654 898 745 praedicabat
909 658 1181 746 chrysostomus,

145 783 244 854 quam
258 783 372 834 omnes
387 776 523 832 namant
534 762 706 853 scriptores
720 760 762 826 ab
772 757 867 827 exilio
877 760 1029 829 reducem
1039 764 1057 829 ὲ
1066 764 1185 834 throno

145 886 205 938 suo
224 871 326 952 rurba
348 869 478 956 decissa,
497 883 536 939 ut
561 867 722 938 hcuuctis
744 864 886 934 refertur
906 866 1077 938 historicis.
1105 871 1187 939 Satis

145 977 322 1046 habeamus
333 978 505 1048 biennum
516 997 577 1070 pro
590 971 866 1072 multisallegare3
883 974 955 1044 haec
967 973 1056 1068 apud
1073 977 1188 1046 Socra-

145 1097 210 1154 tero
222 1085 402 1176 legumur:
420 1113 436 1152 a
443 1083 626 1155 Multitudo
640 1080 749 1175 prodit
760 1080 1051 1172 iiliobvihm3cum
1060 1086 1189 1154 summd

144 1194 326 1268 reverentia
342 1195 432 1262 recta
445 1190 488 1260 ad
501 1189 667 1260 ecelesiam
679 1187 814 1258 deducit
824 1220 833 1280 3
845 1202 916 1258 orat
930 1203 970 1259 ut
984 1189 1095 1260 sedem
1107 1193 1188 1285 epis-

144 1299 294 1391 copalem
310 1309 472 1389 capessat,
489 1313 645 1389 moreque
661 1309 821 1366 consueto
836 1315 950 1388 pacem
967 1297 1092 1390 populo
1110 1321 1188 1390 prc-

143 1419 252 1474 cetur.
264 1404 354 1475 Cum
363 1403 418 1473 ille
427 1417 607 1489 recusaret,
624 1402 815 1496 diceretque
824 1403 887 1476 hoc
902 1405 1055 1474 conante
1066 1404 1190 1476 facien-

143 1510 230 1586 dum
250 1528 318 1580 osse
333 1509 514 1602 quamtum
531 1530 631 1579 causa
651 1514 720 1598 ejus
738 1509 863 1604 judicio
884 1525 967 1580 esset
991 1509 1185 1604 disceptata,

143 1616 219 1690 sirm
243 1616 280 1684 hi
294 1605 353 1708 qui
372 1615 480 1706 ipsum
493 1613 914 1701 condemnandumque
932 1619 1110 1705 sententia,
1135 1620 1190 1688 ab·

143 1722 324 1806 solverent,
351 1723 494 1816 populus
513 1724 616 1813 magis
639 1722 772 1794 incendi
787 1725 1012 1816 coepit31anta
1030 1727 1191 1819 cupiditas

145 1850 223 1898 suan
251 1824 332 1898 cium
355 1830 390 1897 in
411 1827 489 1900 sede
509 1829 710 1899 edtoeatrm
728 1829 882 1915 ridendi,
909 1831 982 1899 tium
1003 1830 1047 1900 de
1065 1831 1194 1924 integro

147 1933 304 2004 audiendi
325 1934 417 2004 illam
438 1936 625 2021 incesserat.
649 1937 765 2029 Itaqub
781 1933 895 2027 populi
914 1936 1061 2028 impulsu
1077 1961 1127 2006 res
1148 1939 1194 2008 sic

147 2040 297 2114 confecta
313 2056 373 2110 est.
398 2046 485 2113 Cium
500 2056 583 2112 esset
597 2042 635 2110 in
653 2041 731 2111 sade
743 2041 922 2135 episcopali
942 2043 1068 2114 locatus
1078 2051 1139 2130 ,'et
1153 2045 1195 2116 de

148 2173 238 2218 more
254 2171 367 2242 pacem
383 2147 508 2241 populo
521 2163 673 2241 precatus
687 2145 819 2236 fuisset,
838 2163 970 2219 coactus
985 2151 1192 2238 necessitate,

147 2257 243 2325 etiam
268 2255 483 2326 concionatus
497 2257 585 2322 esth
599 2279 615 2316 u
631 2251 811 2322 —Eadem
843 2255 975 2348 prorsuis
1003 2259 1023 2325 h
1053 2259 1195 2348 Georgio

148 2360 370 2432 Alexandrino
380 2363 405 2446 ²,
422 2362 443 2428 h
458 2357 652 2430 cassiodoro
661 2359 688 2446 ³,
702 2372 735 2427 at
749 2358 956 2452 Nicephoro⁴
969 2361 1071 2432 relata
1086 2361 1195 2454 legere

148 2465 258 2537 duur.
275 2471 344 2538 Nec
356 2464 469 2536 eredas
484 2461 568 2534 illud
581 2464 801 2556 peraccidens
812 2464 996 2558 quoddam,
1011 2481 1044 2537 et
1056 2491 1127 2538 non
1137 2491 1196 2562 per

148 2585 343 2645 consumtum
359 2590 485 2642 rnorem
497 2569 667 2659 accrdisse,
682 2572 759 2642 cuim
771 2570 823 2640 itti
838 2569 950 2643 dicant
961 2575 1122 2668 populum
1133 2571 1195 2648 fla-

149 2700 242 2775 grare
256 2680 446 2774 cupiditate
463 2678 619 2749 audiendi
639 2697 717 2748 eum
734 2701 803 2770 pro
826 2703 925 2750 more
944 2681 1135 2779 docentem,
1161 2696 1195 2756 et

148 2789 303 2874 manime,
321 2786 403 2855 diurn
415 2785 561 2855 secundo
577 2783 755 2875 pelleretur
766 2785 801 2853 in
816 2781 970 2872 exilium,
986 2786 1059 2858 haec
1073 2787 1195 2860 iterum
1231 2797 1235 2806 “

148 2895 191 2964 de
204 2893 264 2964 iilo
278 2905 456 2963 narrentur
474 2920 482 2960 ε
503 2895 612 2960 «Post
633 2887 817 2960 ineffabiles
839 2887 911 2961 iiius
932 2893 1102 2981 tenebras,
1125 2897 1192 2963 im-

149 3021 362 3094 mensamque
375 2991 549 3090 caliginem
558 2990 619 3087 (ob
630 2997 903 3087 chrysostomum
916 2997 954 3067 in
969 2999 1102 3070 exilium
1116 2997 1194 3094 pub..

148 3116 247 3201 sum),
268 3109 403 3179 flamma
428 3105 470 3175 de
493 3097 602 3174 medio
619 3105 755 3191 throno,
775 3107 813 3174 in
835 3129 903 3200 quo
922 3107 1064 3178 bannus
1082 3109 1194 3181 sedere

148 3228 380 3300 concreverat,
391 3225 427 3282 ct
437 3212 662 3284 voluti-rnedio
677 3213 713 3282 in
729 3233 866 3304 corpore
877 3215 1022 3306 positum
1038 3239 1106 3304 cor,
1124 3219 1194 3290 elo-
1283 3302 1285 3306 v

148 3326 225 3418 quia
236 3322 370 3394 Domini
384 3320 509 3390 caeteris
522 3319 677 3389 membris
689 3341 865 3411 exponere,
875 3324 1008 3412 repente
1024 3325 1193 3415 prosiliens

147 3433 240 3504 verbi
261 3431 326 3501 Dei
340 3429 514 3499 doctorem
532 3426 738 3520 requirebat,
761 3447 862 3545 quem
883 3427 941 3499 ubi
962 3453 1031 3499 non
1047 3428 1191 3519 invenit,

148 3522 261 3608 sedem
275 3551 383 3606 totam
392 3533 643 3626 depascebatur,
666 3555 703 3602 ac
723 3533 863 3625 speciem
887 3533 1009 3605 arboris
1022 3537 1193 3682 profereus

146 3642 192 3716 ad
206 3659 334 3718 tectum
348 3643 454 3736 usque
469 3639 655 3710 servabat.
671 3667 688 3705 u

195 3757 243 3822 Ea
260 3750 369 3820 aitaris
384 3759 494 3818 autem
509 3743 665 3838 gradibus
684 3743 876 3883 praedichsse
888 3742 1069 3840 aliquando
1080 3750 1195 3822 Caesa-

189 3930 307 3979 ¹Socrat.
327 3925 392 3976 Hist
416 3921 506 3974 eccles.
517 3920 562 3972 lib.
575 3938 601 3972 rr
609 3937 683 3988 ,cap
704 3877 791 3970 rd-
806 3923 917 3994 ’.θεοῖς
932 3922 1073 3976 hlexuud.¹
1066 3939 1091 3974 ru
1107 3923 1190 4003 Chrys.

150 4011 220 4078 tiu,
234 4028 289 4078 cap.
304 4007 345 4078 49.
373 4005 418 4047 -5
432 4005 538 4062 casiod
547 4007 610 4060 nist.
621 4005 729 4074 Tripart.
739 4003 783 4058 lib.
796 4020 822 4069 x,
831 4021 887 4074 cop.
899 4003 942 4072 34.
950 4003 1005 4055 -i
1017 4005 1118 4081 Niceph.
1128 4011 1191 4064 flios,

151 4098 242 4151 eccles.
256 4095 298 4148 lib.
313 4109 365 4160 xm,
378 4109 434 4161 cap.
452 4091 492 4146 16.
505 4088 560 4132 -5
573 4091 662 4144 Pallad.
676 4089 766 4157 Dialog.
776 4104 832 4159 cap.
850 4089 876 4143 8.

1059 4179 1089 4238 6.
