2982 4584
278 426 344 490 tn
426 437 605 488 ansroartt
628 438 655 487 s.
681 439 835 503 raanan,
860 439 937 488 atas
959 445 1011 505 ιι,Ι
1036 441 1120 490 saur.
1147 441 1171 488 1.
1213 487 1215 495 ,

278 544 406 616 tantam
424 543 466 612 ab
481 527 701 612 eo'iniormati
715 555 749 611 et
763 541 923 635 impressi,
935 557 1024 612 utex
1040 543 1111 636 ipso
1127 541 1197 614 solo
1209 565 1320 635 agnos·

192 678 201 684 ’
277 673 402 720 (33111111.

325 787 339 820 a
355 747 469 849 Atque
480 756 606 823 utinam
623 753 757 846 quidem
774 753 875 836 simus
890 751 981 846 quod
997 757 1187 845 speramus,
1204 746 1335 825 secun--

277 863 358 957 dtim
380 881 530 954 magnam
548 862 695 931 munifici
717 862 776 930 Dei
793 861 1051 952 benignitatem
1073 862 1131 954 qui
1148 884 1248 954 parva
1264 886 1323 954 pe-

277 985 372 1054 tenS,
391 993 528 1036 maxima
550 969 606 1052 iis,
624 969 682 1061 qui
698 969 824 1037 sincero
841 969 941 1036 animi
959 967 1081 1036 affectu
1097 991 1173 1035 eram
1191 982 1319 1056 amant,
1345 977 1351 985 “

278 1087 311 1144 et
327 1096 417 1144 nunc
431 1087 465 1142 et
479 1074 514 1142 in
528 1071 641 1142 futuro
657 1097 728 1142 aevo
742 1072 880 1163 largitur
892 1103 902 1160 3
920 1095 980 1163 pro
994 1069 1105 1142 nostra
1118 1075 1199 1165 ¹engi
1213 1074 1322 1166 ipsum

277 1183 436 1252 charitate
450 1195 485 1248 et
500 1205 570 1272 spe,
585 1178 719 1252 Omnia
724 1179 904 1276 ferentes,
923 1181 1047 1249 omnia
1062 1181 1278 1250 sustinentes
1288 1185 1299 1222 ¹
1306 1213 1324 1270 ,-

278 1303 412 1382 propter
424 1289 554 1372 omnia,
571 1289 639 1356 tam
655 1287 790 1373 dextra,
809 1289 908 1380 quarn
924 1287 1075 1373 sinistra,
1086 1288 1151 1356 hoe
1166 1301 1231 1369 est,
1253 1283 1324 1356 tam

277 1394 372 1477 laeta,
389 1395 488 1487 quiam
505 1393 630 1478 tristia,
645 1393 763 1484 gratias
777 1407 923 1484 agentes
939 1393 1236 1486 (quandoquidem
1253 1395 1340 1462 haec'

263 1501 413 1594 rquoque
434 1500 579 1592 persaepe
603 1499 714 1568 salutis
739 1523 828 1568 arma
844 1523 912 1568 esse
932 1501 1069 1568 verbum
1093 1501 1186 1570 novit
1198 1551 1207 1586 ‚
1219 1505 1233 1588 )
1247 1524 1325 1570 nos·

279 1623 357 1692 tras,
375 1621 408 1675 et
426 1631 552 1691 eorum,
567 1608 810 1700 qui-tanquam
826 1607 861 1674 in
876 1609 1044 1676 communi
1058 1608 1121 1690 vid,
1134 1609 1323 1698 paratiores,

280 1715 323 1785 ad
346 1714 525 1805 hospitium
547 1713 636 1806 priris
661 1713 901 1806 pervenerunt,
927 1714 1051 1782 animas
1078 1715 1138 1806 ipsi
1154 1737 1324 1784 commen-

280 1821 406 1890 dantes.
426 1823 500 1902 Quo
515 1819 649 1912 quidem
667 1817 776 1890 officio
789 1843 847 1889 nos
864 1819 990 1904 suncti,
1007 1821 1106 1888 finem
1118 1819 1270 1904 dicendi,
1284 1833 1322 1888 ut

171 1987 175 1993 .
280 1941 314 1997 et
335 1951 392 1996 vos
411 1927 546 2020 quoque
561 1926 786 2015 lacrymandi,
804 1926 978 2011 faciemus,
993 1928 1060 2020 jam
1075 1928 1116 1995 ad
1138 1926 1335 2019 sepulcrum-

177 2104 185 2111 ,
280 2047 424 2104 vestrum
445 2047 669 2124 properantes,
691 2025 898 2125 quod'solum
914 2059 951 2104 ac
967 2035 1058 2104 triste
1070 2033 1197 2104 donum
1212 2037 1324 2103 eaesa-

281 2140 348 2208 rius
363 2139 487 2207 duobis
499 2137 611 2217 habet,
630 2138 820 2230 parentibus
835 2139 1013 2231 quidemn
1028 2141 1192 2210 senectuti·
1204 2163 1327 2232 oppor-

281 2244 362 2320 tune
386 2257 552 2335 paratum,
580 2243 650 2314 filio
677 2258 789 2313 autem
815 2268 853 2314 ac
873 2229 1010 2336 juvenili
1027 2246 1116 2314 aetati
1141 2246 1323 2332 donatum,

272 2351 479 2444 praepostere
495 2350 648 2444 quidem,
673 2366 706 2420 at
722 2375 791 2422 non
811 2346 952 2422 'absurda
968 2351 1057 2443 apud
1072 2375 1170 2436 enm,
1189 2353 1248 2444 qui
1276 2373 1326 2422 res

282 2471 407 2528 nostras
433 2457 648 2526 administrat.
672 2458 701 2524 0
721 2456 868 2525 omnium
891 2458 1049 2541 Domine,
1068 2472 1101 2527 et
1116 2457 1272 2552 effector,
1288 2481 1326 2528 ac

282 2562 447 2654 praecipue
468 2563 566 2652 hujus
585 2562 754 2650 figmenti!
778 2563 800 2632 ὂ
822 2566 924 2647 Deus,
950 2575 1084 2633 tuorum
1101 2552 1276 2633 hominurn
1293 2577 1327 2633 et

282 2681 396 2760 pater,
414 2691 452 2736 ac
464 2667 684 2756 gubernator!
704 2668 815 2738 dvitae
826 2665 863 2736 et¹
873 2669 986 2738 mortis
1002 2669 1145 2749 arbiter!
1164 2671 1328 2740 dnostra·

282 2797 356 2842 rum
365 2775 548 2842 animarum
557 2789 664 2844 custos
677 2789 709 2844 et
718 2773 908 2844 benefactor
920 2775 927 2843 1
943 2774 1324 2871 Oqur'omnt'ufacis¹,

282 2893 315 2948 ct
331 2881 522 2970 tempestive
537 2933 547 2956 ,
565 2895 684 2973 atque,
699 2893 737 2948 ut
754 2882 823 2973 ipse
837 2905 898 2972 pro
912 2882 1081 2972 sapientiae
1093 2895 1160 2950 tuae
1172 2893 1206 2952 'et
1218 2883 1326 2952 admi·

281 2983 481 3054 nistrationis
498 2985 672 3054 altitudine
697 2987 802 3070 nosti,
828 2987 952 3056 artifice
967 2989 1078 3058 Verbo
1102 3002 1323 3074 transmutas,

198 3134 199 3137 =
283 3115 373 3160 nunc
382 3090 516 3182 quidem
529 3092 720 3174 Caesarium,
732 3091 889 3166 discessis
902 3096 1004 3164 nostri
1014 3097 1185 3188 primitias,
1197 3119 1324 3188 quaeso,

276 3197 420 3287 suscipe.
443 3196 542 3277 Qudd
568 3197 594 3266 si
618 3211 818 3288 postremum
836 3213 933 3286 natu,
950 3201 1093 3292 primurn
1109 3202 1173 3279 tuis
1190 3201 1328 3272 rationi-

277 3301 365 3387 bus,
391 3302 513 3396 qnibus
539 3305 649 3374 omnia
670 3319 850 3396 reguntur,
871 3305 1018 3398 cedimus
1040 3331 1126 3378 :nos
1148 3309 1228 3378 verd
1249 3323 1327 3401 post

192 3480 204 3503 ,
278 3411 412 3504 quoque
434 3426 621 3502 opportuno
641 3427 788 3505 tempore
808 3415 955 3506 suscipe,
979 3413 1093 3486 tandit
1108 3417 1326 3486 carnevitam

278 3531 422 3586 nostram
440 3517 642 3602 moderatus,
661 3517 809 3610 quandiu
824 3519 1035 3610 conducibile
1046 3519 1167 3591 fuerit:
1186 3533 1219 3589 et
1242 3521 1325 3614 qui-

279 3621 356 3692 dcm
371 3624 497 3715 suscipe
510 3624 578 3708 ‚ob
598 3637 724 3692 metam
739 3639 857 3710 tuum,
875 3625 1041 3708 Paratos
1057 3641 1093 3696 et
1107 3650 1181 3698 non
1194 3624 1326 3696 turba-

239 3815 242 3819 ·
281 3731 369 3812 tos21,
388 3751 496 3820 neque
514 3731 549 3795 in
566 3728 779 3818 extremo-die
794 3731 884 3822 terga
899 3746 1083 3818 vertentes,
1108 3748 1208 3826 atque
1219 3733 1326 3802 invito

228 3879 233 3886 ι
280 3834 410 3918 animo,
437 3831 720 3926 quemadmoditm
745 3836 852 3906 solent
864 3837 931 3928 qui
956 3838 1084 3911 mundo
1099 3853 1133 3911 et
1154 3839 1248 3910 carni
1263 3839 1327 3909 ad-

317 3969 332 4037 ¹1
346 3963 427 4010 Amos.
446 3975 470 4025 v,
484 3963 509 4011 8.
527 3983 558 3998 ·-
573 3971 584 3998 ²
597 3959 658 4036 Psal,
671 3977 754 4027 oraru,
768 3965 809 4018 60.
