2982 4584
246 439 470 488 susurratur
491 439 648 484 urruono
671 437 706 482 ιιι
728 435 936 482 ιοιιιιοιιιιιιι
959 433 1126 482 ιιιιιιιιι.
1154 421 1215 480 511
1283 442 1291 454 ·

180 543 410 633 semetipsum
416 591 430 627 ,
455 551 495 610 ut
514 537 640 607 indicet
655 555 734 605 eum
749 533 935 604 voluntarib
951 536 1133 626 passionem
1148 557 1221 604 sus-

181 648 319 743 cepisse,
335 661 369 717 et
383 669 451 717 non
471 643 687 727 necessitate,
712 663 821 733 neque
835 640 888 726 vi,
906 639 964 710 sed
976 640 1142 712 volentem
1159 662 1222 712 ιιι·

180 753 392 848 pienusmque
406 751 508 823 totius
528 745 666 816 nummi
681 745 809 838 generis
827 744 966 814 salutem
984 745 1129 838 operari,
1146 763 1224 817 etu-

84 866 89 874 ¹
182 883 254 931 uem
268 858 469 930 sustinuisse·
484 851 624 936 Qualem
638 853 739 944 igitur
752 850 895 922 ιιιιιιιιι
909 871 1055 922 amorem
1070 853 1224 922 exhibere

182 967 385 1058 poterimus,
404 962 475 1030 tam
488 957 627 1030 divitem
647 960 725 1050 ergit
736 979 797 1028 nos
811 958 1005 1028 charitatem
1021 957 1226 1029 declarasti?

179 1071 317 1142 Etiamsi
332 1069 477 1140 animam
493 1065 597 1158 ipsum
620 1062 847 1157 impendamus
865 1085 927 1156 pro
942 1065 1012 1156 ejus
1025 1063 1173 1154 legibus,
1192 1079 1226 1136 et

180 1199 243 1269 pro
263 1173 492 1245 observatione
512 1169 765 1256 mundatorum,
788 1193 864 1264 ques
881 1167 924 1238 ib
943 1170 1015 1262 ipso
1031 1171 1224 1258 sontum,

180 1299 291 1376 neque
313 1281 361 1352 sic
388 1280 432 1350 ad
455 1279 621 1350 charitatis
649 1272 786 1348 modum
813 1277 1000 1370 pertingere
1021 1279 1225 1371 poterimus,

181 1387 370 1483 quamer'gb
385 1397 536 1456 nostrum
549 1383 727 1470 declararit
739 1403 853 1476 genus.
866 1387 939 1476 Ipse
952 1384 1228 1456 enimsseusuirm

183 1501 286 1583 essm,
304 1518 365 1588 pro
379 1493 569 1565 bominibus
583 1493 648 1563 hoe
659 1491 783 1578 subiit,
802 1503 836 1561 et
850 1493 1011 1562 Dominus
1025 1512 1087 1584 pro
1108 1496 1227 1585 seruis,

185 1621 224 1674 ιιι
238 1627 308 1676 non
320 1627 381 1696 pro
397 1603 497 1674 serris
510 1599 714 1694 sinpliciter,
723 1597 782 1670 sed
793 1619 854 1692 pro
869 1599 1005 1691 ingratis
1020 1613 1056 1668 et
1064 1601 1229 1695 perpetuis

185 1711 335 1781 inimicis.
348 1714 401 1781 -Et
415 1711 484 1804 ipse
498 1711 588 1803 prior
606 1709 643 1776 in
664 1707 832 1797 indignos,
851 1721 885 1777 et
899 1705 1017 1776 millies
1029 1707 1139 1801 lapsos
1161 1723 1229 1780 tan·

186 1829 254 1886 ιιιιιι
267 1817 411 1888 contulit
421 1814 696 1902 beneficentiam·
713 1835 774 1883 nos
786 1826 917 1898 autem,
929 1813 1056 1884 etiamsi
1072 1815 1231 1886 feminus
1254 1883 1258 1892 ,

185 1943 406 2016 quantoque
428 1921 628 2014 poterimus,
655 1918 739 1989 nihil
754 1936 912 2012 magnum
929 1918 1108 2008 sociemus,
1126 1924 1229 2010 utsi,
1346 1983 1349 1990 .

186 2027 246 2120 qui
264 2041 325 2100 not
339 2027 439 2098 tantis
462 2025 631 2135 benefieiis
655 2025 836 2118 prevenit,
854 2023 981 2120 aliquid
998 1973 1231 2121 rependemus

187 2137 305 2205 Nostra
329 2135 436 2221 enim,
452 2135 481 2204 si
506 2157 574 2228 quu
587 2148 794 2228 sequnntur,
812 2134 987 2204 retributio
1002 2134 1138 2228 quidem
1155 2150 1234 2207 sunt

188 2253 223 2309 et
233 2238 401 2330 debitum,
417 2185 507 2309 illius
521 2251 633 2310 autern
644 2251 723 2309 sunt
737 2241 840 2329 gratia
852 2253 885 2310 et
899 2240 1071 2327 beneficia,
1085 2242 1234 2334 largitio·

188 2347 307 2440 nisque
325 2347 531 2438 magnitudo.
552 2347 664 2416 flaec
655 2347 757 2439 igitur
772 2347 883 2418 omnia
901 2349 1097 2440 cogitantes,
1116 2349 1234 2443 diligu-

188 2475 263 2526 mus
282 2455 472 2544 Christum,
490 2456 575 2526 sicut
599 2451 721 2539 Paulus
744 2456 854 2548 ipsum
877 2454 1012 2543 dilexit,
1040 2453 1235 2555 nullamque

190 2562 402 2653 presentium
410 2563 572 2656 rationem
583 2561 777 2650 habeamus,
790 2562 848 2632 sed
856 2577 1053 2656 perpetuum
1063 2567 1236 2661 ejusamo-

191 2685 262 2736 rem
284 2665 321 2735 in
340 2667 448 2734 animi
471 2669 583 2737 nostrai
602 2671 737 2735 firmum
763 2685 797 2736 et
818 2671 970 2739 stabilem
991 2695 1169 2745 servemus.
1188 2680 1236 2748 ut

177 2769 282 2843 enim
296 2787 331 2842 et
345 2773 478 2859 omnir,
498 2795 577 2866 quse
601 2773 638 2841 in
652 2773 714 2842 bic
733 2773 801 2844 viti
815 2789 914 2862 suut,
940 2776 1184 2868 deridebimus,
1203 2797 1237 2852 et

193 2896 316 2952 terram
336 2881 431 2974 quasi
449 2879 573 2951 eoelum
590 2879 866 2970 inhabitabimus,
891 2901 1001 2978 neque
1015 2907 1055 2956 ex
1075 2888 1238 2980 prosperis

195 2987 294 3084 robus
309 2987 508 3058 remissiores
528 2987 665 3075 erimus,
688 2993 798 3082 neque
813 3009 852 3059 ιι
867 2989 1010 3062 adversis
1028 2995 1238 3066 contristabi-

194 3117 286 3180 mur,
296 3093 518 3164 sedomnibus
532 3095 724 3187 praeteritis,
734 3091 778 3165 ad
786 3095 962 3168 amabilem
975 3101 1154 3171 Dominum
1163 3119 1239 3174 nos·

195 3215 285 3272 trum
309 3200 389 3269 bine
404 3199 631 3272 festinabimus
643 3221 780 3294 ,neque
795 3201 987 3274 dilutionem
1007 3210 1166 3300 gravatim
1193 3209 1241 3280 fe·
1308 3277 1319 3286 .

196 3328 318 3395 remus,
335 3307 393 3377 sed
409 3328 499 3384 nune
514 3323 548 3378 et
561 3323 623 3378 nos
638 3309 722 3377 sient
736 3313 857 3378 Beatus
871 3309 928 3379 ilie
940 3309 1109 3385 dicemus.
1101 3309 1245 3414 Qudd
1267 3369 1269 3373 -

199 3433 293 3484 nune
306 3405 458 3486 uiuimus
472 3413 511 3484 ιιι
523 3433 657 3500 eume,
669 3414 707 3482 in
714 3410 792 3507 fide
802 3415 953 3486 eruimus
968 3416 1062 3488 ntur
1070 3417 1163 3510 Dei,
1180 3424 1246 3516 qni

200 3515 330 3590 dilexit
349 3543 433 3610 nos,
452 3534 727 3613 etsemetipsum
739 3519 892 3591 tradidit
902 3543 972 3614 pro
986 3521 1132 3598 nobis*
1149 3543 1189 3600 ut
1209 3545 1276 3619 et,
1385 3597 1389 3604 .
1484 3531 1485 3540 '

200 3641 394 3718 praesentem
408 3631 511 3701 ritum
525 3629 656 3723 ubsque
673 3647 817 3699 moerore
830 3631 1053 3724 perficiamus,
1073 3650 1107 3706 et
1121 3634 1242 3710 futuris
1293 3621 1303 3631 ⁸

200 3731 297 3802 bonis
311 3731 379 3802 frui
388 3755 583 3822 mereamur,
601 3733 704 3827 gratia
714 3749 749 3805 et
758 3737 980 3809 miseneordrt
992 3744 1124 3814 Domini
1136 3739 1240 3818 nostri

91 3891 97 3916 ,
201 3843 281 3910 Jesu
292 3837 434 3928 Christi,
455 3865 531 3916 curu
546 3865 614 3938 quo
630 3841 719 3913 Patri
730 3855 765 3912 et
780 3845 915 3949 Spiritui
927 3862 1042 3920 sancto
1058 3850 1100 3922 sit
1115 3851 1242 3944 gloria,
1321 3889 1323 3898 ¹

238 3968 344 4024 *satas
357 3985 384 4034 n,
397 3981 440 4022 ιο.
688 3977 690 3984 ’
