2996 4598
236 432 239 440 ’
292 438 333 502 48
436 454 615 503 ancronroa
637 455 665 503 ε.
691 454 846 520 rarnuu,
872 453 1129 522 raas11,'sncr.
1157 465 1181 507 1.

290 557 376 626 vana
388 556 509 627 virium
524 557 725 628 confidentia
744 556 858 626 audire
873 556 1044 651 aliquoties
1059 559 1207 651 dignati,
1232 563 1332 632 chris·

242 747 246 760 1
291 664 380 732 tiana
396 663 633 757 imperterritos
649 678 753 734 rostra
768 665 1003 752 conscendere,
1020 689 1082 737 nec
1098 691 1166 760 quo
1179 669 1269 738 vocis
1280 683 1333 738 te-

289 795 386 858 nore,
401 794 462 843 nec
478 795 546 865 quo
557 769 669 842 vultus
684 772 761 858 situ,
776 795 838 842 nec
853 773 975 865 quibus
991 774 1164 845 oculorum
1180 778 1330 864 nutibus,

253 884 256 890 '
289 901 351 948 nec
378 901 446 972 quo
466 877 678 948 brachiorum
696 892 792 948 motu
818 901 1003 950 sermonem
1028 881 1174 953 animare
1200 883 1333 954 valeant

246 1049 252 1060 ,
289 983 425 1054 minime
440 985 702 1075 cognoscentes?

334 1093 375 1159 V.
390 1094 458 1161 Nec
472 1088 598 1180 legere,
620 1111 680 1158 nec
692 1087 806 1158 audire
821 1090 916 1176 satis,
935 1091 997 1160 nisr
987 1091 1126 1162 audita
1141 1108 1175 1163 et
1189 1094 1333 1187 perlecta

290 1197 435 1292 prudens
460 1194 624 1266 discernat
645 1194 838 1290 digeratque
853 1198 1022 1270 meditatio
1038 1253 1047 1288 ,
1070 1225 1112 1271 ne
1127 1202 1186 1272 fiat
1197 1203 1234 1272 in
1248 1202 1334 1274 male

292 1304 423 1396 gravata
434 1315 545 1388 mente
559 1353 568 1390 ,
583 1303 677 1396 juxta
693 1307 802 1373 Poetae
817 1317 949 1374 carmen
1061 1373 1065 1382 ,

461 1483 633 1502 .......
652 1448 724 1526 Rudis
741 1449 908 1518 indigestaque
920 1450 1008 1518 molet,

426 1534 478 1584 Nec
489 1532 636 1599 quidquam,
650 1532 694 1582 nisi
703 1533 795 1600 pondus
807 1533 885 1600 iners,
897 1542 1059 1604 congestaque
1068 1537 1156 1590 eodem

425 1621 479 1670 Non
490 1617 553 1669 bene
560 1617 699 1682 junctarum
710 1619 830 1670 discordia
841 1619 934 1672 semina
945 1635 1028 1672 rerum
1040 1631 1058 1672 ¹.

293 1733 379 1805 Hinc
403 1731 600 1826 Apostolus,
621 1732 664 1802 ad
683 1733 893 1803 ¹Timotheum
910 1735 1077 1823 scribens,
1101 1740 1278 1832 postquam
1292 1738 1336 1808 ad

292 1843 478 1912 lectionem
495 1839 746 1960 doctrinamque
768 1838 991 1932 discipulum
981 1843 1146 1926 incitavit,
1164 1842 1230 1914 alte
1245 1845 1336 1937 cogi-

293 1948 392 2017 tantis
412 1946 514 2014 animi
536 1921 762 2015 necessitatem
789 1946 888 2014 etiam
914 1946 1061 2016 inculcat
1081 1947 1220 2020 dicens:
1240 1949 1337 2020 Hoec

295 2051 529 2139 ιιιοοίιίοιο,Ι
514 2076 552 2121 ιη
568 2048 624 2120 lu's
642 2063 696 2120 est
682 2053 749 2120 to².
767 2051 863 2134 Quod
891 2052 1015 2144 optime
1034 2053 1240 2126 intellexerat
1259 2062 1337 2126 Am·

294 2160 440 2244 bromus,
459 2159 517 2252 qui
530 2211 540 2245 ,
553 2172 679 2228 -sancto
703 2171 856 2227 narrante
873 2159 1057 2249 Augustino
1083 2189 1100 2227 a
1117 2163 1252 2255 quando
1267 2186 1336 2233 non

293 2281 364 2338 erat
379 2288 457 2336 cum
472 2263 609 2334 catervis
624 2263 869 2360 negotiosorum
891 2263 1089 2352 hominum,
1118 2291 1261 2360 quorum
1277 2292 1336 2338 ne·

294 2374 498 2445 cessitatibus
522 2371 735 2457 inserviebat,
762 2368 814 2440 iat
829 2369 970 2441 lectione
985 2373 1153 2443 reficiebat
1168 2375 1333 2467 animumf,

295 2493 356 2566 ιιι,
381 2479 462 2548 dirm
476 2478 621 2568 legeret,
640 2475 728 2546 oculi
748 2477 949 2546 ducerentur
965 2502 1023 2570 per
1047 2481 1202 2572 paginas,
1229 2495 1262 2550 et
1279 2505 1337 2551 cor

295 2585 500 2656 intellectum
510 2584 695 2668 rimaretur,
707 2605 771 2651 vox
786 2595 897 2650 autem
913 2596 947 2651 et
958 2580 1072 2674 lingua
1086 2586 1333 2677 quiescerent...

298 2693 350 2764 Sic
366 2691 466 2775 enim,
482 2687 574 2758 addit
589 2689 704 2758 beatus
719 2693 856 2774 Doctor,
873 2688 1039 2780 legentem
1055 2690 1197 2760 vidimus
1219 2693 1335 2779 tacite,

296 2813 331 2869 et
345 2797 439 2867 aliter
452 2797 622 2890 nunquam
638 2823 645 2865 ι
661 2794 877 2888 sedentesque
886 2796 922 2864 in
929 2794 1089 2868 diuturno
1101 2797 1230 2868 silentio
1240 2802 1254 2888 (
1263 2801 1337 2892 quis

297 2906 384 2977 enim
396 2907 464 2974 t‘arn
475 2904 605 2972 intento
613 2924 681 2970 esse
693 2901 784 2970 oneri
792 2901 1250 2992 auderet?)discedebamus³.
1266 2931 1337 2970 n·-

298 3007 534 3084 anerecundi
549 3008 685 3076 domum
694 3007 822 3075 secessit
832 3007 901 3099 ipse
913 3009 1116 3100 Augustinus
1132 3001 1338 3080 meditationi

293 3131 492 3202 vacaturus,
511 3114 687 3206 antequam
703 3111 842 3205 populos
858 3112 995 3200 docere,
1011 3114 1240 3208 religionisque
1252 3137 1337 3206 mys·

296 3224 378 3294 teria
398 3219 571 3315 profundis
591 3219 794 3288 sermonibus
818 3217 967 3290 evolvere
982 3233 1168 3290 attentaret.
1187 3213 1337 3304 Quatuor

297 3331 333 3400 in
349 3352 470 3413 eremo,
485 3327 568 3420 dnos
579 3339 690 3394 autem
704 3325 740 3393 in
752 3323 914 3417 speluncis
924 3348 1031 3404 annos¹
1041 3327 1158 3396 tacitus
1174 3329 1335 3419 cogitans·

298 3461 364 3530 qne
387 3435 477 3529 priris
501 3421 646 3504 traduxit
660 3433 933 3521 Chrysostomus,
951 3435 1051 3526 quarn
1075 3431 1245 3524 praeclaras
1266 3431 1338 3504 illas

298 3543 454 3614 scriberet
470 3537 648 3623 Homilias,
666 3532 919 3630 abditorumque
931 3539 949 3618 ὸ
963 3537 1073 3607 medio
1092 3561 1243 3608 saxorum
1259 3561 1338 3631 pro·

245 3630 248 3636 .
297 3650 393 3722 cessit
403 3645 576 3740 limpidum
592 3660 626 3715 et
642 3643 810 3714 exundans
826 3644 1023 3738 eloquentiae
1042 3645 1187 3732 flumen,
1201 3670 1270 3739 quo
1285 3661 1337 3716 to-

298 3772 370 3826 tmn
386 3770 546 3825 terrarum
559 3752 672 3822 orbem
688 3751 785 3841 longe
800 3749 932 3843 lateque
946 3750 1101 3840 irrigavit.
1114 3755 1210 3823 Nunc
1226 3765 1337 3821 autem
1439 3782 1441 3786 ·

334 3912 340 3939 ¹
356 3901 427 3954 Ovid.
445 3863 542 3951 Metam.
554 3896 598 3949 lib.
613 3913 632 3948 ι.
641 3907 695 3975 -f
711 3913 720 3947 1
733 3895 792 3948 Tim.
807 3910 843 3959 tv,
860 3893 898 3944 15.
909 3918 940 3930 -
949 3889 963 3930 '³
976 3895 1000 3943 S.
1011 3895 1110 3960 August.
1122 3895 1232 3947 Consess.
1244 3896 1286 3947 lib.
1300 3913 1335 3962 vr,

296 4005 350 4054 cap.
364 4001 384 4044 ι,
400 4002 424 4038 ιι.
439 3983 463 4034 3.
