2930 4582
283 395 347 457 aab
427 407 606 457 antrorum
629 407 655 456 S.
681 407 831 474 rariora,
856 407 931 458 mas
954 414 1004 476 11,
1029 415 1113 460 sacr.
1139 417 1163 458 r.

280 525 361 597 tam,
377 512 575 614 ingenuam,
592 509 775 582 modestam
793 524 827 582 et
841 509 972 582 fidelem
994 512 1083 599 vidi,
1101 537 1201 608 quam
1222 513 1321 586 homo

280 617 416 714 quidam
445 619 607 710 impurus,
636 616 792 704 stolidus,
822 618 977 711 opinione
991 619 1207 706 christianus,
1222 621 1323 711 (talia

179 785 183 790 .
280 725 368 793 enirn
395 719 596 812 audentem,
630 725 793 794 sincerum
821 725 1033 794 christianum
1049 749 1117 795 non
1133 725 1293 814 dixerim,
1310 732 1323 818 )

280 831 497 901 Hebraeorum
512 831 618 901 aedem
637 832 775 917 intrare,
791 831 903 924 ibique
915 832 1150 926 jusjurandum
1165 831 1208 902 de
1222 857 1324 928 nego·

279 939 333 1008 tiis
350 939 412 1008 sihi
427 940 644 1026 controversis
658 940 737 1009 dare
752 939 901 1031 cogebat.
920 943 963 1008 Ut
978 942 1057 1010 verb
1076 939 1133 1008 illa
1151 964 1249 1032 opem
1262 943 1324 1012 irn-

279 1045 451 1138 plorabat,
466 1061 499 1115 et
514 1046 582 1116 vim
600 1045 790 1116 sceleratam
811 1045 939 1116 amoliri
954 1046 1126 1139 cupiebat,
1144 1047 1207 1116 sibi
1223 1049 1322 1136 enim,

280 1177 356 1245 quae
374 1153 561 1224 divinorum
581 1155 812 1244 mysteriorum
834 1153 995 1246 particeps
1013 1151 1099 1224 facta
1114 1168 1214 1240 esset,
1231 1155 1325 1224 illum

280 1257 392 1328 locum
405 1258 507 1346 adire,
522 1259 613 1329 nelas
627 1283 694 1330 esse
710 1289 718 1330 :
736 1261 887 1330 incensus
903 1282 963 1350 ego
977 1257 1059 1345 zelo,
1077 1261 1322 1354 atqueardens,

281 1365 423 1452 surrexi,
448 1390 510 1436 nec
531 1367 621 1436 illarn
639 1370 738 1461 porrb
763 1367 806 1436 ad
829 1364 1129 1458 praevaricationem
1149 1365 1236 1434 trahi
1253 1389 1324 1436 sum

281 1493 415 1563 passus,
434 1473 605 1566 eripuique
621 1474 663 1544 ab
676 1472 789 1566 iniqual
799 1473 859 1542 isra
871 1469 1079 1541 abductione.
1099 1474 1216 1541 Postea
1231 1495 1322 1557 eum,

185 1621 189 1628 -
282 1578 341 1671 qui
357 1591 497 1649 traxerat
508 1578 618 1665 illam,
638 1580 888 1650 christianus-ne
900 1592 1005 1664 esset,
1023 1579 1146 1670 rogavi.
1165 1579 1228 1656 Cui
1244 1603 1324 1648 con-

282 1686 401 1771 fitenti,
417 1687 556 1776 graviter
571 1687 693 1772 institi,
707 1685 891 1756 fatuitatem
907 1685 1117 1776 exprobranS,
1132 1698 1326 1754 extremam·

283 1815 349 1886 que
360 1791 572 1880 dementiam,
587 1808 620 1862 et
629 1793 723 1862 asinis
733 1793 828 1862 illum
840 1791 1022 1886 quidquam
1035 1806 1189 1884 praestare
1198 1792 1323 1882 negavi,

283 1899 309 1967 si
335 1900 503 1969 Christum
533 1925 566 1970 se
594 1899 730 1969 adorare
757 1902 933 1992 profitens,
962 1897 1004 1967 ad
1034 1897 1244 1985 Judaeorum,
1271 1899 1325 1991 qui

214 2007 218 2012 '
283 2005 392 2097 ipsum
404 2007 654 2093 crucifixissent,
670 2005 840 2100 speluncas
856 2029 1057 2099 quemquam
1074 2005 1229 2075 traheret.
1248 2011 1327 2075 Pro-

285 2113 454 2206 ductoque
478 2113 606 2204 longius
629 2137 791 2198 sermone,
814 2113 960 2205 primum
990 2112 1122 2205 prorsirs
1143 2135 1212 2183 non
1231 2111 1326 2184 licere

281 2222 412 2313 jurare,
436 2245 544 2314 neque
568 2221 610 2290 ad
628 2221 860 2315 jusjurandum
884 2244 1085 2314 quemquam
1106 2207 1264 2306 incitare,
1290 2244 1326 2288 ex

284 2351 376 2398 sacro
389 2327 568 2420 Evangelio
583 2330 681 2398 docui
693 2335 707 2371 ²
718 2361 727 2419 3
740 2328 871 2422 deinde,
884 2353 952 2398 non
965 2327 1097 2396 fidelem
1110 2341 1143 2396 et
1154 2327 1324 2412 initiatam,

284 2437 365 2529 quin
381 2459 489 2528 neque
504 2461 599 2522 eum,
625 2439 684 2530 qui
698 2435 848 2527 nondum
864 2436 1086 2520 sit‘initiatus,
1105 2438 1140 2504 in
1154 2435 1251 2504 istam
1269 2458 1326 2504 ne-

285 2541 468 2612 cessitatem
492 2543 690 2612 trahendum
713 2542 823 2611 fuisse.
844 2544 1021 2634 Postquam
1042 2539 1100 2608 diti
1122 2541 1327 2636 multumque

286 2649 416 2718 locutus
432 2649 579 2718 animum
595 2651 665 2742 ejus
677 2649 719 2718 ab
732 2671 840 2718 errore
853 2647 1015 2740 opinionis
1030 2645 1180 2732 liberavi,
1199 2670 1327 2716 causam

286 2756 464 2826 sciscitatus
476 2780 560 2842 sum,
581 2781 641 2826 cur
655 2753 790 2826 ecclesial
803 2755 916 2824 relicti
928 2753 970 2824 ad
982 2753 1175 2832 ludaeorum
1191 2753 1326 2844 collegia

250 2860 252 2864 ’
279 2864 376 2936 willam
392 2865 535 2934 traxerit.
554 2868 598 2934 alt
612 2863 685 2949 ille,
703 2863 825 2932 multos
841 2863 902 2931 sibi
919 2861 1035 2930 dixisse
1050 2861 1241 2956 inquiebat,
1259 2864 1326 2954 jus-

281 2970 482 3066 jurandum,
501 2969 592 3064 quod
611 2970 658 3038 ibl
684 2961 834 3055 daretur,
852 2971 953 3058 magis
975 2967 1225 3040 formidandum
1248 2991 1324 3038 esse.

257 3141 261 3148 x
285 3081 338 3149 Ob
354 3101 430 3170 quae
445 3075 712 3164 ingemiscebam,
734 3077 847 3167 iralque
860 3073 1072 3162 incendebar,
1089 3075 1243 3167 deinceps
1253 3098 1326 3144 rur·

285 3185 340 3252 siis
368 3181 527 3250 ridebam.
562 3182 707 3250 Cernens
730 3181 818 3248 enim
842 3181 965 3250 diaboli
988 3182 1160 3266 astutiam,
1182 3181 1328 3272 ingemui

284 3287 377 3384 qudd
392 3286 583 3358 hominibus
603 3285 638 3356 id
659 3285 854 3380 persuadere
867 3301 1002 3378 posset:
1026 3287 1231 3358 considerata
1251 3288 1327 3358 verb
1383 3325 1387 3334 ,

285 3419 400 3466 eorum
419 3395 478 3487 qui
498 3393 729 3486 deciperentur
751 3392 918 3480 socordia,
937 3393 1097 3484 excandui
1121 3408 1180 3476 :et
1196 3417 1326 3465 eorum·

286 3503 362 3574 dem
375 3515 499 3594 quanta
514 3514 596 3570 esset
611 3492 756 3599 amentia
767 3522 898 3568 mecum
913 3514 1080 3593 reputans,
1096 3500 1151 3569 risi
1164 3503 1188 3568 ¹.
1201 3529 1216 3564 a

330 3613 468 3679 Sanctus
493 3607 667 3696 Gregorius
696 3605 941 3690 Nazianzenus,
958 3605 1037 3674 licet
1062 3603 1195 3676 dicendi
1219 3605 1325 3676 formal

285 3717 456 3787 sublimior
481 3715 645 3794 evaserit,
681 3712 723 3780 ad
750 3711 929 3804 simplicem
959 3713 1158 3788 Narrationis
1185 3715 1324 3804 liguram

285 3819 484 3890 descendere
499 3843 567 3888 non
582 3816 777 3908 dedignatus
787 3832 847 3902 est,
865 3831 902 3886 ut
918 3816 1022 3887 videri
1034 3817 1214 3910 praesertim
1229 3817 1326 3890 datur

322 3959 329 3985 ¹
343 3947 428 3998 blattb.
442 3963 467 4011 v,
480 3944 520 4011 34.
540 3971 570 3983 -
585 3957 594 3982 ²
612 3929 636 3996 s‘.
648 3944 730 4012 Chrys.
743 3945 856 3994 adversus
868 3943 970 4008 sudaos,
985 3947 1050 3996 Orat.
1066 3963 1083 4010 1,
1099 3961 1124 3994 n.
1138 3944 1161 3996 3.
