2992 4590
234 403 336 510 curor
359 435 641 482 v1.nrrnrsnono
663 435 700 478 nr
722 433 930 480 coucroumus
951 431 1120 482 tnmarrr.
1148 418 1211 482 143

172 547 291 620 tantes,
311 533 389 604 actis
404 529 496 604 velut
514 532 550 602 in
565 529 656 601 bello
677 531 822 600 excubiis
845 533 1062 626 quibusdam,
1080 547 1212 613 noctem

171 643 454 728 transmittebant,
472 639 614 710 ferentes
630 637 804 732 praesentia
819 639 967 727 strenue,
985 643 1119 734 speratis
1132 667 1214 735 gau·

171 745 300 834 dentes,
329 747 516 818 deridentes
541 745 682 816 hostem.
708 747 821 820 Unum
848 760 959 815 autem
975 762 1045 817 erat
1064 751 1214 820 omnium

107 889 119 904 =
170 869 296 927 votum.
315 853 539 946 Quadraginta
559 853 694 944 ingressi
709 875 823 922 sumus
843 852 879 921 in
892 851 1052 940 stadium,
1070 855 1215 949 quadra-

171 963 261 1054 ginta
277 985 494 1048 coronemur,
513 957 701 1030 dDominc.
717 961 766 1029 Ne
782 981 868 1028 unus
884 959 1018 1053 quidem
1042 960 1127 1030 desit
1137 959 1216 1032 huic
1307 970 1311 981 “

170 1071 321 1141 numero.
336 1067 541 1140 Venerabilis
563 1081 612 1138 est
626 1067 680 1137 hic
695 1085 870 1153 numerus,
885 1075 983 1162 quern
997 1069 1217 1162 qutadraginta

171 1175 302 1247 dierum
315 1175 443 1270 jejunio
458 1171 625 1244 hunordsti
638 1172 647 1213 ¹
658 1163 753 1266 ,⁷per
768 1188 868 1268 quem
883 1173 936 1242 lex
958 1173 1102 1266 ingressa
1117 1175 1217 1246 estin

170 1279 377 1352 mundum'e.
403 1279 490 1349 Elias
505 1280 580 1348 cum
597 1279 773 1358 Dominum
789 1303 848 1372 per
864 1279 1082 1373 quadraginta
1097 1279 1166 1350 dies
1181 1275 1218 1350 in

167 1389 298 1482 jejunio
318 1385 547 1478 conquisisset,
566 1384 675 1477 ipsum
691 1383 806 1455 viditt.
828 1387 873 1456 Et
893 1385 966 1456 haec
990 1385 1126 1480 quidem
1146 1399 1217 1456 erat
1245 1386 1248 1392 ’

172 1493 310 1564 illorum
336 1492 506 1588 precatio:
525 1489 684 1560 sedunus
704 1513 743 1560 ex
760 1513 874 1561 eorum
896 1511 1035 1562 numero
1056 1493 1217 1564 cruciatui

172 1597 411 1682 succumbens,
428 1595 631 1669 ineffabilem
645 1597 792 1684 luctum,
809 1598 937 1668 deserto
949 1595 1082 1684 ordine,
1099 1595 1219 1669 sanctis

170 1704 361 1796 dereliquit.
381 1703 502 1773 Verum
514 1725 583 1772 non
595 1704 669 1772 sivit
682 1705 839 1772 Dominus
853 1725 967 1774 eorum
984 1727 1097 1797 preces
1111 1707 1218 1776 irritus

171 1824 354 1902 essentque
368 1809 563 1879 inefficaces.
582 1811 666 1878 Nam
680 1809 735 1878 cui
750 1819 933 1900 martyrum
945 1811 1133 1880 concredita
1144 1830 1219 1882 cus·

170 1918 266 1989 todia
281 1930 367 2004 erat,
379 1917 406 1987 is
421 1941 489 1987 non
505 1915 608 2008 longe
621 1913 640 1986 t
652 1913 797 2010 quodam
814 1917 1004 2010 gymnasio,
1018 1917 1099 1987 dum
1112 1941 1145 1987 se
1161 1943 1217 1990 ca-

171 2025 350 2111 lefaceret,
379 2025 426 2093 rei
451 2023 574 2092 exitum
596 2023 819 2110 observabat,
841 2021 961 2108 milites
986 2047 1061 2110 cos,
1089 2023 1147 2120 qui
1175 2024 1219 2096 ad

171 2133 284 2228 ipsum
299 2130 540 2222 confugerent,
558 2131 721 2222 suscipere
737 2135 881 2222 paratus.
907 2131 991 2202 uam
1005 2146 1038 2202 et
1052 2131 1117 2202 hoc
1132 2145 1218 2226 quo-

173 2241 243 2336 que
260 2237 482 2331 excogitatum
504 2235 629 2322 luerat,
643 2249 682 2306 ut
695 2238 730 2305 in
748 2237 934 2332 propinquo
945 2237 1100 2308 balneum
1115 2249 1218 2327 esset,

173 2371 245 2442 quo
257 2345 440 2415 remedium
457 2353 649 2436 promptum
663 2343 856 2412 sententiam
873 2343 1078 2416 mutantibus
1090 2347 1222 2418 denun-

177 2456 328 2526 tiaretur.
349 2451 413 2524 Sed
428 2451 518 2545 quod
539 2448 681 2544 maligne
698 2445 888 2521 adversariis
912 2453 1133 2546 excogitatum
1150 2469 1219 2545 est,

74 2581 77 2587 ’
174 2560 349 2646 videlicet,
370 2557 523 2629 dotalem
544 2559 731 2656 certaminis
755 2557 867 2630 locum
886 2557 1079 2633 advenirent
1094 2565 1129 2633 iu
1153 2589 1222 2659 quo

158 2681 334 2763 ¹paratum
347 2667 498 2737 levamen
518 2665 620 2736 robur
636 2667 874 2736 decertantium
887 2683 987 2762 atque
1005 2673 1223 2742 constantiam

157 2789 158 2794 ’
177 2773 425 2846 labefacturum
438 2787 532 2859 esset,
544 2773 609 2842 buc
620 2775 804 2862 Martyrum
816 2774 1008 2866 patientiam
1024 2775 1225 2868 splendidiu-

178 2905 253 2952 rem
268 2879 423 2952 reddidiu
434 2883 506 2952 Nun
518 2879 606 2948 enim
621 2879 660 2964 is,
674 2879 728 2967 cui
739 2881 918 2949 necessaria
934 2881 1066 2968 desunt,
1080 2881 1223 2954 tolerans
1241 2925 1244 2930 ,

179 3003 234 3060 est
252 3019 260 3058 ε
278 2989 338 3058 sed
358 2989 402 3072 is,
430 2988 493 3080 qui*
508 2987 594 3084 inter
614 2987 780 3056 bonorum
800 2983 1019 3069 fruendorum
1042 2989 1171 3082 copiam
1191 2991 1228 3060 in

179 3095 279 3167 malis
295 3093 439 3174 ferendis
453 3102 651 3187 perseverat.

173 3235 178 3242 ·
232 3231 248 3270 »
268 3199 353 3274 Cum
370 3213 480 3270 autem
495 3195 532 3268 hi
546 3201 769 3282 decertarent,
789 3195 844 3267 ille
856 3199 935 3270 verb
950 3213 1104 3272 eventum
1117 3201 1229 3274 obser·

183 3323 302 3395 varet,
320 3303 545 3400 spectaculum
556 3305 678 3373 mirum
690 3303 788 3389 vidit,
802 3303 939 3374 virtutes
954 3307 1112 3399 quasdam
1128 3311 1230 3380 ecoe·

184 3416 226 3486 lis
241 3411 496 3502 descendentes,
510 3423 544 3480 et
557 3408 649 3481 velut
665 3408 684 3478 a
696 3431 772 3500 rege
787 3430 925 3478 munera
939 3433 1056 3502 magna
1068 3413 1230 3486 militibus

187 3517 422 3592 distribuentes
440 3549 448 3590 ι
466 3527 542 3613 quau
558 3515 628 3588 aliis
643 3517 777 3610 quidem
792 3519 946 3588 omnibus
962 3521 1049 3590 dona
1061 3515 1233 3616 dispertie-

87 3633 92 3648 '
188 3629 288 3716 bant,
313 3627 370 3700 sed
388 3637 497 3697 tamen
512 3643 618 3695 unum
636 3618 842 3718 reliqudmnt
857 3643 926 3698 non
940 3627 1101 3700 donatum
1114 3685 1123 3718 ,
1138 3631 1233 3726 Judi-

190 3748 302 3807 cantes
313 3733 486 3826 indignum
501 3728 694 3803 coelestibus'
709 3715 890 3822 honoribus
909 3735 988 3829 ,qui
1002 3737 1109 3808 statim
1123 3748 1234 3812 animo

191 3843 236 3914 ob
252 3841 403 3916 dolorem
417 3837 613 3926 concidens,
627 3835 805 3932 transfugit
820 3839 863 3910 ad
878 3835 1087 3916 adversarios.
1105 3847 1235 3919 Misera·
1347 3916 1349 3922 ,

165 3931 192 4067 ἐξ
230 3981 239 4011 ι
255 3963 505 4036 ffltffi,1v‚2‘.-“-⁵
519 3967 594 4022 Exod.
606 3976 690 4034 mir,
703 3967 745 4020 28.
759 3963 814 4006 -3
828 3967 843 4020 3
856 3971 915 4037 Res.
925 3986 976 4038 mx,
989 3971 1015 4024 8.
