2982 4584
243 437 345 488 CAPUT
367 441 414 488 VI·
435 439 482 490 ,DE
504 438 660 485 UE'I'HODO
683 440 719 484 ΠΙ
734 433 940 484 COMIOMBUS
955 429 1122 482 Antrum.
1152 419 1218 484 ⁴87

160 538 278 614 -mihit
298 543 484 632 hoc·grave
502 540 630 632 pcccati
653 560 755 623 onus,
777 521 863 606 ehm'
875 536 911 605 id
930 557 1048 606 exuere
1062 538 1110 607 itt
1125 535 1222 608 facile

98 637 101 647 ,
178 663 271 736 esset,
283 672 353 720 non
367 647 471 740 abjeci
483 675 492 718 ι
503 644 561 716 sed
574 646 695 714 horum
709 641 873 732 malorum
888 664 1042 714 acervum
1053 645 1148 714 traxi.
1160 645 1222 714 Hei

177 757 279 828 mitit
290 753 434 829 maculas
450 776 488 824 ac
503 749 614 823 sordes
630 773 699 820 non
714 748 885 836 ablui‚sed
895 770 969 818 sum
983 752 1124 842 peccatis
1133 773 1224 821 com-

179 862 373 938 maculatus.
402 865 500 934 Nunc
525 879 629 928 essem
649 880 727 929 cum
751 856 874 949 angelis
897 879 1016 928 :nune
1039 856 1225 928 coelestium

177 971 343 1044 honorum
358 965 485 1038 deliciis
501 963 638 1054 fruerer.
656 965 686 1036 0
706 987 808 1058 prava
823 963 976 1035 consilia!
996 964 1040 1035 oh
1056 977 1225 1056 tempora·

135 1093 141 1105 ·
177 1079 259 1148 riam
274 1075 404 1168 peccati
419 1071 672 1144 delectationem
685 1071 847 1144 aeternum
857 1071 1026 1142 excrucior
1037 1061 1047 1142 ι’
1060 1072 1104 1142 ob
1120 1073 1227 1142 carnis

177 1185 384 1277 voluptatem
399 1181 469 1273 igni
483 1182 607 1252 trador.
626 1182 759 1250 Justum
779 1191 829 1250 est
839 1178 1003 1274 judicium
1023 1179 1108 1251 Dei:
1128 1203 1228 1251 voea-

117 1315 119 1319 ’
179 1291 260 1376 bar,
275 1302 308 1359 et
320 1310 389 1359 non
403 1284 601 1358 obediebam
619 1313 627 1356 ι
645 1283 810 1371 docebar,
828 1301 862 1354 et
877 1285 1025 1356 animum
1041 1309 1111 1356 non
1125 1275 1228 1357 atten-

180 1395 301 1466 debam
314 1423 321 1464 :
335 1393 587 1464 obtestabantur
599 1414 665 1479 me,
676 1405 710 1464 et
725 1415 786 1484 ego
804 1391 1007 1463 deridebam.
1021 1395 1102 1463 Haec
1117 1407 1151 1464 et
1166 1393 1229 1463 alia

180 1502 328 1596 ejusdem
351 1501 475 1593 generis
498 1498 665 1594 proferes,
691 1501 818 1572 dellens
841 1499 1073 1593 temetipsum,
1100 1503 1126 1572 si
1150 1501 1228 1572 hinc

181 1609 258 1680 ante
269 1610 433 1700 Baptisma
449 1607 671 1700 abripiaris.0
686 1607 805 1694 homo,
828 1619 886 1676 aut
902 1607 1087 1698 gehennam
1101 1621 1226 1694 metue,

180 1729 238 1788 eut
252 1716 425 1786 eniterent
437 1738 578 1806 regnum
593 1713 785 1806 adipiscare.
805 1714 1021 1784 Vocationem
1036 1737 1079 1782 ne
1095 1737 1226 1807 sperne.

178 1825 267 1898 Cave
289 1821 407 1892 dixeris
426 1850 434 1892 ι
452 1819 567 1892 Habe
581 1843 640 1892 me
650 1823 916 1905 ‹eetreuttcrturnh¹
929 1820 974 1897 ob
989 1821 1077 1890 hanc
1093 1833 1127 1890 et
1138 1820 1231 1892 illam

179 1931 353 2000 rationem.
366 1931 474 2022 Causa
489 1927 582 1998 nulla
597 1916 753 1998 excusare
759 1939 878 2020 potest.
887 1927 974 1998 Mihi
989 1925 1126 2027 quidem
1142 1928 1231 2000 subit

178 2035 376 2126 lacrymari,
401 2033 478 2106 clun
498 2035 562 2106 hoe
584 2056 716 2105 mecum
734 2047 875 2127 reputo,
896 2031 990 2126 qudtl
1014 2033 1237 2130 turpitudinis
1277 2052 1279 2057 ·

121 2231 123 2235 v
180 2166 280 2238 opera
294 2143 421 2234 ingenti
435 2131 495 2216 Dei
513 2140 625 2232 gloriee
641 2139 789 2234 praefers,
800 2142 1231 2235 quddquepeccatofirmis-

179 2250 259 2322 sime
269 2249 433 2320 inhaerens
449 2249 494 2319 ob
509 2246 658 2320 libidinis
670 2247 945 2334 delectationem,
960 2249 1156 2341 hpromissis
1173 2249 1230 2320 bo·

178 2357 230 2430 nis
256 2371 289 2445 te
308 2355 378 2448 ipse
397 2353 566 2441 excludis,
586 2353 631 2424 sie
648 2367 686 2424 ut
702 2355 765 2424 tibi
782 2341 928 2425 'coelestis
944 2352 1033 2423 illius
1048 2354 1230 2424 Jerusalem
1245 2395 1252 2424 r
1278 2369 1288 2388 '

178 2465 266 2552 bona
282 2460 395 2536 videre
408 2485 477 2534 uon
491 2460 601 2534 liceat.
613 2458 686 2532 Illic
704 2461 879 2531 innumera
893 2459 1097 2553 Angelorum
1113 2461 1229 2532 multi-

179 2569 282 2655 tudo,
297 2569 594 2659 Primogenitorum
609 2581 717 2639 coetus
730 2620 739 2655 ‚
752 2567 988 2662 Apostolorum
1002 2568 1126 2655 throni,
1145 2573 1228 2639 Pro·

179 2677 356 2768 phetarum
369 2673 477 2758 sedes,
496 2674 761 2744 Patriarcharum
772 2689 919 2765 sceptra,
937 2679 1122 2772 Martyrum
1138 2699 1230 2748 coro·

180 2805 252 2867 nee,
284 2783 455 2849 Justorum
475 2777 601 2864 laudes.
631 2781 761 2870 Exopta
784 2791 823 2846 ut
856 2801 934 2850 cunr
958 2780 1010 2849 his
1032 2783 1227 2868 numereris,

113 2929 114 2932 π
180 2890 397 2984 posteaquem
412 2887 535 2960 Christi
554 2887 644 2958 dono
667 2885 802 2956 ablutus
824 2885 925 2958 fueris
946 2902 981 2958 et
995 2889 1227 2960 sanctificatus.
1313 2926 1317 2942 t

181 2999 248 3092 Ipsi
261 2997 363 3089 gloria
374 3010 407 3068 et
419 2996 615 3089 imperium,
631 2996 668 3065 in
679 2995 799 3066 saecula
814 2995 1023 3068 saeculorum.
1042 3003 1150 3070 Amen
1162 3003 1188 3067 2.
1208 3025 1225 3064 »

210 3111 245 3179 8⁰
255 3111 382 3198 Legant
393 3119 505 3178 autem
517 3105 583 3193 isti,
594 3105 654 3200 qui
666 3105 784 3176 mnndi
801 3107 942 3178 Theatra
951 3127 1020 3176 non
1032 3107 1051 3175 h
1062 3105 1141 3178 vitio
1157 3119 1229 3176 tan·

160 3215 252 3286 ,tirm
268 3214 425 3299 eximere,
445 3212 503 3283 sed
518 3212 675 3284 extollere
688 3213 787 3283 etiam
807 3211 896 3284 falsis
911 3213 1067 3287 laudibus
1088 3237 1156 3286 non
1175 3237 1228 3287 re·

182 3337 317 3409 rentur,
334 3319 504 3414 quomodo
523 3334 655 3390 sanetus
672 3321 926 3408 chrysostomus
948 3323 1134 3414 perorando
1155 3323 1229 3394 illos

180 3431 340 3522 exagitet,
363 3427 424 3523 qui
447 3425 594 3520 profanis
607 3427 767 3496 vinteresse
783 3427 1000 3518 spectaculis,
1021 3451 1090 3499 non
1106 3453 1153 3518 re,
1170 3429 1228 3500 sed

180 3525 315 3610 nomine
330 3535 530 3621 Christiani,-
547 3533 793 3627 praesumebant
811 3561 819 3604 r

228 3671 244 3712 u
263 3644 366 3735 Ipsis,
381 3643 512 3737 inquit,
532 3639 692 3734 apostolis
712 3663 807 3710 aures
822 3638 1018 3719 claudimus.
1039 3641 1125 3714 cum
1141 3643 1230 3712 enim

180 3750 301 3842 legitur
317 3749 455 3836 Paulus,
478 3771 539 3819 nec
554 3762 593 3818 tu
609 3746 751 3817 attendis
770 3777 779 3818 ι
795 3747 874 3818 crim
889 3747 1046 3840 praedicat
1061 3745 1226 3836 loannes,

177 3865 215 3928 ‘et
226 3869 340 3938 tunon
350 3854 443 3926 audis
455 3887 464 3946 3
475 3853 689 3950 quandonhm
701 3875 881 3946 pauperem
896 3855 1043 3948 recipies,
1057 3853 1116 3949 'qui
1128 3879 1225 3948 apos·
1255 3847 1257 3849 ’

218 3957 951 4049 ¹Luc.x1r.18.-²S.Barl.inranot.hapt.u.7,8.
