2996 4598
279 401 321 463 16
433 415 612 464 uuuronrca
635 414 662 462 s.
686 411 837 478 etenum,
863 414 940 464 rans
963 419 1006 480 rr,
1030 419 1115 464 saer.
1140 423 1165 463 1.

276 540 378 587 neum
392 531 509 590 testem
521 518 706 589 invenimus
717 519 827 611 ipsum
836 520 1043 612 Gregorium,
1057 519 1116 612 qui
1130 519 1167 589 in
1180 517 1318 612 prologo

276 625 319 696 ad
340 625 462 696 librum
478 625 696 720 quadraginta
714 625 932 697 Homiliarum
949 627 985 696 in
1002 627 1183 719 Evangelio
1202 627 1249 696 ita
1261 630 1318 698 Se-

205 754 207 758 ’
275 733 423 802 cundino
438 733 591 826 episcopo
603 733 717 802 scribit
739 761 747 802 ε
769 738 895 803 «Inter
912 758 1001 804 sacra
1013 735 1187 804 missarum
1208 756 1247 802 ex
1266 732 1318 801 his

275 837 477 931 quaediebus
492 839 589 908 certis
604 839 640 908 in
649 837 926 932 hacecctesitlegi
941 865 981 910 ex
989 863 1080 911 more
1094 840 1202 910 solent
1214 839 1318 910 sancti

274 943 458 1037 Evangelii,
469 944 688 1039 quadraginta
707 943 863 1016 lectiones
881 949 1035 1040 exposui:
1053 962 1087 1018 et
1098 946 1317 1040 quarumdam

275 1050 411 1144 quidem
421 1049 544 1120 dictata
561 1050 718 1142 expositio
730 1052 895 1122 ¹assistenti
906 1053 997 1144 plebi
1009 1067 1058 1123 est
1069 1077 1128 1146 per
1152 1052 1318 1124 notarium

274 1157 427 1247 recitata,
451 1158 670 1248 quarumdam
695 1159 775 1227 verb
789 1157 1050 1250 explanationem
1066 1163 1177 1230 coram
1191 1158 1318 1254 populo

275 1263 483 1358 ipselocutus
493 1287 565 1334 sum
574 1295 584 1354 3
593 1278 693 1359 atque
702 1265 793 1335 itaut
807 1265 980 1360 loquebar,
997 1268 1044 1336 iu
1059 1282 1193 1360 excepta
1204 1270 1279 1337 est¹.
1297 1294 1314 1332 u

320 1376 379 1444 IV.
391 1377 590 1466 Interpretes
599 1372 1049 1467 qnoqueproptervemaculi
1058 1375 1317 1466 sermonisigno·
1363 1399 1365 1404 ·
1448 1401 1449 1416 ¹

276 1481 417 1550 santiam
441 1477 541 1548 luisse
561 1479 603 1549 ab
625 1479 783 1572 episcopis
806 1478 1007 1573 quandoque
1030 1479 1194 1550 adhibitos
1218 1479 1317 1550 disci·

276 1611 351 1658 mus
370 1611 410 1658 ex
432 1588 660 1672 Theodoreto,
678 1588 771 1680 cujus
790 1588 862 1656 haec
881 1587 1073 1658 suntverba
1087 1587 1177 1680 apud
1188 1589 1318 1659 Cassio-

276 1693 396 1766 dorum
420 1695 522 1766 relata
551 1694 738 1764 :evidens
767 1695 845 1763 verb
858 1695 1122 1784 ›Chrysostomus
1146 1696 1317 1766 cohortem

198 1887 204 1902 Ι
278 1803 465 1892 Scythicam
479 1801 607 1872 Arianis
619 1797 743 1870 retibus
751 1797 979 1893 illaqueatam,
997 1815 1030 1871 et
1045 1803 1191 1892 cogitans
1200 1803 1243 1872 de
1258 1826 1317 1873 eo·

275 1931 351 1978 rum
365 1907 526 2001 capienda
539 1907 656 1992 salute,
673 1905 845 1976 consilinm
863 1908 1054 2002 hujusmodi
1069 1909 1252 1982 venationis
1262 1909 1316 1978 in·

275 2017 378 2087 venit.
404 2013 561 2109 Ejusdem
585 2036 729 2108 namque
753 2013 876 2105 linguae
908 2015 1135 2108 presbyteros,
1160 2015 1317 2088 diaconos

275 2137 376 2218 atque
395 2122 533 2194 lectores
552 2121 647 2208 lecit,
670 2135 704 2192 et
722 2145 825 2192 unam
851 2123 896 2191 eis
915 2107 1082 2192 ecclesiam
1115 2121 1218 2192 dedit.
1243 2125 1318 2207 Qua

275 2230 447 2302 occasione
468 2228 591 2299 multos
609 2251 728 2298 'eornm
750 2229 853 2321 cepit,
880 2229 957 2298 curn
979 2243 1012 2299 et
1038 2229 1107 2322 ipse
1125 2228 1317 2324 frequenter

181 2371 182 2378 ¹
274 2337 354 2408 illbc
373 2338 436 2406 iret
451 2350 485 2406 et
504 2358 564 2428 per
574 2335 788 2427 interpretem
805 2335 997 2425 Scythicum
1016 2335 1142 2405 divinas
1157 2335 1316 2407 lectiones

224 2536 226 2544 y
276 2456 454 2536 exponeret
464 2447 490 2512 ².
505 2441 636 2511 u-Sic
647 2441 817 2534 pastoralis
831 2441 973 2511 charitas
992 2440 1187 2512 multiformi
1205 2441 1317 2513 indus-
1361 2455 1364 2459 '

275 2551 340 2620 trial
355 2547 520 2621 omnibus
531 2549 656 2618 onmia
659 2550 749 2644 fieri
770 2544 977 2619 conabatur
982 2602 995 2636 ,
1009 2562 1050 2618 ut
1067 2572 1192 2620 omnes
1202 2549 1317 2647 face·

194 2657 195 2660 ’
277 2671 332 2730 ret
346 2654 498 2728 salcost

320 2768 361 2835 V.
374 2763 460 2838 Hinc
471 2786 530 2857 per
538 2761 689 2855 epistolas
701 2765 799 2832 etiam
812 2762 996 2856 episcopale
1007 2763 1224 2842 concionandi
1239 2787 1317 2834 mu-

276 2897 340 2944 nus
361 2895 430 2942 non
458 2873 532 2942 raro
560 2869 659 2940 fuisse
677 2869 757 2939 olim
776 2868 943 2962 expletum
967 2867 1068 2938 fidem
1087 2869 1213 2940 faciunt
1238 2871 1318 2963 ipsae

275 2978 522 3072 Apostolorum,
531 3001 606 3069 quae
620 2975 774 3045 omnium
790 2974 942 3044 manibus
953 2973 1144 3061 volvuntur,
1155 2976 1314 3068 epistolae,

152 3064 154 3074 Ι
254 3108 419 3179 ¹quorum
444 3081 629 3173 exemplum
648 3081 811 3164 imitantes
832 3081 935 3150 sancti
950 3082 1096 3173 priorum
1120 3083 1317 3172 saequlorum
1375 3111 1378 3116 ¹

276 3193 447 3285 pontifices
462 3201 633 3281 corruptos
643 3211 762 3274 mores,
779 3211 862 3282 quos
874 3203 1049 3281 praesentes
1061 3212 1119 3281 per
1135 3213 1317 3258 sermonem

276 3299 419 3370 formare
434 3319 501 3366 non
517 3301 688 3388 poterant,
707 3296 898 3386 perscripta
914 3294 1064 3365 absentes
1078 3297 1240 3390 corrigere
1255 3319 1317 3364 sae-

276 3407 350 3501 pilis
364 3403 574 3474 studuerunt.
591 3406 640 3471 lta
656 3393 771 3471 beatus
786 3403 993 3488 Athanasius,
1009 3401 1176 3496 quiexilio
1189 3401 1314 3495 pulsus

276 3528 310 3584 et
324 3511 424 3605 patris
439 3511 474 3580 in
490 3509 870 3602 monumentolatitans,
888 3533 956 3578 non
969 3509 1075 3578 sollim
1095 3509 1238 3580 ecclesiae
1254 3509 1317 3578 sibi

276 3617 456 3704 commissae
476 3615 630 3709 praeclare
652 3639 764 3684 curam
780 3639 838 3707 per
854 3615 1007 3708 epistolas
1029 3617 1181 3707 gerebat,
1205 3617 1263 3685 sed
1283 3631 1317 3686 et

275 3727 460 3797 universam
482 3724 601 3795 Christi
615 3720 794 3791 Ecclesiam
817 3723 1013 3814 scriptorum
1035 3745 1168 3792 suorum
1190 3722 1316 3791 lumine

312 3884 320 3910 ¹
331 3876 460 3938 S.Gregor.
474 3873 551 3934 Magn.
560 3867 730 3934 prologadx't.
741 3866 857 3918 homil·
869 3866 1023 3919 ’Cassiodon
1031 3867 1133 3933 Tripart.
1144 3868 1283 3921 llistor.·lib.
1291 3886 1315 3934 x,

276 3975 328 4027 cap.
345 3958 369 4011 5.
383 3983 414 4001 -ι
431 3954 464 4008 ³1
481 3958 536 4008 Con.
548 3970 584 4020 nr,
598 3966 640 4005 aa.
