2964 4576
191 359 193 363 ¹
274 373 335 432 132
426 384 606 434 nuuroruct
629 385 655 431 s.
682 386 835 447 sarnum,
861 383 936 428 rans
960 387 1002 444 ιι,
1027 387 1111 430 sucu.
1138 389 1161 428 1.

268 500 339 560 tate
355 509 484 580 pressa,
502 487 612 556 omnia
631 483 729 578 plena
751 482 965 576 paupertatis.
983 484 1100 554 Vidisti
1125 483 1252 554 divitias
1278 486 1315 555 in
1392 541 1402 559 ,

267 593 373 664 multat
398 588 615 688 paupertate?
638 588 829 677 Quomodo,
855 591 932 661 caim
956 591 1046 662 dives
1067 605 1168 679 esset,
1192 615 1314 683 egenus

266 714 317 770 est
332 700 443 769 nostrl
467 699 563 770 causat
577 695 707 768 factus?
721 696 891 791 quomodo
911 721 1021 792 neque
1044 697 1185 785 lectum,
1204 722 1314 794 neque

227 831 230 836 ·
265 807 447 898 stragulum
468 806 600 891 habuit,
623 802 682 875 sed
707 805 742 874 in
761 803 854 876 nudo
874 806 1012 899 praesepi
1032 821 1102 876 erat
1125 809 1314 901 projectus?

264 915 294 983 0
310 926 550 1006 paupertatem,
568 911 755 983 divitiarum
772 911 920 982 fontem!
937 915 967 983 0
982 911 1112 982 divitias
1124 913 1310 1002 immensas,

262 1020 464 1112 paupertatis
481 1019 620 1114 speciem
642 1042 710 1112 prae
726 1041 760 1088 se
778 1015 939 1088 ferentes!
959 1023 998 1088 ln
1012 1007 1149 1112 praesepi
1156 1020 1263 1112 jacet,
1278 1033 1313 1090 et

263 1126 379 1197 orbem
394 1141 556 1198 terrarum
573 1125 722 1196 concutit
736 1154 744 1196 ε
758 1124 867 1196 fasciis
887 1148 1049 1196 cunarum
1061 1125 1257 1214 involvitur,
1278 1140 1312 1196 et

262 1235 389 1328 peccati
405 1234 537 1305 vincula
553 1234 739 1326 disrumpit.
757 1231 914 1304 Nondum
929 1235 965 1302 in
979 1257 1093 1304 vocem
1105 1233 1312 1304 articulatam

262 1339 381 1434 erupit,
400 1355 433 1412 et
448 1346 561 1433 Magos
583 1339 733 1426 edocuit,
751 1355 785 1410 et
801 1337 844 1409 ad
859 1342 1104 1410 conversionem
1118 1341 1307 1412 commovit.

262 1447 350 1530 Quid
366 1446 493 1534 dicam,
511 1462 568 1517 aut
585 1445 666 1540 quid
682 1446 824 1540 loquar‘l
847 1451 932 1516 Ecce
952 1446 1060 1517 infans
1079 1445 1185 1517 fasciis
1200 1447 1310 1524 invol-

259 1557 363 1642 vitur,
390 1558 480 1626 etin
508 1556 646 1650 praesepi
663 1556 752 1649 jacet
769 1586 779 1643 3
803 1552 896 1624 adest
916 1569 1027 1625 autem
1053 1570 1087 1625 et
1106 1556 1210 1625 Maria
1233 1580 1309 1648 quae

258 1666 350 1755 virgo
373 1679 406 1734 ct
428 1678 533 1734 mater
553 1678 622 1755 est3
640 1662 753 1732 aderat
776 1677 887 1732 autem
908 1677 944 1760 et
967 1665 1109 1756 loseph,
1136 1665 1194 1758 qui
1215 1669 1311 1758 pater

259 1770 454 1865 appellatur.
480 1771 541 1842 Hic
562 1769 613 1840 vir
628 1768 768 1855 dicitur,
791 1767 846 1838 illa
870 1793 952 1839 uxor
971 1783 1109 1840 vocatur
1132 1799 1139 1840 :
1161 1770 1309 1860 legitim'a

259 1892 338 1950 sunt
358 1879 492 1948 nomina
508 1875 721 1970 copulatione
734 1875 902 1966 destituta.
921 1876 1106 1944 Verborum
1123 1875 1220 1946 tenus
1235 1878 1308 1948 lraec

261 1985 343 2054 milri
358 1983 521 2075 intellige,
537 2007 605 2053 non
617 2005 727 2051 rerum
749 1977 856 2051 tenus.
875 1979 936 2052 llic
961 1981 1065 2052 solum
1079 1981 1306 2076 desponsavit,
1337 2073 1340 2080 Ι

258 2105 293 2162 et
303 2091 441 2184 Spiritus
456 2104 589 2160 sanctus
602 2086 815 2159 obumbravit
830 2087 871 2156 ei.
887 2087 983 2158 Unde
997 2090 1153 2160 dubitans
1169 2093 1305 2184 loseph,

257 2197 340 2294 quid
356 2196 534 2290 appellaret
551 2194 715 2266 infantem
735 2194 913 2264 nesciebat.
939 2199 988 2264 Ex
1012 2196 1174 2268 adulterio
1190 2213 1307 2269 natum
1396 2214 1398 2218 ’

255 2305 368 2377 dicere
381 2304 488 2398 ipsum
498 2327 566 2373 non
576 2303 740 2386 audehat,
758 2302 955 2394 probrosum
969 2303 1004 2371 in
1017 2304 1183 2394 Virginem
1195 2306 1307 2398 jacere

257 2434 443 2484 sermonem
466 2434 534 2480 non
556 2423 701 2502 poterat,
719 2407 826 2478 filium
842 2408 950 2501 ipsum
971 2409 1080 2480 dicere
1100 2435 1197 2481 suum
1214 2412 1308 2482 refu-

257 2519 369 2612 giebat
396 2546 404 2588 ε
431 2517 535 2610 probe
558 2518 702 2610 namque
722 2515 846 2584 sciebat
865 2516 928 2584 sibi
951 2517 1100 2608 ignotum
1125 2543 1213 2606 esse,
1236 2545 1306 2614 quo

256 2640 370 2721 pacto,
387 2623 441 2694 vel
457 2621 546 2692 uude
561 2619 669 2690 infans
690 2634 786 2690 natus
802 2636 886 2692 esset
904 2651 912 2692 ε
927 2645 1027 2724 quam
1045 2625 1089 2694 ob
1105 2650 1237 2696 causam
1255 2626 1306 2697 illi

257 2733 301 2804 de
322 2756 357 2802 re
372 2731 559 2816 dubitanti,
577 2727 619 2798 de
636 2727 722 2799 coelo
739 2727 908 2798 oraculum
923 2729 1040 2820 Angeli
1058 2755 1139 2802 voce
1156 2733 1305 2803 delatum

257 2853 330 2910 est:
347 2835 443 2910 Noli
455 2836 604 2922 timere,
617 2831 755 2926 Joseph
770 2859 780 2903 :
798 2831 898 2926 quod
907 2837 1002 2904 enlin
1019 2860 1067 2906 ecc
1079 2841 1127 2907 eci
1140 2841 1305 2934 genitum

257 2961 337 3032 est,
365 2943 411 3014 de
439 2941 578 3036 Spiritu
605 2954 735 3010 sancto
765 2953 818 3009 est
836 2943 860 3010 ¹.
889 2943 1026 3033 Spiritus
1062 2945 1151 3014 enim
1172 2961 1305 3016 sanctus

257 3049 384 3142 Virgini
399 3048 638 3119 obrumbravit.
663 3047 772 3131 Quare
793 3049 871 3116 verb
887 3071 927 3117 ex
939 3051 1073 3143 Virgine
1088 3053 1252 3140 nascitur,
1270 3069 1306 3126 et

255 3157 476 3248 virginitatem
503 3153 661 3224 illibatam
686 3156 812 3224 servat?
838 3153 917 3249 quia
945 3157 1113 3251 quondam
1140 3160 1304 3252 virginem

137 3321 139 3326 .
254 3271 359 3338 Evam
380 3261 509 3356 decepit
529 3259 693 3347 diabolus,
723 3259 846 3330 idcirco
871 3259 914 3331 ad
933 3265 1091 3351 Mariam,
1113 3291 1188 3360 quae
1207 3267 1302 3359 virgo

255 3389 344 3460 erat,
362 3369 493 3440 felicem
512 3370 666 3439 nuntium
683 3367 816 3438 Gabriel
835 3367 966 3441 detulit.
985 3372 1049 3444 Sed
1070 3373 1206 3468 decepta
1226 3376 1303 3468 qui·

256 3481 333 3556 dem
348 3483 418 3548 Eva
438 3476 565 3570 peperit
580 3475 733 3558 verbum,
751 3474 842 3568 quod
864 3491 1003 3558 mortem
1022 3477 1135 3548 intulit
1153 3509 1161 3550 ι
1179 3494 1213 3548 at
1224 3477 1302 3552 feli·

173 3674 177 3680 ·
254 3612 326 3662 cem
350 3585 505 3656 nuntium
524 3581 686 3674 accipiens
707 3582 809 3650 Maria
831 3583 976 3652 Verbum
994 3583 1029 3651 in
1052 3608 1149 3654 carne
1165 3589 1298 3677 genuit,

253 3699 344 3794 quod
380 3694 483 3767 vitam
513 3691 609 3758 nobis
642 3703 799 3757 {eternam
836 3689 999 3759 conciliat.
1036 3693 1183 3762 Verbum
1216 3699 1297 3764 Evae

252 3805 381 3896 lignum
400 3795 571 3883 indicavit,
595 3818 653 3888 per
667 3793 759 3890 quod
773 3793 901 3886 lignum
924 3795 1108 3890 eparadiso
1129 3799 1297 3874 Adamum

289 3939 298 3968 ¹
312 3928 399 3981 ttatth.
409 3943 428 3991 r,
444 3939 488 3991 ao,
503 3931 529 3978 et
543 3927 602 3976 buc.
624 3940 643 3988 r,
657 3923 696 3975 35.
