2982 4584
241 521 345 570 oaanu·
369 525 414 567 vr.
441 523 483 566 oa
506 521 663 566 nanneno
678 513 712 564 tn
728 519 935 565 concremans
952 513 1118 564 lnnrmra.
1153 502 1212 566 501
1303 533 1305 541 s

174 633 224 690 tot
241 623 305 690 sint
318 621 376 714 qui
391 613 570 690 esurientes
589 616 676 686 alere
688 578 816 710 possint
831 670 839 705 ‚
855 616 953 686 multi
971 599 1048 688 saint
1065 617 1123 712 qui
1139 641 1217 688 esu-

172 727 290 798 rientes
310 726 432 798 lectum
459 739 595 818 petant,
620 747 688 796 non
707 723 800 817 qudd
820 747 888 794 nou
913 721 1044 794 valeant
1066 724 1215 816 opulenti

171 831 236 924 illis
251 831 344 903 facile
360 831 539 902 necessaria
562 829 832 916 subministrare,
859 827 917 898 sed
939 831 1017 923 quia
1035 829 1215 901 admodum

171 940 246 1009 duri
262 937 501 1030 inhumanique
516 951 604 1007 sunt.
624 939 707 1006 Nam
720 936 747 1006 si
769 937 905 1022 divites,
924 951 958 1006 et
972 937 1015 1023 ii,
1034 938 1093 1031 qui
1108 935 1217 1008 lacul-

170 1047 294 1116 tatibus
306 1043 515 1114 mediocriter
529 1041 667 1136 pollent,
679 1042 810 1114 interae
826 1041 975 1112 dividant
991 1067 1045 1114 eos
1061 1044 1120 1136 qui
1131 1067 1218 1137 pane

170 1167 204 1224 et
218 1151 365 1223 vestibus
378 1165 496 1241 egent,
512 1150 567 1219 vix
581 1150 837 1244 quinquaginta,
853 1150 908 1220 vel
923 1149 1009 1221 forre
1025 1166 1159 1222 centum
1170 1153 1217 1222 vi·

169 1259 213 1328 ris
228 1280 355 1351 pauper
365 1280 452 1327 unus
472 1257 608 1326 alendus
623 1259 815 1350 reperietur.
833 1262 988 1328 Attamen
1004 1260 1040 1327 in
1051 1261 1144 1328 tantal
1159 1282 1218 1328 co-

168 1367 224 1460 pia
239 1373 367 1450 corum,
379 1364 438 1457 qui
453 1365 632 1434 necessaria
647 1364 895 1447 subministrare
905 1381 1055 1460 possunt,
1065 1366 1216 1462 quotidie

168 1495 329 1566 pauperes
347 1485 525 1564 egestatem
540 1494 633 1540 suam
649 1469 834 1564 deplorant.
851 1477 896 1560 Et
910 1486 948 1541 ut
964 1471 1067 1542 discas
1082 1472 1215 1542 illorum

168 1577 423 1663 immanitatem,
441 1577 586 1647 Ecclesia
602 1577 700 1646 unius
720 1575 900 1646 admodum
917 1576 1049 1664 divitis,
1067 1580 1214 1648 etunius

168 1683 341 1754 mediocris
360 1683 503 1756 fortunae
525 1683 669 1782 reditum
683 1685 802 1770 habet,
821 1697 864 1752 *et
877 1684 1000 1776 cogites
1015 1685 1116 1756 velim
1131 1701 1214 1780 quot
1304 1726 1308 1732 ·

166 1792 297 1879 viduas,
316 1806 399 1886 quot
417 1781 559 1882 virgines
579 1791 646 1860 alat
661 1789 809 1883 quotidie
828 1819 836 1860 :
853 1813 967 1860 earum
983 1792 1072 1862 certe
1090 1793 1215 1864 catalo-

167 1921 228 1989 gus
249 1899 292 1967 ad
306 1913 357 1968 ter
374 1897 465 1966 mille
479 1897 647 1989 per-tingit.
665 1895 718 1966 Ad
729 1897 801 1965 haec
813 1898 912 1966 etiam
927 1897 963 1966 in
977 1921 1106 1968 carcere
1117 1898 1213 1969 vinc-

167 2017 229 2090 tos,
253 2003 288 2073 in
299 2003 506 2074 xenodochio
517 2025 633 2094 aegros,
649 2002 730 2072 alios
745 2002 831 2072 bene
843 2004 1001 2090 valentes,
1013 2005 1211 2098 peregrinos

165 2111 322 2180 membris
350 2109 505 2196 mutilos,
543 2109 638 2178 altari
665 2108 843 2179 assidentes
875 2109 1022 2206 alimenti
1049 2111 1213 2206 vestisque

165 2219 275 2304 causal,
293 2217 438 2311 aliosque
453 2240 531 2286 casu
543 2215 734 2290 aecedentes
748 2214 836 2286 fovet
849 2216 997 2310 quotidie
1014 2248 1021 2288 :
1039 2241 1148 2312 neque
1163 2233 1212 2288 ta-

164 2347 242 2395 men
258 2327 327 2418 ejus
343 2323 516 2395 facultates
531 2325 714 2395 imminutae
730 2339 819 2394 sunt.
836 2327 954 2418 Itaque
970 2328 997 2395 si
1020 2325 1135 2397 decem
1151 2327 1212 2396 viri
1290 2399 1295 2406 ,

151 2433 295 2504 tantiam
315 2433 406 2526 paria
422 2433 670 2504 subministrare
685 2430 826 2520 vellent,
844 2431 956 2502 nullus
971 2429 1057 2503 soret
1072 2431 1208 2526 pauper.

210 2567 227 2605 a
245 2539 396 2634 Ecquid,
414 2539 562 2634 inquies,
580 2538 692 2608 liberis
708 2539 827 2609 nostris
838 2539 1021 2632 supererit?
1035 2542 1109 2610 Sors
1123 2561 1211 2610 sem·

150 2639 223 2738 'per
238 2660 370 2730 manet,
394 2661 428 2713 et
442 2647 567 2715 reditus
582 2661 743 2734 augetur,
761 2647 788 2714 si
804 2647 839 2714 in
858 2647 951 2736 coelis
965 2646 1139 2718 facultates
1154 2671 1211 2719 eo·

164 2774 239 2820 rum
256 2764 469 2843 reponantur.
478 2751 576 2832 Quod
588 2750 615 2818 si
627 2745 756 2818 itlt‘non¹
766 2750 879 2835 vultis,
889 2751 1004 2822 saltem
1020 2753 1208 2840 dimidium,

163 2857 218 2927 vel
233 2857 384 2942 tertiam,
407 2854 461 2942 vel
476 2868 645 2948 quartam,
661 2855 812 2948 quintam
835 2869 893 2925 aut
911 2856 1073 2926 decimam
1091 2883 1212 2928 nume·

164 2975 245 3032 rate.
269 2965 331 3030 Per
345 2962 404 3030 Dei
420 2961 557 3054 gratiam
572 2961 660 3029 enim
683 2973 793 3053 posset
808 2957 1008 3048 haeccivitas
1023 2977 1135 3033 nostra
1151 2964 1211 3034 de-

164 3089 236 3138 cem
252 3067 423 3138 civitatum
438 3089 598 3161 pauperes
610 3066 708 3137 alere.
723 3070 768 3137 Et
781 3071 808 3136 si
820 3067 939 3160 placet,
957 3069 1029 3139 haec
1042 3086 1209 3163 compute·
1236 3064 1238 3072 ’
1321 3106 1323 3111 ·

163 3197 264 3264 mus,
298 3173 366 3243 imo
394 3173 486 3244 nulla
515 3173 732 3268 computandi
761 3175 968 3246 necessitas:
995 3177 1208 3250 manifestum

163 3281 288 3374 quippe
313 3293 362 3348 est
384 3282 484 3373 quam
513 3280 617 3369 facilis
641 3303 692 3349 res
717 3278 774 3348 illa
796 3281 848 3350 sit.
867 3281 984 3350 Videte
1000 3283 1100 3372 igitur
1124 3300 1227 3378 quot·

163 3387 354 3482 quantaque
368 3411 436 3457 una
452 3386 569 3455 domus
595 3386 637 3454 ad
652 3383 780 3453 urbana
803 3407 902 3454 onera
919 3388 1005 3479 saepe
1027 3390 1206 3459 subminis-

162 3509 250 3565 trare
262 3517 331 3564 non
348 3507 512 3586 gravetur,
523 3493 641 3584 vixque
653 3504 764 3560 tamen
779 3491 870 3560 hunc
886 3508 1055 3585 sumptum
1071 3498 1202 3566 sentiat.

127 3667 131 3682 ‚
164 3599 199 3671 Si
212 3602 276 3670 hoc
291 3601 431 3695 quisque
446 3599 587 3669 divitum
602 3596 818 3668 ministerium
834 3599 869 3666 in
882 3623 1041 3698 pauperes
1057 3626 1206 3672 exercere

80 3771 83 3778 .
161 3706 280 3793 vellet,
309 3731 379 3778 uno
401 3707 557 3801 temporis
578 3719 748 3776 momento
770 3705 895 3778 coelum
915 3708 1090 3800 abriperet.
1121 3715 1204 3794 Quae

161 3814 257 3886 venia
273 3813 390 3904 igitur,
404 3837 480 3907 quae
495 3811 709 3884 excusationis
721 3814 852 3901 umbra,
864 3816 999 3907 quando
1015 3838 1057 3884 ne
1072 3840 1110 3886 ea
1124 3820 1202 3911 qui·

140 3924 257 4008 ‘dem,
282 3945 358 4015 quae
383 3922 438 3990 hle
459 3923 634 4012 migrantes
660 3919 807 3991 relicturi
826 3945 955 4009 sumus,
973 3925 1041 3992 tam
1068 3925 1202 4017 largiter

161 4028 270 4121 egenis
285 4025 543 4122 suppeditamus,
554 4029 655 4122 quam
670 4026 724 4100 alii
735 4028 869 4100 scenicis
880 4044 1029 4122 erogant,
1038 4030 1115 4101 cdni
1125 4046 1201 4102 tan-
