<?xml version="1.0" encoding="UTF-8"?>
<!DOCTYPE html PUBLIC "-//W3C//DTD XHTML 1.0 Transitional//EN"
    "http://www.w3.org/TR/xhtml1/DTD/xhtml1-transitional.dtd">
<html xmlns="http://www.w3.org/1999/xhtml" xml:lang="en" lang="en">
 <head>
  <title>
</title>
<meta http-equiv="Content-Type" content="text/html;charset=utf-8" />
  <meta name='ocr-system' content='tesseract 3.04.00' />
  <meta name='ocr-capabilities' content='ocr_page ocr_carea ocr_par ocr_line ocrx_word'/>
</head>
<body>
  <div class='ocr_page' id='page_1' title='image "./rhetoricasancto00cailgoog_0094.png"; bbox 0 0 2996 4598; ppageno 0'>
   <div class='ocr_carea' id='block_1_1' title="bbox 163 415 1296 3282">
    <p class='ocr_par' dir='ltr' id='par_1_1' title="bbox 170 415 1282 1046">
     <span class='ocr_line' id='line_1_1' title="bbox 239 415 1212 478; baseline 0.008 -12"><span class='ocrx_word' id='word_1_1' title='bbox 239 423 341 470; x_wconf 76' lang='lat' dir='ltr'>canuc</span> <span class='ocrx_word' id='word_1_2' title='bbox 363 430 409 473; x_wconf 89' lang='lat' dir='ltr'>vr.</span> <span class='ocrx_word' id='word_1_3' title='bbox 433 427 475 472; x_wconf 79' lang='lat' dir='ltr'>na</span> <span class='ocrx_word' id='word_1_4' title='bbox 497 427 653 478; x_wconf 73' lang='lat' dir='ltr'>neruoso</span> <span class='ocrx_word' id='word_1_5' title='bbox 676 425 712 470; x_wconf 80' lang='lat' dir='ltr'>ut</span> <span class='ocrx_word' id='word_1_6' title='bbox 733 425 941 476; x_wconf 78' lang='lat' dir='ltr'>conaremur</span> <span class='ocrx_word' id='word_1_7' title='bbox 963 422 1131 474; x_wconf 71' lang='lat' dir='ltr'>inererat.</span> <span class='ocrx_word' id='word_1_8' title='bbox 1169 415 1212 477; x_wconf 74' lang='lat'>87</span> 
     </span>
     <span class='ocr_line' id='line_1_2' title="bbox 173 522 1212 620; baseline 0.01 -30"><span class='ocrx_word' id='word_1_9' title='bbox 173 544 238 618; x_wconf 87' lang='lat' dir='ltr'>qne</span> <span class='ocrx_word' id='word_1_10' title='bbox 251 522 350 595; x_wconf 76' lang='lat' dir='ltr'>simul</span> <span class='ocrx_word' id='word_1_11' title='bbox 365 524 465 616; x_wconf 79' lang='lat' dir='ltr'>magis</span> <span class='ocrx_word' id='word_1_12' title='bbox 481 525 634 616; x_wconf 86' lang='lat' dir='ltr'>ignotum</span> <span class='ocrx_word' id='word_1_13' title='bbox 648 523 765 592; x_wconf 80' lang='lat' dir='ltr'>existat</span> <span class='ocrx_word' id='word_1_14' title='bbox 778 523 879 616; x_wconf 73' lang='lat' dir='ltr'>quim</span> <span class='ocrx_word' id='word_1_15' title='bbox 892 523 1020 618; x_wconf 84' lang='lat' dir='ltr'>sapiens</span> <span class='ocrx_word' id='word_1_16' title='bbox 1034 549 1212 620; x_wconf 81' lang='lat' dir='ltr'>puerorum</span> 
     </span>
     <span class='ocr_line' id='line_1_3' title="bbox 172 628 1282 726; baseline 0.006 -26"><span class='ocrx_word' id='word_1_17' title='bbox 172 631 550 726; x_wconf 86' lang='lat' dir='ltr'>radiumqueinstitntio.</span> <span class='ocrx_word' id='word_1_18' title='bbox 562 637 677 724; x_wconf 81' lang='lat' dir='ltr'>ipsum</span> <span class='ocrx_word' id='word_1_19' title='bbox 685 628 862 698; x_wconf 84' lang='lat' dir='ltr'>delectabit</span> <span class='ocrx_word' id='word_1_20' title='bbox 870 629 1213 726; x_wconf 71' lang='lat' dir='ltr'>audiredugustinum</span> <span class='ocrx_word' id='word_1_21' title='bbox 1279 717 1282 724; x_wconf 28' lang='lat'>¹</span> 
     </span>
     <span class='ocr_line' id='line_1_4' title="bbox 173 733 1212 832; baseline 0.011 -28"><span class='ocrx_word' id='word_1_22' title='bbox 173 736 285 809; x_wconf 73' lang='lat' dir='ltr'>eddom</span> <span class='ocrx_word' id='word_1_23' title='bbox 297 739 363 832; x_wconf 71' lang='lat' dir='ltr'>qua</span> <span class='ocrx_word' id='word_1_24' title='bbox 370 739 540 810; x_wconf 86' lang='lat' dir='ltr'>haereticos</span> <span class='ocrx_word' id='word_1_25' title='bbox 551 734 730 806; x_wconf 89' lang='lat' dir='ltr'>debellavit</span> <span class='ocrx_word' id='word_1_26' title='bbox 737 733 862 826; x_wconf 66' lang='lat' dir='ltr'>lingui,</span> <span class='ocrx_word' id='word_1_27' title='bbox 875 736 972 806; x_wconf 86' lang='lat' dir='ltr'>rudes</span> <span class='ocrx_word' id='word_1_28' title='bbox 988 740 1112 812; x_wconf 90' lang='lat' dir='ltr'>animos</span> <span class='ocrx_word' id='word_1_29' title='bbox 1126 757 1212 819; x_wconf 86' lang='lat' dir='ltr'>cate·</span> 
     </span>
     <span class='ocr_line' id='line_1_5' title="bbox 172 837 1274 938; baseline 0.008 -25"><span class='ocrx_word' id='word_1_30' title='bbox 172 844 365 934; x_wconf 89' lang='lat' dir='ltr'>chizantem,</span> <span class='ocrx_word' id='word_1_31' title='bbox 377 845 559 931; x_wconf 88' lang='lat' dir='ltr'>neoverba,</span> <span class='ocrx_word' id='word_1_32' title='bbox 573 843 696 938; x_wconf 90' lang='lat' dir='ltr'>quibus</span> <span class='ocrx_word' id='word_1_33' title='bbox 706 845 1033 934; x_wconf 88' lang='lat' dir='ltr'>onereturmemoria,</span> <span class='ocrx_word' id='word_1_34' title='bbox 1043 847 1210 936; x_wconf 76' lang='lat' dir='ltr'>seducta,</span> <span class='ocrx_word' id='word_1_35' title='bbox 1265 837 1274 860; x_wconf 84' lang='grc'><em>’</em></span> 
     </span>
     <span class='ocr_line' id='line_1_6' title="bbox 170 948 1078 1046; baseline -0.006 -24"><span class='ocrx_word' id='word_1_36' title='bbox 170 951 290 1044; x_wconf 91' lang='lat' dir='ltr'>quibus</span> <span class='ocrx_word' id='word_1_37' title='bbox 302 951 508 1022; x_wconf 88' lang='lat' dir='ltr'>illuminetur</span> <span class='ocrx_word' id='word_1_38' title='bbox 520 949 725 1034; x_wconf 87' lang='lat' dir='ltr'>intellectus,</span> <span class='ocrx_word' id='word_1_39' title='bbox 742 948 957 1038; x_wconf 83' lang='lat' dir='ltr'><strong>ingerentem.</strong></span> <span class='ocrx_word' id='word_1_40' title='bbox 1074 1041 1078 1046; x_wconf 27' lang='grc' dir='ltr'>Ι</span> 
     </span>
    </p>

    <p class='ocr_par' dir='ltr' id='par_1_2' title="bbox 165 1054 1275 1786">
     <span class='ocr_line' id='line_1_7' title="bbox 212 1054 1213 1154; baseline 0.002 -26"><span class='ocrx_word' id='word_1_41' title='bbox 212 1060 275 1128; x_wconf 86' lang='lat' dir='ltr'>Hic</span> <span class='ocrx_word' id='word_1_42' title='bbox 298 1074 410 1130; x_wconf 88' lang='lat' dir='ltr'>autem</span> <span class='ocrx_word' id='word_1_43' title='bbox 434 1059 495 1146; x_wconf 85' lang='lat' dir='ltr'>ubi</span> <span class='ocrx_word' id='word_1_44' title='bbox 517 1058 561 1128; x_wconf 89' lang='lat' dir='ltr'>de</span> <span class='ocrx_word' id='word_1_45' title='bbox 588 1055 742 1148; x_wconf 84' lang='lat' dir='ltr'>exemplis</span> <span class='ocrx_word' id='word_1_46' title='bbox 767 1054 876 1148; x_wconf 79' lang='lat' dir='ltr'>potiris</span> <span class='ocrx_word' id='word_1_47' title='bbox 902 1056 1023 1147; x_wconf 84' lang='lat' dir='ltr'>agitur,</span> <span class='ocrx_word' id='word_1_48' title='bbox 1052 1057 1153 1154; x_wconf 70' lang='lat' dir='ltr'>quam</span> <span class='ocrx_word' id='word_1_49' title='bbox 1171 1059 1213 1132; x_wconf 90' lang='lat' dir='ltr'>de</span> 
     </span>
     <span class='ocr_line' id='line_1_8' title="bbox 169 1161 1275 1260; baseline 0.002 -26"><span class='ocrx_word' id='word_1_50' title='bbox 169 1168 361 1258; x_wconf 72' lang='lat' dir='ltr'>praeceptis,</span> <span class='ocrx_word' id='word_1_51' title='bbox 389 1165 488 1236; x_wconf 89' lang='lat' dir='ltr'>licoat</span> <span class='ocrx_word' id='word_1_52' title='bbox 509 1165 553 1236; x_wconf 93' lang='lat' dir='ltr'>ob</span> <span class='ocrx_word' id='word_1_53' title='bbox 580 1161 691 1235; x_wconf 91' lang='lat' dir='ltr'>oculos</span> <span class='ocrx_word' id='word_1_54' title='bbox 713 1161 894 1252; x_wconf 82' lang='lat' dir='ltr'>legentium</span> <span class='ocrx_word' id='word_1_55' title='bbox 914 1187 1052 1256; x_wconf 90' lang='lat' dir='ltr'>ponere,</span> <span class='ocrx_word' id='word_1_56' title='bbox 1078 1189 1154 1260; x_wconf 87' lang='lat' dir='ltr'>quae</span> <span class='ocrx_word' id='word_1_57' title='bbox 1179 1182 1212 1237; x_wconf 88' lang='lat' dir='ltr'>et</span> <span class='ocrx_word' id='word_1_58' title='bbox 1273 1196 1275 1202; x_wconf 54' lang='lat'><strong><em>¹</em></strong></span> 
     </span>
     <span class='ocr_line' id='line_1_9' title="bbox 168 1267 1212 1366; baseline 0.002 -24"><span class='ocrx_word' id='word_1_59' title='bbox 168 1273 340 1366; x_wconf 78' lang='lat' dir='ltr'>quomodd</span> <span class='ocrx_word' id='word_1_60' title='bbox 357 1291 470 1340; x_wconf 89' lang='lat' dir='ltr'>recens</span> <span class='ocrx_word' id='word_1_61' title='bbox 483 1270 525 1340; x_wconf 88' lang='lat' dir='ltr'>ad</span> <span class='ocrx_word' id='word_1_62' title='bbox 539 1271 638 1340; x_wconf 90' lang='lat' dir='ltr'>vitam</span> <span class='ocrx_word' id='word_1_63' title='bbox 652 1267 731 1338; x_wconf 89' lang='lat' dir='ltr'>fidei</span> <span class='ocrx_word' id='word_1_64' title='bbox 746 1282 839 1340; x_wconf 87' lang='lat' dir='ltr'>natos</span> <span class='ocrx_word' id='word_1_65' title='bbox 853 1268 986 1340; x_wconf 91' lang='lat' dir='ltr'>doceret</span> <span class='ocrx_word' id='word_1_66' title='bbox 997 1284 1128 1342; x_wconf 86' lang='lat' dir='ltr'>sanctus</span> <span class='ocrx_word' id='word_1_67' title='bbox 1142 1275 1212 1364; x_wconf 85' lang='lat' dir='ltr'>Cy·</span> 
     </span>
     <span class='ocr_line' id='line_1_10' title="bbox 167 1374 1255 1480; baseline 0.003 -34"><span class='ocrx_word' id='word_1_68' title='bbox 167 1375 262 1448; x_wconf 87' lang='lat' dir='ltr'>rillus</span> <span class='ocrx_word' id='word_1_69' title='bbox 280 1376 603 1466; x_wconf 88' lang='lat' dir='ltr'>Hierosolymitanus.</span> <span class='ocrx_word' id='word_1_70' title='bbox 623 1375 731 1444; x_wconf 84' lang='lat' dir='ltr'><strong>Lectis</strong></span> <span class='ocrx_word' id='word_1_71' title='bbox 747 1374 891 1468; x_wconf 81' lang='lat' dir='ltr'>primirm</span> <span class='ocrx_word' id='word_1_72' title='bbox 905 1375 957 1446; x_wconf 89' lang='lat' dir='ltr'>his</span> <span class='ocrx_word' id='word_1_73' title='bbox 972 1377 1120 1470; x_wconf 77' lang='lat' dir='ltr'><strong>Apostoli</strong></span> <span class='ocrx_word' id='word_1_74' title='bbox 1135 1403 1211 1450; x_wconf 82' lang='lat' dir='ltr'>ver·</span> <span class='ocrx_word' id='word_1_75' title='bbox 1246 1465 1255 1480; x_wconf 26' lang='grc' dir='ltr'>ὓ</span> 
     </span>
     <span class='ocr_line' id='line_1_11' title="bbox 167 1477 1213 1578; baseline 0.004 -26"><span class='ocrx_word' id='word_1_76' title='bbox 167 1482 220 1552; x_wconf 92' lang='lat' dir='ltr'>bis</span> <span class='ocrx_word' id='word_1_77' title='bbox 240 1511 248 1552; x_wconf 75' lang='lat' dir='ltr'>r</span> <span class='ocrx_word' id='word_1_78' title='bbox 266 1481 352 1578; x_wconf 79' lang='lat' dir='ltr'>Ego</span> <span class='ocrx_word' id='word_1_79' title='bbox 368 1495 489 1561; x_wconf 81' lang='lat' dir='ltr'>cutem</span> <span class='ocrx_word' id='word_1_80' title='bbox 505 1479 634 1572; x_wconf 82' lang='lat' dir='ltr'>accepi</span> <span class='ocrx_word' id='word_1_81' title='bbox 656 1477 875 1566; x_wconf 81' lang='lat' dir='ltr'>ciDomino,</span> <span class='ocrx_word' id='word_1_82' title='bbox 899 1477 999 1570; x_wconf 84' lang='lat' dir='ltr'>quod</span> <span class='ocrx_word' id='word_1_83' title='bbox 1017 1495 1052 1552; x_wconf 86' lang='lat' dir='ltr'>et</span> <span class='ocrx_word' id='word_1_84' title='bbox 1073 1482 1213 1556; x_wconf 81' lang='lat' dir='ltr'>tradidi</span> 
     </span>
     <span class='ocr_line' id='line_1_12' title="bbox 166 1585 1211 1673; baseline 0.007 -17"><span class='ocrx_word' id='word_1_85' title='bbox 166 1586 389 1673; x_wconf 70' lang='lat' dir='ltr'>vobzs15sic</span> <span class='ocrx_word' id='word_1_86' title='bbox 413 1588 490 1658; x_wconf 73' lang='lat' dir='ltr'>inde</span> <span class='ocrx_word' id='word_1_87' title='bbox 513 1586 684 1658; x_wconf 86' lang='lat' dir='ltr'><strong>exordium</strong></span> <span class='ocrx_word' id='word_1_88' title='bbox 710 1587 834 1658; x_wconf 90' lang='lat' dir='ltr'>ducens</span> <span class='ocrx_word' id='word_1_89' title='bbox 853 1585 994 1656; x_wconf 89' lang='lat' dir='ltr'>sublime</span> <span class='ocrx_word' id='word_1_90' title='bbox 1018 1601 1050 1658; x_wconf 91' lang='lat' dir='ltr'>ct</span> <span class='ocrx_word' id='word_1_91' title='bbox 1071 1591 1211 1663; x_wconf 88' lang='lat' dir='ltr'>arduum</span> 
     </span>
     <span class='ocr_line' id='line_1_13' title="bbox 165 1693 1174 1786; baseline -0.005 -22"><span class='ocrx_word' id='word_1_92' title='bbox 165 1695 381 1766; x_wconf 73' lang='lat' dir='ltr'>Eucharistiae</span> <span class='ocrx_word' id='word_1_93' title='bbox 397 1696 589 1786; x_wconf 76' lang='lat' dir='ltr'>mysterium</span> <span class='ocrx_word' id='word_1_94' title='bbox 602 1693 785 1782; x_wconf 13' lang='lat' dir='ltr'>evolvebatt.</span> <span class='ocrx_word' id='word_1_95' title='bbox 1170 1753 1174 1759; x_wconf 88' lang='lat'><em>.</em></span> 
     </span>
    </p>

    <p class='ocr_par' dir='ltr' id='par_1_3' title="bbox 163 1797 1296 3282">
     <span class='ocr_line' id='line_1_14' title="bbox 212 1797 1210 1878; baseline 0.011 -12"><span class='ocrx_word' id='word_1_96' title='bbox 212 1830 228 1867; x_wconf 76' lang='lat' dir='ltr'>a</span> <span class='ocrx_word' id='word_1_97' title='bbox 247 1801 309 1870; x_wconf 81' lang='lat' dir='ltr'>Vel</span> <span class='ocrx_word' id='word_1_98' title='bbox 325 1803 396 1873; x_wconf 88' lang='lat' dir='ltr'>haec</span> <span class='ocrx_word' id='word_1_99' title='bbox 411 1802 479 1872; x_wconf 87' lang='lat' dir='ltr'>sola</span> <span class='ocrx_word' id='word_1_100' title='bbox 499 1801 588 1870; x_wconf 89' lang='lat' dir='ltr'>beati</span> <span class='ocrx_word' id='word_1_101' title='bbox 604 1799 699 1870; x_wconf 87' lang='lat' dir='ltr'>Pauli</span> <span class='ocrx_word' id='word_1_102' title='bbox 718 1799 879 1868; x_wconf 90' lang='lat' dir='ltr'>institutio</span> <span class='ocrx_word' id='word_1_103' title='bbox 898 1797 1031 1870; x_wconf 79' lang='lat' dir='ltr'>abunde</span> <span class='ocrx_word' id='word_1_104' title='bbox 1045 1803 1210 1878; x_wconf 88' lang='lat' dir='ltr'>sufficiens</span> 
     </span>
     <span class='ocr_line' id='line_1_15' title="bbox 167 1903 1208 1994; baseline 0.006 -18"><span class='ocrx_word' id='word_1_105' title='bbox 167 1921 232 1993; x_wconf 89' lang='lat' dir='ltr'>est,</span> <span class='ocrx_word' id='word_1_106' title='bbox 256 1921 295 1976; x_wconf 95' lang='lat' dir='ltr'>ut</span> <span class='ocrx_word' id='word_1_107' title='bbox 314 1922 437 1978; x_wconf 90' lang='lat' dir='ltr'>certam</span> <span class='ocrx_word' id='word_1_108' title='bbox 459 1907 552 1978; x_wconf 92' lang='lat' dir='ltr'>vobis</span> <span class='ocrx_word' id='word_1_109' title='bbox 572 1905 614 1976; x_wconf 89' lang='lat' dir='ltr'>de</span> <span class='ocrx_word' id='word_1_110' title='bbox 636 1905 754 1976; x_wconf 90' lang='lat' dir='ltr'>divinis</span> <span class='ocrx_word' id='word_1_111' title='bbox 772 1905 933 1994; x_wconf 87' lang='lat' dir='ltr'>mysteriis</span> <span class='ocrx_word' id='word_1_112' title='bbox 953 1903 1054 1976; x_wconf 91' lang='lat' dir='ltr'>fidem</span> <span class='ocrx_word' id='word_1_113' title='bbox 1072 1907 1174 1980; x_wconf 86' lang='lat' dir='ltr'>faciat</span> <span class='ocrx_word' id='word_1_114' title='bbox 1201 1942 1208 1982; x_wconf 91' lang='lat'><strong>:</strong></span> 
     </span>
     <span class='ocr_line' id='line_1_16' title="bbox 167 2013 1211 2107; baseline 0.008 -25"><span class='ocrx_word' id='word_1_115' title='bbox 167 2015 287 2107; x_wconf 87' lang='lat' dir='ltr'>quibus</span> <span class='ocrx_word' id='word_1_116' title='bbox 312 2014 404 2106; x_wconf 86' lang='lat' dir='ltr'>digni</span> <span class='ocrx_word' id='word_1_117' title='bbox 426 2015 551 2101; x_wconf 90' lang='lat' dir='ltr'>habiti,</span> <span class='ocrx_word' id='word_1_118' title='bbox 575 2013 789 2106; x_wconf 87' lang='lat' dir='ltr'>concorporei</span> <span class='ocrx_word' id='word_1_119' title='bbox 808 2027 842 2082; x_wconf 92' lang='lat' dir='ltr'>et</span> <span class='ocrx_word' id='word_1_120' title='bbox 863 2036 1067 2105; x_wconf 84' lang='lat' dir='ltr'>consangues</span> <span class='ocrx_word' id='word_1_121' title='bbox 1090 2017 1211 2090; x_wconf 86' lang='lat' dir='ltr'>Christi</span> 
     </span>
     <span class='ocr_line' id='line_1_17' title="bbox 167 2113 1296 2217; baseline 0.006 -28"><span class='ocrx_word' id='word_1_122' title='bbox 167 2119 245 2190; x_wconf 84' lang='lat' dir='ltr'>facti</span> <span class='ocrx_word' id='word_1_123' title='bbox 279 2121 366 2190; x_wconf 89' lang='lat' dir='ltr'>estis.</span> <span class='ocrx_word' id='word_1_124' title='bbox 403 2120 463 2190; x_wconf 93' lang='lat' dir='ltr'>llle</span> <span class='ocrx_word' id='word_1_125' title='bbox 492 2121 581 2190; x_wconf 86' lang='lat' dir='ltr'>eninr</span> <span class='ocrx_word' id='word_1_126' title='bbox 614 2120 714 2190; x_wconf 81' lang='lat' dir='ltr'>modo</span> <span class='ocrx_word' id='word_1_127' title='bbox 746 2117 911 2188; x_wconf 86' lang='lat' dir='ltr'>clamabat</span> <span class='ocrx_word' id='word_1_128' title='bbox 935 2149 943 2191; x_wconf 74' lang='grc' dir='ltr'>ι</span> <span class='ocrx_word' id='word_1_129' title='bbox 969 2113 1086 2217; x_wconf 63' lang='lat' dir='ltr'>&#39;Quod</span> <span class='ocrx_word' id='word_1_130' title='bbox 1102 2125 1140 2194; x_wconf 83' lang='lat' dir='ltr'>in</span> <span class='ocrx_word' id='word_1_131' title='bbox 1165 2130 1212 2196; x_wconf 75' lang='lat' dir='ltr'>ea⁴</span> <span class='ocrx_word' id='word_1_132' title='bbox 1290 2161 1296 2170; x_wconf 91' lang='lat'><strong>·</strong></span> 
     </span>
     <span class='ocr_line' id='line_1_18' title="bbox 167 2224 1210 2318; baseline 0.006 -22"><span class='ocrx_word' id='word_1_133' title='bbox 167 2241 286 2314; x_wconf 84' lang='lat' dir='ltr'>nocte,</span> <span class='ocrx_word' id='word_1_134' title='bbox 306 2230 382 2318; x_wconf 75' lang='lat' dir='ltr'>qud</span> <span class='ocrx_word' id='word_1_135' title='bbox 399 2224 616 2298; x_wconf 79' lang='lat' dir='ltr'>tradebatur</span> <span class='ocrx_word' id='word_1_136' title='bbox 629 2225 808 2298; x_wconf 82' lang='lat' dir='ltr'>Dominus</span> <span class='ocrx_word' id='word_1_137' title='bbox 822 2239 946 2296; x_wconf 87' lang='lat' dir='ltr'>noster</span> <span class='ocrx_word' id='word_1_138' title='bbox 959 2224 985 2296; x_wconf 87' lang='lat' dir='ltr'><em>J</em></span> <span class='ocrx_word' id='word_1_139' title='bbox 987 2251 1067 2297; x_wconf 85' lang='lat' dir='ltr'>esus</span> <span class='ocrx_word' id='word_1_140' title='bbox 1086 2228 1210 2302; x_wconf 81' lang='lat' dir='ltr'>Chris-</span> 
     </span>
     <span class='ocr_line' id='line_1_19' title="bbox 169 2330 1211 2428; baseline 0.008 -28"><span class='ocrx_word' id='word_1_141' title='bbox 169 2346 234 2422; x_wconf 85' lang='lat' dir='ltr'>tus,</span> <span class='ocrx_word' id='word_1_142' title='bbox 250 2347 394 2426; x_wconf 83' lang='lat' dir='ltr'>rumpto</span> <span class='ocrx_word' id='word_1_143' title='bbox 406 2356 507 2426; x_wconf 85' lang='lat' dir='ltr'>pone</span> <span class='ocrx_word' id='word_1_144' title='bbox 524 2347 559 2402; x_wconf 86' lang='lat' dir='ltr'>et</span> <span class='ocrx_word' id='word_1_145' title='bbox 571 2333 704 2428; x_wconf 79' lang='lat' dir='ltr'>gratiis</span> <span class='ocrx_word' id='word_1_146' title='bbox 719 2333 824 2420; x_wconf 83' lang='lat' dir='ltr'>actr&#39;s,</span> <span class='ocrx_word' id='word_1_147' title='bbox 828 2332 963 2428; x_wconf 82' lang='lat' dir='ltr'>fregit,</span> <span class='ocrx_word' id='word_1_148' title='bbox 980 2330 1211 2408; x_wconf 73' lang='lat' dir='ltr'>etdedr&#39;tsurs</span> 
     </span>
     <span class='ocr_line' id='line_1_20' title="bbox 167 2435 1212 2533; baseline 0.008 -25"><span class='ocrx_word' id='word_1_149' title='bbox 167 2437 362 2533; x_wconf 76' lang='lat' dir='ltr'>Discrpulr&#39;s</span> <span class='ocrx_word' id='word_1_150' title='bbox 387 2437 539 2516; x_wconf 72' lang='lat' dir='ltr'>dicens:</span> <span class='ocrx_word' id='word_1_151' title='bbox 569 2439 758 2530; x_wconf 76' lang='lat' dir='ltr'>Accipite,</span> <span class='ocrx_word' id='word_1_152' title='bbox 781 2435 1005 2510; x_wconf 86' lang='lat' dir='ltr'>manducate</span> <span class='ocrx_word' id='word_1_153' title='bbox 1009 2470 1027 2526; x_wconf 91' lang='lat'>,·</span> <span class='ocrx_word' id='word_1_154' title='bbox 1057 2435 1127 2515; x_wconf 79' lang='lat' dir='ltr'>lroc</span> <span class='ocrx_word' id='word_1_155' title='bbox 1157 2458 1212 2516; x_wconf 85' lang='lat' dir='ltr'>est</span> 
     </span>
     <span class='ocr_line' id='line_1_21' title="bbox 166 2535 1207 2642; baseline 0.008 -28"><span class='ocrx_word' id='word_1_156' title='bbox 166 2567 295 2638; x_wconf 82' lang='lat' dir='ltr'>corpus</span> <span class='ocrx_word' id='word_1_157' title='bbox 321 2569 450 2617; x_wconf 89' lang='lat' dir='ltr'>meum.</span> <span class='ocrx_word' id='word_1_158' title='bbox 474 2541 529 2617; x_wconf 86' lang='lat' dir='ltr'>Et</span> <span class='ocrx_word' id='word_1_159' title='bbox 548 2558 691 2636; x_wconf 85' lang='lat' dir='ltr'>sumpto</span> <span class='ocrx_word' id='word_1_160' title='bbox 717 2541 850 2634; x_wconf 83' lang='lat' dir='ltr'>calice,</span> <span class='ocrx_word' id='word_1_161' title='bbox 882 2567 929 2616; x_wconf 86' lang='lat' dir='ltr'>ac</span> <span class='ocrx_word' id='word_1_162' title='bbox 942 2546 1073 2642; x_wconf 73' lang='lat' dir='ltr'>gratias</span> <span class='ocrx_word' id='word_1_163' title='bbox 1097 2535 1207 2640; x_wconf 64' lang='lat' dir='ltr'>dctis,</span> 
     </span>
     <span class='ocr_line' id='line_1_22' title="bbox 168 2648 1207 2748; baseline 0.008 -28"><span class='ocrx_word' id='word_1_164' title='bbox 168 2648 296 2720; x_wconf 64' lang='lat' dir='ltr'>droit:</span> <span class='ocrx_word' id='word_1_165' title='bbox 333 2651 522 2744; x_wconf 80' lang='lat' dir='ltr'>Accipite,</span> <span class='ocrx_word' id='word_1_166' title='bbox 556 2648 664 2719; x_wconf 79' lang='lat' dir='ltr'>bibite</span> <span class='ocrx_word' id='word_1_167' title='bbox 671 2682 688 2736; x_wconf 90' lang='lat'><em>;</em></span> <span class='ocrx_word' id='word_1_168' title='bbox 717 2649 777 2720; x_wconf 81' lang='lat' dir='ltr'>laic</span> <span class='ocrx_word' id='word_1_169' title='bbox 807 2667 861 2722; x_wconf 84' lang='lat' dir='ltr'>est</span> <span class='ocrx_word' id='word_1_170' title='bbox 882 2653 1033 2748; x_wconf 75' lang='lat' dir='ltr'>sangaris</span> <span class='ocrx_word' id='word_1_171' title='bbox 1057 2679 1159 2729; x_wconf 85' lang='lat' dir='ltr'>meus</span> <span class='ocrx_word' id='word_1_172' title='bbox 1182 2663 1207 2728; x_wconf 73' lang='lat'>².</span> 
     </span>
     <span class='ocr_line' id='line_1_23' title="bbox 165 2756 1208 2854; baseline 0.005 -26"><span class='ocrx_word' id='word_1_173' title='bbox 165 2757 249 2828; x_wconf 81' lang='lat' dir='ltr'>Cirrn</span> <span class='ocrx_word' id='word_1_174' title='bbox 280 2758 380 2847; x_wconf 83' lang='lat' dir='ltr'>igitur</span> <span class='ocrx_word' id='word_1_175' title='bbox 405 2759 474 2852; x_wconf 87' lang='lat' dir='ltr'>ipse</span> <span class='ocrx_word' id='word_1_176' title='bbox 502 2756 790 2849; x_wconf 82' lang='lat' dir='ltr'>pronuntiaverit,</span> <span class='ocrx_word' id='word_1_177' title='bbox 816 2771 850 2825; x_wconf 91' lang='lat' dir='ltr'>et</span> <span class='ocrx_word' id='word_1_178' title='bbox 876 2758 993 2826; x_wconf 85' lang='lat' dir='ltr'>dixerit</span> <span class='ocrx_word' id='word_1_179' title='bbox 1018 2759 1060 2828; x_wconf 89' lang='lat' dir='ltr'>de</span> <span class='ocrx_word' id='word_1_180' title='bbox 1089 2785 1208 2854; x_wconf 90' lang='lat' dir='ltr'>pane:</span> 
     </span>
     <span class='ocr_line' id='line_1_24' title="bbox 164 2861 1209 2958; baseline 0.005 -24"><span class='ocrx_word' id='word_1_181' title='bbox 164 2861 250 2934; x_wconf 88' lang='lat' dir='ltr'>Hoc</span> <span class='ocrx_word' id='word_1_182' title='bbox 271 2887 404 2958; x_wconf 86' lang='lat' dir='ltr'>corpus</span> <span class='ocrx_word' id='word_1_183' title='bbox 425 2877 479 2935; x_wconf 84' lang='lat' dir='ltr'>est</span> <span class='ocrx_word' id='word_1_184' title='bbox 504 2886 647 2948; x_wconf 86' lang='lat' dir='ltr'>meum;</span> <span class='ocrx_word' id='word_1_185' title='bbox 669 2863 743 2956; x_wconf 91' lang='lat' dir='ltr'>quis</span> <span class='ocrx_word' id='word_1_186' title='bbox 769 2862 904 2933; x_wconf 86' lang='lat' dir='ltr'>audebit</span> <span class='ocrx_word' id='word_1_187' title='bbox 920 2862 1074 2958; x_wconf 89' lang='lat' dir='ltr'>deinceps</span> <span class='ocrx_word' id='word_1_188' title='bbox 1102 2870 1209 2938; x_wconf 90' lang='lat' dir='ltr'>ambi-</span> 
     </span>
     <span class='ocr_line' id='line_1_25' title="bbox 164 2968 1210 3064; baseline 0.007 -24"><span class='ocrx_word' id='word_1_189' title='bbox 164 2974 268 3062; x_wconf 76' lang='lat' dir='ltr'>gere?</span> <span class='ocrx_word' id='word_1_190' title='bbox 301 2975 345 3040; x_wconf 89' lang='lat' dir='ltr'>Et</span> <span class='ocrx_word' id='word_1_191' title='bbox 368 2971 444 3040; x_wconf 79' lang='lat' dir='ltr'>crim</span> <span class='ocrx_word' id='word_1_192' title='bbox 468 2971 536 3064; x_wconf 89' lang='lat' dir='ltr'>ipse</span> <span class='ocrx_word' id='word_1_193' title='bbox 557 2971 784 3042; x_wconf 84' lang='lat' dir='ltr'>asseveraverit</span> <span class='ocrx_word' id='word_1_194' title='bbox 806 2984 840 3040; x_wconf 90' lang='lat' dir='ltr'>et</span> <span class='ocrx_word' id='word_1_195' title='bbox 866 2968 984 3059; x_wconf 83' lang='lat' dir='ltr'>dixerit</span> <span class='ocrx_word' id='word_1_196' title='bbox 1009 3001 1018 3042; x_wconf 73' lang='grc' dir='ltr'><strong><em>ε</em></strong></span> <span class='ocrx_word' id='word_1_197' title='bbox 1050 2969 1126 3044; x_wconf 86' lang='lat' dir='ltr'>Hic</span> <span class='ocrx_word' id='word_1_198' title='bbox 1156 2989 1210 3047; x_wconf 84' lang='lat' dir='ltr'>est</span> 
     </span>
     <span class='ocr_line' id='line_1_26' title="bbox 163 3064 1208 3174; baseline 0.006 -26"><span class='ocrx_word' id='word_1_199' title='bbox 163 3101 264 3148; x_wconf 82' lang='lat' dir='ltr'>meus</span> <span class='ocrx_word' id='word_1_200' title='bbox 278 3064 430 3174; x_wconf 81' lang='lat' dir='ltr'>sanguis</span> <span class='ocrx_word' id='word_1_201' title='bbox 451 3081 482 3170; x_wconf 75' lang='lat'>³3</span> <span class='ocrx_word' id='word_1_202' title='bbox 511 3079 585 3173; x_wconf 92' lang='lat' dir='ltr'>quis</span> <span class='ocrx_word' id='word_1_203' title='bbox 609 3081 757 3173; x_wconf 75' lang='lat' dir='ltr'>unqutm</span> <span class='ocrx_word' id='word_1_204' title='bbox 779 3077 998 3167; x_wconf 89' lang='lat' dir='ltr'>dubitaverit,</span> <span class='ocrx_word' id='word_1_205' title='bbox 1023 3081 1114 3152; x_wconf 89' lang='lat' dir='ltr'>aiens</span> <span class='ocrx_word' id='word_1_206' title='bbox 1140 3105 1208 3154; x_wconf 94' lang='lat' dir='ltr'>non</span> 
     </span>
     <span class='ocr_line' id='line_1_27' title="bbox 163 3187 549 3282; baseline 0 -26"><span class='ocrx_word' id='word_1_207' title='bbox 163 3209 230 3256; x_wconf 87' lang='lat' dir='ltr'>osse</span> <span class='ocrx_word' id='word_1_208' title='bbox 245 3190 317 3282; x_wconf 87' lang='lat' dir='ltr'>ejus</span> <span class='ocrx_word' id='word_1_209' title='bbox 333 3187 549 3278; x_wconf 77' lang='lat' dir='ltr'>sanguinem?</span> 
     </span>
    </p>
   </div>
   <div class='ocr_carea' id='block_1_2' title="bbox 210 3293 1321 3392">
    <p class='ocr_par' dir='ltr' id='par_1_4' title="bbox 210 3293 1321 3392">
     <span class='ocr_line' id='line_1_28' title="bbox 210 3293 1321 3392; baseline 0.01 -34"><span class='ocrx_word' id='word_1_210' title='bbox 210 3322 226 3360; x_wconf 76' lang='lat' dir='ltr'>n</span> <span class='ocrx_word' id='word_1_211' title='bbox 252 3300 383 3390; x_wconf 76' lang='lat' dir='ltr'>Aquam</span> <span class='ocrx_word' id='word_1_212' title='bbox 396 3293 475 3364; x_wconf 90' lang='lat' dir='ltr'>olim</span> <span class='ocrx_word' id='word_1_213' title='bbox 495 3293 531 3362; x_wconf 92' lang='lat' dir='ltr'>in</span> <span class='ocrx_word' id='word_1_214' title='bbox 551 3293 683 3392; x_wconf 87' lang='lat' dir='ltr'>vinum,</span> <span class='ocrx_word' id='word_1_215' title='bbox 702 3293 794 3387; x_wconf 88' lang='lat' dir='ltr'>quod</span> <span class='ocrx_word' id='word_1_216' title='bbox 807 3296 959 3386; x_wconf 84' lang='lat' dir='ltr'>sanguini</span> <span class='ocrx_word' id='word_1_217' title='bbox 974 3297 1074 3366; x_wconf 88' lang='lat' dir='ltr'>affine</span> <span class='ocrx_word' id='word_1_218' title='bbox 1090 3311 1155 3384; x_wconf 87' lang='lat' dir='ltr'>est,</span> <span class='ocrx_word' id='word_1_219' title='bbox 1172 3299 1208 3368; x_wconf 92' lang='lat' dir='ltr'>in</span> <span class='ocrx_word' id='word_1_220' title='bbox 1318 3337 1321 3340; x_wconf 96' lang='lat'>·</span> 
     </span>
    </p>
   </div>
   <div class='ocr_carea' id='block_1_3' title="bbox 163 3399 1211 3819">
    <p class='ocr_par' dir='ltr' id='par_1_5' title="bbox 163 3399 1211 3819">
     <span class='ocr_line' id='line_1_29' title="bbox 164 3399 1209 3494; baseline 0.003 -23"><span class='ocrx_word' id='word_1_221' title='bbox 164 3402 252 3471; x_wconf 76' lang='lat' dir='ltr'>(land</span> <span class='ocrx_word' id='word_1_222' title='bbox 278 3400 422 3470; x_wconf 81' lang='lat' dir='ltr'>Galilaeae</span> <span class='ocrx_word' id='word_1_223' title='bbox 446 3399 676 3470; x_wconf 86' lang='lat' dir='ltr'>transmutavit</span> <span class='ocrx_word' id='word_1_224' title='bbox 700 3401 734 3469; x_wconf 73' lang='lat'>⁴:</span> <span class='ocrx_word' id='word_1_225' title='bbox 764 3413 797 3469; x_wconf 91' lang='lat' dir='ltr'>et</span> <span class='ocrx_word' id='word_1_226' title='bbox 820 3423 898 3471; x_wconf 90' lang='lat' dir='ltr'>cum</span> <span class='ocrx_word' id='word_1_227' title='bbox 918 3401 1035 3493; x_wconf 80' lang='lat' dir='ltr'>panim</span> <span class='ocrx_word' id='word_1_228' title='bbox 1068 3402 1209 3494; x_wconf 81' lang='lat' dir='ltr'>dignum</span> 
     </span>
     <span class='ocr_line' id='line_1_30' title="bbox 164 3505 1208 3600; baseline 0.004 -24"><span class='ocrx_word' id='word_1_229' title='bbox 164 3508 420 3576; x_wconf 82' lang='lat' dir='ltr'>existimabimus</span> <span class='ocrx_word' id='word_1_230' title='bbox 440 3508 494 3577; x_wconf 91' lang='lat' dir='ltr'>cui</span> <span class='ocrx_word' id='word_1_231' title='bbox 514 3505 701 3592; x_wconf 89' lang='lat' dir='ltr'>credamus,</span> <span class='ocrx_word' id='word_1_232' title='bbox 730 3507 806 3576; x_wconf 80' lang='lat' dir='ltr'>crim</span> <span class='ocrx_word' id='word_1_233' title='bbox 828 3508 944 3577; x_wconf 91' lang='lat' dir='ltr'>vinum</span> <span class='ocrx_word' id='word_1_234' title='bbox 959 3508 994 3578; x_wconf 93' lang='lat' dir='ltr'>in</span> <span class='ocrx_word' id='word_1_235' title='bbox 1015 3511 1208 3600; x_wconf 81' lang='lat' dir='ltr'>sanguinem</span> 
     </span>
     <span class='ocr_line' id='line_1_31' title="bbox 166 3615 1209 3711; baseline 0.004 -25"><span class='ocrx_word' id='word_1_236' title='bbox 166 3617 413 3687; x_wconf 75' lang='lat' dir='ltr'>transmutavit?</span> <span class='ocrx_word' id='word_1_237' title='bbox 426 3615 480 3686; x_wconf 83' lang='lat' dir='ltr'>Ad</span> <span class='ocrx_word' id='word_1_238' title='bbox 494 3616 627 3709; x_wconf 90' lang='lat' dir='ltr'>nuptias</span> <span class='ocrx_word' id='word_1_239' title='bbox 639 3616 822 3710; x_wconf 89' lang='lat' dir='ltr'>corporales</span> <span class='ocrx_word' id='word_1_240' title='bbox 838 3635 990 3706; x_wconf 87' lang='lat' dir='ltr'>vocatus,</span> <span class='ocrx_word' id='word_1_241' title='bbox 1008 3619 1209 3711; x_wconf 90' lang='lat' dir='ltr'>stupendum</span> 
     </span>
     <span class='ocr_line' id='line_1_32' title="bbox 163 3724 1211 3819; baseline 0.004 -25"><span class='ocrx_word' id='word_1_242' title='bbox 163 3725 227 3794; x_wconf 91' lang='lat' dir='ltr'>hoc</span> <span class='ocrx_word' id='word_1_243' title='bbox 243 3724 442 3795; x_wconf 87' lang='lat' dir='ltr'>miraculum</span> <span class='ocrx_word' id='word_1_244' title='bbox 462 3725 573 3796; x_wconf 85' lang='lat' dir='ltr'>effecit</span> <span class='ocrx_word' id='word_1_245' title='bbox 594 3754 601 3796; x_wconf 90' lang='lat'>:</span> <span class='ocrx_word' id='word_1_246' title='bbox 631 3739 664 3794; x_wconf 87' lang='lat' dir='ltr'>et</span> <span class='ocrx_word' id='word_1_247' title='bbox 682 3749 750 3796; x_wconf 91' lang='lat' dir='ltr'>non</span> <span class='ocrx_word' id='word_1_248' title='bbox 765 3749 842 3794; x_wconf 90' lang='lat' dir='ltr'>eum</span> <span class='ocrx_word' id='word_1_249' title='bbox 858 3725 1084 3819; x_wconf 82' lang='lat' dir='ltr'>multomagis</span> <span class='ocrx_word' id='word_1_250' title='bbox 1102 3724 1211 3798; x_wconf 67' lang='lat' dir='ltr'><em>Filia</em></span> 
     </span>
    </p>
   </div>
   <div class='ocr_carea' id='block_1_4' title="bbox 165 3870 1203 4026">
    <p class='ocr_par' dir='ltr' id='par_1_6' title="bbox 165 3870 1203 4026">
     <span class='ocr_line' id='line_1_33' title="bbox 201 3870 1203 3942; baseline 0.004 -18"><span class='ocrx_word' id='word_1_251' title='bbox 201 3881 209 3908; x_wconf 85' lang='lat'><strong>¹</strong></span> <span class='ocrx_word' id='word_1_252' title='bbox 226 3887 237 3924; x_wconf 87' lang='lat' dir='ltr'>r</span> <span class='ocrx_word' id='word_1_253' title='bbox 254 3874 310 3926; x_wconf 79' lang='lat' dir='ltr'>Cor.</span> <span class='ocrx_word' id='word_1_254' title='bbox 327 3891 369 3942; x_wconf 80' lang='grc' dir='ltr'>ιι,</span> <span class='ocrx_word' id='word_1_255' title='bbox 386 3872 428 3926; x_wconf 78' lang='lat'>23.</span> <span class='ocrx_word' id='word_1_256' title='bbox 447 3897 479 3912; x_wconf 92' lang='lat'><em>-</em></span> <span class='ocrx_word' id='word_1_257' title='bbox 501 3872 586 3926; x_wconf 84' lang='lat' dir='ltr'>²1bid.</span> <span class='ocrx_word' id='word_1_258' title='bbox 600 3871 687 3930; x_wconf 74' lang='lat' dir='ltr'>23=25s</span> <span class='ocrx_word' id='word_1_259' title='bbox 705 3899 737 3910; x_wconf 92' lang='lat'><em>-</em></span> <span class='ocrx_word' id='word_1_260' title='bbox 752 3870 762 3910; x_wconf 83' lang='lat'>³</span> <span class='ocrx_word' id='word_1_261' title='bbox 775 3873 862 3926; x_wconf 76' lang='lat' dir='ltr'>Matdr.</span> <span class='ocrx_word' id='word_1_262' title='bbox 876 3889 945 3939; x_wconf 78' lang='lat' dir='ltr'>xxvi,</span> <span class='ocrx_word' id='word_1_263' title='bbox 961 3874 1055 3942; x_wconf 59' lang='lat'>²72²&amp;</span> <span class='ocrx_word' id='word_1_264' title='bbox 1069 3899 1102 3916; x_wconf 82' lang='lat'><em>-</em></span> <span class='ocrx_word' id='word_1_265' title='bbox 1113 3872 1203 3930; x_wconf 66' lang='lat' dir='ltr'>trouu.</span> 
     </span>
     <span class='ocr_line' id='line_1_34' title="bbox 165 3971 284 4026; baseline 0.042 -21"><span class='ocrx_word' id='word_1_266' title='bbox 165 3971 203 4022; x_wconf 88' lang='lat' dir='ltr'>nr,</span> <span class='ocrx_word' id='word_1_267' title='bbox 219 3971 284 4026; x_wconf 62' lang='lat' dir='ltr'>rjro·</span> 
     </span>
    </p>
   </div>
   <div class='ocr_carea' id='block_1_5' title="bbox 0 0 1502 4598">
    <p class='ocr_par' dir='ltr' id='par_1_7' title="bbox 0 0 1502 4598">
     <span class='ocr_line' id='line_1_35' title="bbox 0 0 1502 4598; baseline 0 3"><span class='ocrx_word' id='word_1_268' title='bbox 0 0 1502 4598; x_wconf 95' lang='lat' dir='ltr'> </span> 
     </span>
    </p>
   </div>
  </div>
 </body>
</html>
