2930 4582
195 457 296 504 ctrur
320 464 364 506 vr.
382 463 423 504 nn
446 461 600 505 unrnono
623 463 657 506 m
680 463 887 508 commoturus
910 457 1075 506 tnnrarrt.
1103 445 1167 506 217

130 574 205 630 cent
223 590 232 630 z
248 561 294 630 ita
305 585 364 631 nos
376 563 509 656 quoque
518 547 686 646 faciemus,
701 560 822 648 etloco
837 561 1013 650 digitorum
1023 575 1167 631 mentem

128 682 268 738 vestram
277 681 341 739 attr
351 683 493 738 ectantcs
505 667 676 760 praeceptis
693 668 752 734 Dei
765 666 1020 753 admovebimus,
1035 667 1168 760 jubebi-

130 797 267 868 musque
285 799 323 844 ea
338 776 417 845 scith
434 789 468 843 et
483 775 648 865 eleganter
668 775 844 864 attingere,
861 797 929 842 non
947 787 984 842 ut
995 773 1168 842 hominum

129 883 313 970 theatrum,
332 884 390 953 sed
405 895 442 952 ut
460 881 653 973 angelorum
665 879 823 973 populum
843 905 901 974 per
916 881 1001 950 hanc
1016 879 1168 974 volupta-

128 1003 194 1058 tem
216 991 372 1060 exeitetis.
398 993 472 1060 Non
493 989 581 1056 enim
600 988 675 1056 satis
691 1001 755 1072 est,
774 989 800 1054 si
816 986 946 1080 eloquia
962 985 1072 1056 divina
1092 1009 1170 1079 per·

128 1119 271 1182 censeas,
290 1096 403 1187 nisi-ea
419 1095 553 1188 quoque
563 1093 660 1162 rebus
671 1107 802 1185 praestes
822 1123 829 1164 :
846 1107 879 1162 et
891 1085 1169 1186 quemadmodum

127 1203 162 1272 in
174 1204 301 1274 cithara
316 1226 433 1272 nervos
448 1202 579 1294 attingit
595 1202 722 1287 artifex,
735 1201 865 1290 attingit
877 1203 1010 1295 quoque
1026 1202 1171 1292 etimpe-

126 1311 226 1396 ritus,
244 1331 360 1380 verum
377 1309 441 1395 ith,
457 1322 494 1378 ut
505 1309 565 1376 iste
580 1308 763 1378 auditorem
783 1323 897 1393 vexet,
918 1305 974 1376 ille
989 1307 1170 1399 voluptati·

126 1417 191 1509 hus
207 1430 241 1485 ct
253 1415 470 1485 oblectatione
480 1414 615 1507 repleat,
627 1415 687 1484 etsi
699 1415 875 1508 utrobique
885 1416 1029 1507 ejusdem
1044 1416 1170 1504 generis

127 1521 225 1612 digiti
241 1536 274 1591 et
289 1521 385 1589 iidem
402 1521 493 1590 nervi
508 1522 584 1606 sint,
603 1521 739 1590 sednon
753 1521 866 1616 eadem
879 1521 993 1612 peritia
1009 1521 1073 1589 :ira
1087 1545 1169 1612 quo·

126 1631 194 1722 que
209 1631 243 1698 in
261 1631 356 1698 sacris
375 1630 560 1722 scripturis,
578 1629 676 1724 multi
691 1628 815 1696 adeunt
831 1627 960 1721 eloquia
973 1627 1095 1712 divina,
1114 1629 1170 1695 sed

29 1773 32 1782 ·
125 1759 194 1804 non
210 1759 322 1804 omnes
340 1735 470 1805 lucrum
485 1734 564 1805 in'de
579 1734 715 1819 faciunt,
731 1747 788 1802 aut
801 1733 945 1803 fructum
959 1733 1122 1824 referunt3
1137 1733 1170 1801 in

125 1845 223 1912 causat
239 1857 288 1912 est
304 1843 396 1937 qubd
416 1866 523 1937 neque
544 1844 632 1912 dicta
651 1845 726 1912 satis
742 1855 948 1925 scrutentur,
971 1863 1079 1932 neque
1094 1864 1171 1909 curn

126 1949 265 2018 artificio
288 1949 446 2018 citharam
467 1948 599 2041 pulsent
618 1980 625 2019 :
643 1949 733 2042 quod
750 1950 837 2016 enirn
859 1950 894 2016 in
909 1971 944 2016 re
964 1945 1171 2016 citharaedicd

126 2080 187 2142 ars,
204 2056 279 2125 hoe
290 2057 398 2149 ipsum
414 2057 448 2124 in
466 2058 523 2125 Dei
539 2057 666 2147 iegibus
686 2079 823 2148 operum
845 2053 1012 2123 exhibitio.
1031 2057 1096 2123 Nos
1112 2077 1172 2121 au-

127 2177 193 2232 tem
214 2187 320 2248 unam
342 2165 498 2233 chordam
524 2164 724 2256 pulsavimus
751 2187 809 2255 per
832 2176 933 2231 totam
961 2159 1169 2253 qrtadragesi-

126 2291 225 2354 marn,
245 2267 445 2360 dirmlegem
463 2269 554 2338 vobis
564 2267 606 2338 de
616 2271 809 2363 juramentis
826 2268 1050 2350 recitavimus,
1066 2280 1099 2334 et
1114 2267 1171 2334 Dei

128 2376 230 2467 gratid
243 2377 401 2446 effectum
414 2390 478 2461 est,
498 2390 535 2444 ut
551 2377 707 2469 pleraque
720 2375 906 2444 auditorum
920 2377 939 2442 b
951 2373 1045 2442 nobis
1065 2397 1122 2441 ora
1136 2373 1171 2440 in

126 2482 187 2551 hac
199 2482 281 2573 legis
290 2480 433 2551 melodid
448 2482 493 2551 itt
503 2482 651 2552 instituta
667 2483 742 2568 sint,
760 2495 797 2550 ut
813 2480 948 2574 depulsa
959 2483 977 2548 b
987 2481 1181 2573 praedicem·

127 2583 314 2681 suetudine,
332 2612 393 2680 pro
406 2613 445 2658 eo
462 2588 552 2681 qubd
573 2593 667 2660 antea
684 2595 787 2658 Deum
807 2577 982 2681 jurabant,
1002 2590 1070 2680 jhm
1086 2587 1169 2655 nihil

127 2696 188 2764 nisi
207 2699 313 2780 :Est‚
331 2699 406 2767 Non
424 2711 493 2780 est,
517 2696 622 2768 Crede
642 2696 740 2780 mihi,
766 2695 802 2762 in
820 2696 933 2784 lingurl
952 2697 1010 2762 sub
1027 2695 1170 2762 circum-

127 2802 254 2888 ferant,
272 2801 374 2895 idque
394 2803 429 2871 in
444 2802 535 2871 omni
550 2801 733 2892 colloquio,
753 2798 835 2868 adeb
851 2812 889 2866 ut
902 2799 987 2866 inter
1005 2799 1095 2867 mille
1111 2823 1170 2868 ne-

127 2911 293 3000 gotiorum
310 2910 526 2994 necessitates,
540 2907 677 2977 ulteriris
689 2903 842 3002 progredi
852 2927 920 2973 non
929 2903 1110 2973 sustineant
1122 2910 1166 2973 ¹.»

44 3101 47 3108 Ι
171 3019 219 3084 2⁰.
239 3021 415 3085 Personam
427 3013 634 3084 Praesidentis
651 3011 842 3083 attendebat
855 3027 986 3081 sanetus
996 3011 1171 3102 Gregorius

85 3187 89 3191 .
126 3125 365 3207 Nazianzenus,
378 3123 454 3201 erim
466 3119 638 3190 funebrem
649 3121 748 3211 patris
758 3121 937 3201 orationem
955 3119 1169 3213 pronuntians

127 3233 237 3300 coram
250 3251 371 3320 magno
386 3228 521 3311 Basilio,
541 3229 587 3296 sie
602 3226 695 3296 illurn
709 3227 908 3319 compellans
924 3226 1112 3296 ordiebatur
1127 3257 1133 3296 :

172 3364 188 3402 u
215 3339 324 3404 Homo
339 3335 398 3404 Dei
414 3341 444 3419 ²,
467 3347 499 3402 ct
519 3333 623 3401 fidelis
639 3357 730 3402 serve
746 3338 780 3420 ³,
807 3347 840 3402 et
858 3334 1088 3421 mysteriorum
1111 3335 1169 3402 Dei

127 3440 330 3534 dispensator
343 3441 372 3525 ⁴,
396 3451 429 3510 et
452 3439 502 3508 vir
523 3437 759 3507 desideriorum
783 3437 975 3530 ⁵'Spiritris3
998 3439 1061 3506 hoc
1081 3438 1168 3506 enim

127 3548 260 3617 nomine
274 3545 395 3616 virtute
411 3559 583 3639 provectos
605 3559 638 3614 et
661 3545 801 3613 excelsos
817 3545 922 3629 viros,
941 3557 974 3613 et
994 3548 1091 3635 supra
1108 3567 1166 3628 ea,

127 3677 200 3746 quae
221 3652 323 3722 oculis
343 3666 540 3737 cernuntur,
560 3651 682 3744 positos
705 3653 869 3743 Scriptura
893 3665 1000 3720 vocat.
1024 3651 1111 3732 Qnin
1138 3665 1170 3719 te
1254 3710 1259 3718 ,

127 3759 260 3852 quoque
280 3758 475 3845 Pharaonis,
493 3760 557 3828 hoc
573 3771 637 3844 est,
661 3757 766 3826 omnis
786 3757 977 3849 ,egyptiacae
993 3771 1092 3849 atque
1108 3754 1169 3828 ad·

116 3899 119 3906 ’
164 3915 172 3943 ¹
184 3908 209 3956 S.
220 3903 305 3971 Chrys.
315 3903 403 3954 Homil.
414 3904 439 3955 in
451 3905 505 3954 dec.
521 3903 581 3955 mill.
596 3903 709 3954 talentor.
729 3902 838 3952 Debitor.
854 3921 877 3952 n.
895 3921 914 3952 ι.
934 3929 966 3938 --
979 3905 1068 3958 {tome
1082 3919 1131 3969 rur,
1142 3904 1168 3954 6.

129 4014 158 4027 -
171 3988 263 4042 ³Num.
277 4005 321 4056 ιιιι,
335 3987 429 4055 t···⁴
446 4006 455 4039 ι
470 3992 524 4040 Cor.
539 4006 574 4052 ιν,
592 4008 612 4038 ι.
628 4014 659 4024 -
676 3972 757 4038 ⁶Dan
771 4003 806 4053 nr,
827 3989 870 4039 23.
