2992 4590
259 459 321 520 tet
403 472 582 522 nnorourot
604 473 630 519 s.
657 471 814 537 manum,
839 473 915 521 etas
938 477 984 538 11,
1010 479 1093 521 saer.
1120 479 1145 520 1.

255 578 338 650 (him
353 577 452 668 igitur
467 599 580 648 omnes
596 573 756 662 exultent,
770 577 851 644 mihi
863 580 996 671 quoque
1008 577 1116 670 placet
1131 567 1292 663 cirultare3

253 686 387 755 choreas
402 707 497 776 agere
515 684 611 769 volo,
630 680 817 777 festumque
834 683 1000 753 celebrare
1024 715 1031 754 :
1049 686 1148 776 porro
1161 683 1296 752 choreas

253 815 334 883 ago,
352 813 421 860 non
438 791 597 860 citharam
618 789 769 883 pulsans,
788 814 856 860 non
871 790 1023 880 thyrsum
1038 791 1205 884 quatiens,
1227 809 1296 857 non

253 899 348 968 tibias
359 898 494 984 inflans,
512 921 580 968 non
589 896 675 968 laces
691 898 887 984 accendens,
902 899 960 968 sed
968 899 1167 968 musicorum
1179 899 1296 966 instru-

253 1022 440 1078 mentorum
452 1007 537 1094 loco,
553 1007 674 1078 Christi
686 1017 848 1078 cunarum
859 1006 972 1077 fascias
985 1022 1124 1098 gestans.
1133 1010 1192 1074 Hae
1204 1026 1297 1073 nam·

253 1140 318 1210 que
334 1115 415 1184 mihi
429 1130 505 1185 sunt
521 1139 605 1208 spes,
621 1116 674 1184 hae
690 1115 771 1184 mihi
782 1115 861 1200 vita,
876 1115 929 1184 hae
944 1114 1025 1182 mihi
1037 1113 1135 1198 salus,
1152 1112 1204 1179 hae
1214 1110 1297 1179 mihi

253 1225 357 1309 tibiae,
372 1224 425 1292 hee
440 1213 520 1291 mihi
537 1224 661 1293 cithara
678 1253 686 1296 ε
705 1226 877 1316 propterea
897 1236 930 1292 et
950 1223 1034 1315 ipsas
1050 1235 1178 1314 gestans
1195 1217 1296 1288 adve-

252 1332 324 1422 nio,
344 1345 382 1400 ut
399 1353 511 1400 earum
527 1332 648 1400 virtute
668 1331 860 1402 facultatem
881 1331 1038 1399 sermonis
1059 1327 1197 1421 adeptus
1220 1349 1296 1396 cum

252 1437 386 1528 Angelis
402 1437 508 1505 dicam
529 1465 536 1504 :
565 1434 695 1507 Gloria
716 1439 752 1506 in
768 1435 951 1505 altissimis
967 1435 1049 1514 Deo
1057 1467 1075 1522 ;
1093 1435 1170 1506 cuni
1188 1447 1297 1526 pasto·

253 1545 360 1629 ribus,
377 1543 430 1612 Et
446 1544 483 1612 in
497 1557 595 1612 terra
608 1569 708 1637 pom,
726 1547 763 1614 in
776 1542 977 1613 hominibus
994 1541 1294 1636 beneplacitum.

252 1641 359 1720 Hodie
379 1652 436 1744 qui
461 1675 499 1720 ex
525 1657 619 1720 Patre
640 1649 851 1720 ineffabiliter
874 1651 1001 1741 genitus
1022 1664 1086 1737 est,
1109 1671 1149 1717 ex
1164 1648 1298 1739 Virgine

224 1817 230 1838 g.
251 1774 385 1852 propter
396 1783 449 1828 me
467 1759 694 1852 inexplicabili
704 1757 804 1829 modo
821 1760 976 1828 nascitur.
998 1757 1063 1828 Sed
1078 1757 1150 1826 tirm
1164 1754 1300 1850 quidem

252 1865 434 1936 secundirm
457 1882 610 1936 naturam
640 1867 716 1936 anst
741 1849 860 1936 saecula
886 1866 1013 1957 genitus
1037 1878 1149 1932 estex
1177 1867 1296 1949 Patre,

145 2039 150 2048 .
252 1988 352 2067 prout
364 1975 455 2044 novit
467 1973 541 2061 ille,
557 1975 614 2068 qui
628 1975 741 2065 genuit
757 1975 874 2044 :hodie
890 1978 968 2043 vero
986 1972 1097 2042 rursirs
1110 1995 1149 2041 ex
1164 1972 1299 2062 Virgine

252 2095 371 2175 praeter
383 2097 534 2152 naturam
550 2097 646 2152 natus
660 2096 719 2168 est,
735 2097 833 2174 prout
851 2083 988 2176 Spiritirs
1005 2083 1108 2152 sancti
1122 2083 1214 2151 novit
1229 2103 1299 2170 gra·

253 2190 309 2260 tia.
323 2193 366 2259 Et
381 2213 521 2283 superna
537 2193 606 2283 ejus
623 2192 788 2282 generatio
800 2215 876 2260 vera
888 2205 947 2278 est,
963 2205 995 2282 et
1009 2190 1146 2260 inferior
1161 2193 1231 2283 ejus
1245 2211 1299 2281 ge·

253 2297 379 2366 neratio
393 2299 528 2366 minime
541 2295 621 2367 salsa
636 2327 643 2368 :
662 2312 696 2367 et
710 2298 786 2367 vere
798 2301 885 2366 Deus
898 2322 937 2366 ex
951 2301 1021 2368 Deo
1036 2298 1166 2390 genitus
1183 2311 1245 2382 est,
1265 2309 1299 2365 et

253 2407 330 2475 vere
348 2407 448 2475 homo
467 2404 556 2474 idem
577 2429 615 2474 ex
635 2405 769 2497 Virgine
793 2419 888 2474 natus
909 2419 968 2474 est.
996 2404 1132 2475 Sursirm
1152 2403 1239 2474 solus
1259 2427 1299 2471 ex

253 2512 323 2582 solo
339 2512 543 2602 unigenitus,
562 2511 716 2581 deorsirm
730 2511 818 2582 solus
830 2535 869 2580 ex
885 2509 953 2581 solt
972 2512 1107 2603 Virgine
1122 2511 1211 2580 idem
1223 2511 1299 2578 uni-

254 2605 503 2708 genitus.⁷Sicut
516 2617 602 2684 enim
621 2608 656 2685 in
668 2620 809 2709 superni
822 2619 1031 2709 generatione
1043 2631 1182 2686 matrem
1198 2617 1231 2684 in
1237 2616 1299 2685 tel-

253 2723 354 2817 ligere
370 2723 509 2816 impium
519 2736 577 2792 est
596 2753 603 2794 :
622 2724 666 2812 sic
682 2738 715 2793 et
730 2726 765 2792 in
780 2725 927 2794 inferiori
945 2725 1153 2814 generatione
1171 2738 1299 2816 patrem

254 2831 437 2900 existimare
450 2829 680 2923 blasphemum
698 2845 758 2901 est.
778 2836 874 2900 Pater
886 2832 1008 2924 absque
1021 2831 1158 2900 defluxu
1171 2831 1298 2922 genuit,

174 3010 177 3018 ,
254 2953 288 3008 et
303 2939 402 3029 Virgo
422 2938 491 3006 sine
515 2938 726 3034 corruptione
741 2940 868 3030 peperit
885 2961 892 3002 τ
912 2961 988 3008 narn
1003 2962 1112 3032 neque
1128 2939 1300 3007 defluxum

255 3047 409 3119 sustinuit
430 3061 546 3138 pater,
574 3045 695 3138 quippe
723 3046 801 3139 qui,
825 3061 925 3138 prout
959 3047 1177 3134 conveniebat
1207 3051 1298 3134 neo,

255 3155 396 3246 genuit:
423 3175 533 3246 neque
551 3151 651 3242 Virg'o
677 3153 921 3246 corruptionem
943 3157 1096 3225 sustinuit
1119 3154 1298 3248 pariend0,

255 3261 379 3356 quippe
403 3283 478 3352 quae
501 3257 712 3352 spiritualiter
734 3263 872 3354 peperit.
899 3261 994 3332 unde
1023 3285 1131 3356 neque
1158 3284 1301 3354 superna

256 3369 325 3460 ejus
341 3365 492 3436 nativitas
507 3366 659 3459 explicari
674 3381 798 3459 potest,
816 3391 925 3461 neque
942 3391 1130 3461 progressus
1147 3367 1217 3461 ejus
1234 3391 1299 3437 uo·
1334 3443 1348 3462 ,.

255 3473 391 3546 vissimis
402 3473 605 3566 temporibus
621 3473 746 3543 curiose
758 3476 967 3566 pervestigari
978 3499 1012 3544 se
1027 3475 1115 3544 sinit.
1125 3479 1210 3546 th
1220 3475 1300 3544 Vir-

257 3579 516 3674 ginent'quidem
534 3579 633 3648 hodie
649 3581 812 3674 peperisse
835 3582 918 3667 scio,
938 3597 971 3651 et
991 3587 1096 3652 Deum
1117 3583 1187 3650 sine
1213 3597 1299 3650 tem-

187 3691 190 3698 ’
256 3714 335 3783 pore
348 3689 496 3782 genuisse
513 3687 611 3758 credo
632 3717 639 3758 :
658 3687 793 3757 modum
808 3703 918 3759 autem
931 3691 1148 3782 generationis
1167 3689 1298 3761 silentio

257 3795 356 3866 didici
371 3797 529 3882 venerari,
557 3819 624 3864 nun
646 3797 791 3864 oratione
807 3797 934 3865 curiose
957 3795 1045 3865 illam
1064 3797 1299 3890 inquirendam

256 3902 377 3993 accepi.
388 3901 555 3994 Siquidem
566 3903 602 3972 in
614 3907 681 3973 Deo
690 3927 758 3972 non
770 3926 880 3971 rerum
891 3915 1007 3974 natura
1020 3918 1068 3973 est
1080 3901 1295 3990 attendenda,

296 4042 302 4066 ¹
318 4033 377 4081 Luc.
391 4047 419 4095 rr,
434 4029 470 4094 rt.
526 4051 530 4061 ¹
