2930 4582
297 427 360 486 218
452 439 630 484 suanorum
654 438 680 484 s.
706 438 859 500 naraon,
885 436 960 484 atas
984 440 1030 497 rr,
1056 435 1139 480 sacr.
1166 437 1190 479 ι.

296 541 444 611 versutiae
460 542 628 634 potestatis
643 544 750 609 Deum
766 545 776 582 ¹
791 537 931 633 appelle,
950 553 994 622 et,
1014 533 1186 606 Ecclesiae
1198 533 1335 604 colum-

295 671 384 718 nam
407 671 453 716 ac
467 651 745 743 firmamentum
761 653 795 731 ²,
822 660 856 714 et
876 645 1006 715 Domini
1029 643 1276 728 voluntatem³,
1303 656 1337 712 et

295 755 458 824 luminare
471 756 504 823 in
518 753 643 822 mundo
654 754 791 822 verbum
802 753 878 822 vitae
891 752 1051 820 sustinens
1064 753 1088 834 ⁴,
1101 764 1135 820 et
1145 750 1222 818 fidei
1235 748 1336 818 admi·

239 867 243 874 '
295 861 511 945 niculum,ac
523 860 660 952 Spiritris
674 857 889 928 domicilium.
909 863 952 926 Et
963 856 1044 950 quid
1060 858 1193 926 nomina
1210 881 1246 924 ea
1263 879 1335 925 om-

295 969 362 1054 nia,
381 994 456 1062 quae
468 969 527 1037 tibi
544 982 600 1036 tua
618 969 721 1036 virtus
734 968 877 1059 peperit,
898 965 961 1036 alia
976 965 1067 1036 aliud
1084 965 1145 1034 tibi
1160 965 1336 1036 concilians

295 1089 395 1169 atque
410 1077 562 1162 offerens,
580 1097 780 1143 enumerem.

342 1209 358 1246 »
384 1180 548 1250 Caeterum
574 1181 646 1264 dic,
674 1203 801 1272 quaeso,
829 1177 918 1247 unde
938 1178 1031 1264 ades,
1051 1192 1084 1248 et
1104 1202 1257 1272 quaenam
1280 1193 1335 1248 tua

295 1310 415 1379 opera,
439 1285 587 1380 quidque
604 1285 778 1374 largiturus
798 1284 840 1353 ad
859 1309 918 1354 nos
933 1285 1042 1353 venis?
1059 1283 1335 1376 Quandoquidem

295 1395 449 1466 omnibus
464 1396 499 1462 in
515 1393 625 1478 rebus,
649 1407 682 1463 tc
703 1417 779 1462 eum
797 1399 876 1476 Deo,
894 1407 927 1460 et
942 1395 961 1460 a
980 1397 1060 1476 Deo,
1079 1393 1120 1460 ad
1134 1415 1262 1476 eorum,
1279 1393 1335 1485 qui

294 1517 328 1574 te
339 1503 517 1594 excipiunt,
534 1500 746 1570 commodum
759 1513 792 1568 et
807 1499 983 1570 utilitatem
996 1500 1119 1568 moveri
1131 1513 1334 1592 compertum

294 1610 414 1680 habeo.
433 1610 595 1678 Venis-nc
611 1621 727 1676 ut‘nos
744 1607 881 1675 invisas?
897 1631 940 1674 an
956 1621 994 1676 ut
1010 1619 1173 1698 pastorem
1190 1608 1335 1700 quaeras?

296 1739 339 1786 an
351 1728 389 1784 ut
406 1737 535 1805 gregem
554 1714 725 1806 inspicias?
740 1717 805 1784 Nos
815 1712 950 1806 quidem
966 1737 1033 1782 non
1043 1714 1112 1806 jlrrn
1127 1714 1332 1806 superstites,

294 1821 408 1891 verirm
425 1820 566 1890 maximat
581 1844 621 1888 ex
644 1833 737 1912 parte
752 1822 817 1888 unl
833 1843 909 1888 cum
926 1843 966 1888 eo
981 1821 1048 1888 vita
1070 1819 1220 1904 functos,
1239 1833 1333 1912 atque

205 1994 207 1998 .
294 1927 478 1998 afflictionis
500 1926 611 1996 locum
634 1925 769 1994 moleste
787 1925 947 2012 serentes,
970 1951 1008 1994 ac
1028 1949 1118 1994 nune
1138 1929 1331 2018 praesertim,

294 2035 371 2104 clun
391 2037 508 2118 scitum
533 2035 806 2126 gubernatorem,
834 2048 891 2104 aut
911 2035 988 2104 vitae
1008 2049 1128 2104 nostrae
1149 2031 1276 2119 lacem,
1301 2035 1333 2102 in

294 2166 395 2236 quam
416 2143 528 2210 salutis
543 2142 655 2210 lumen
675 2142 768 2212 nobis
783 2142 800 2208 e
818 2141 956 2210 sublimi·
973 2156 1191 2212 ostentantem
1209 2143 1333 2210 intuen-

294 2261 356 2335 tes,
374 2247 613 2339 dirigebamur,
633 2249 818 2338 amisimus,
836 2248 930 2317 illum
946 2263 1056 2318 autem
1073 2273 1150 2317 cum
1167 2250 1259 2318 omni
1273 2251 1333 2318 vir-

295 2369 383 2440 tute,
399 2379 436 2424 ac
451 2354 602 2446 pastorali
618 2355 799 2446 disciplina,
818 2381 917 2448 quam
932 2355 1090 2424 diuturno
1106 2370 1255 2448 tempore
1270 2355 1333 2425 col-

294 2460 439 2551 legerat,
457 2461 592 2551 peregre
608 2459 813 2552 profectum,
831 2461 958 2530 dicrum
979 2461 1077 2530 simul
1099 2486 1136 2530 ac
1152 2462 1333 2554 prudentiae

294 2564 451 2657 plenum,
471 2578 521 2649 et,
540 2566 566 2632 si
583 2564 764 2634 Salomonis
790 2567 897 2636 verbis
918 2567 1080 2636 utendum
1103 2584 1171 2654 est,
1201 2566 1333 2638 Gloriae

294 2685 476 2742 senectute
496 2681 710 2741 coronatum
723 2677 734 2714 ⁵
743 2706 759 2759 ,·
775 2697 905 2767 gregem
922 2676 1066 2768 denique
1081 2677 1208 2746 consilii
1227 2676 1332 2768 inopil

293 2779 515 2865 laborantem,
534 2793 567 2849 et
583 2796 845 2868 consternatum,
866 2806 1078 2876 summoque,
1097 2773 1135 2851 ut
1149 2782 1259 2870 vides,
1277 2783 1334 2852 do-

294 2888 364 2960 lore
383 2913 420 2958 ac
441 2890 591 2958 maestitil
612 2889 816 2974 confectum,
841 2915 908 2959 non
928 2892 994 2983 jlm
1015 2889 1065 2960 In
1089 2889 1167 2960 loco
1188 2885 1333 2983 pascuae

295 2997 592 3086 requiescentem,
606 3019 672 3064 nee
693 2995 900 3092 refictr'onr's
920 3000 1021 3087 aqud
1038 3001 1050 3040 ⁰
1068 2997 1263 3084 educatum,
1280 2995 1332 3066 sed

294 3103 485 3195 praecipitia,
504 3116 537 3170 et
552 3101 756 3187 solitudines,
771 3115 804 3169 et
816 3104 1003 3192 voragines,
1017 3104 1053 3170 in
1071 3127 1152 3196 quas
1169 3103 1332 3196 disperga-

294 3221 349 3278 tur
371 3222 404 3276 et
422 3207 580 3293 intereat,
599 3224 802 3302 quaerentem
821 3237 828 3278 ε
847 3208 926 3306 niun
950 3209 1051 3278 aliurn
1075 3211 1210 3304 quoque
1236 3211 1333 3280 soler-

294 3327 361 3386 tem
378 3339 416 3383 ae
436 3312 633 3406 prudentem
654 3327 815 3406 pastorem
832 3313 1008 3408 aliquando
1024 3332 1261 3386 consecuturus
1277 3317 1330 3400 sit,

291 3417 511 3506 dillidentem,
531 3420 613 3490 illud
626 3422 760 3514 quidem
773 3422 861 3490 certe
878 3435 911 3492 et
926 3421 1060 3514 quidem
1072 3421 1168 3492 valde
1183 3424 1246 3492 sibi
1263 3445 1333 3515 per-

293 3528 498 3613 suadentem,
512 3529 603 3623 qudd
617 3529 750 3598 minime
763 3529 878 3614 talem,
896 3530 1047 3622 beneque
1060 3554 1172 3599 seeum
1188 3531 1240 3621 agi
1253 3530 1333 3598 exis-

293 3637 477 3722 timantem,
495 3638 601 3706 sinon
617 3636 723 3705 multo
738 3636 938 3706 inferiorem.
1322 3630 1324 3641 ’

340 3770 355 3808 n
366 3747 467 3813 Porro
478 3743 553 3812 crim
565 3744 625 3813 tria
638 3743 722 3828 haec,
735 3757 772 3811 ut
782 3743 859 3829 dixi,
873 3757 972 3835 atque
984 3743 1093 3812 omnia
1103 3767 1142 3812 ex
1151 3767 1262 3838 aequo,
1274 3741 1332 3812 tibi

330 3897 339 3926 ¹
357 3887 430 3940 Exod.
445 3905 487 3954 ur,
504 3905 525 3940 ι.
537 3899 594 3926 -¹
613 3907 622 3940 ι
638 3888 698 3940 rim.
713 3905 748 3956 ru,
765 3887 803 3940 15.
814 3914 845 3924 —
857 3885 868 3925 ³
881 3889 935 3940 lsai.
949 3904 1021 3956 uxxn,
1033 3887 1058 3956 4.
1073 3887 1131 3937 -t
1147 3889 1234 3959 Philip.
1251 3909 1279 3957 n,
1294 3889 1330 3940 16.

296 3999 328 4014 -
345 3970 440 4026 terov.
455 3991 507 4039 ιιι,
521 3975 562 4028 31.
575 4000 607 4012 -
620 3972 633 4013 ⁶
646 3973 778 4040 Psalmi,
791 3986 816 4025 a.
