2930 4582
205 427 308 476 claun
330 433 375 478 vr.
402 431 443 476 nn
466 431 623 476 nnrnono
646 431 682 476 ru
700 431 906 478 concinamus
922 427 1088 478 lunantur.
1114 417 1180 477 229

137 526 290 608 fundere.
306 528 357 598 Sic
372 528 487 598 beatus
504 528 758 618 Chrysostomus
776 530 942 598 Juvenum
962 529 998 598 in
1013 525 1181 600 fornacem

138 637 359 730 projectorum
373 633 418 704 ita
432 633 663 703 fortitudinem
674 647 865 724 exaggerat,
882 649 921 704 ut
935 658 1032 707 nemo
1052 638 1109 726 sit,
1123 637 1183 732 qui

138 768 208 816 non
222 744 437 813 admiratione
451 740 649 836 percellatur
666 767 673 809 :

186 881 203 920 «
223 856 312 936 Tres,
329 851 454 944 inquit,
467 850 504 918 in
517 848 685 918 fornacem
696 849 791 942 pueri
806 849 950 941 conjecti
962 862 1060 920 sunt:
1078 864 1111 920 et
1122 873 1185 922 nec

72 1029 78 1039 ,
138 957 185 1028 ita
200 957 364 1049 religionis
380 953 475 1025 obliti
490 967 580 1038 suut,
598 977 660 1024 nec
671 955 757 1048 ipsos
771 955 886 1024 terruit
896 955 1046 1047 flamma,-
1063 954 1121 1048 sed
1132 957 1183 1042 iis,

139 1067 248 1158 quiin
267 1061 422 1134 cubiculo
443 1062 613 1148 sederent,
630 1075 664 1132 et
678 1062 760 1130 nihil
776 1084 873 1154 grave
888 1077 1099 1156 paterentur,
1117 1077 1188 1134 stu·
1209 1057 1215 1061 ’

138 1171 370 1260 diosilrs,igne
390 1169 468 1238 licet
488 1167 700 1254 circumdati,
717 1190 820 1238 sacras
837 1167 910 1238 illas
927 1193 1039 1261 preces
1050 1170 1188 1240 emitte-

138 1275 234 1346 bant.
254 1274 335 1344 Ided
352 1297 466 1346 murus
482 1275 558 1368 ipsis
572 1273 678 1344 factus
692 1287 740 1342 est
754 1273 858 1364 ignis,
877 1288 911 1344 et
925 1275 1023 1344 vestis
1039 1275 1184 1362 flamma,

139 1397 175 1454 et
189 1381 264 1452 fons
277 1379 392 1451 fornax
408 1409 415 1450 :
433 1394 465 1449 ct
475 1379 591 1472 ligatos
607 1378 907 1470 acceptos,solutos
919 1379 1064 1450 reddidit
1079 1404 1188 1452 :mor-

139 1489 220 1560 talia
229 1488 370 1579 suscepit
378 1510 525 1580 corpora,
543 1499 577 1554 et
586 1487 744 1579 tanquam
753 1485 993 1556 immortalibus
1006 1485 1185 1558 abstinuit:

142 1595 276 1686 agnovit
291 1585 454 1686 naturam,
467 1591 525 1661 sed
539 1591 653 1684 pietati
669 1591 886 1662 reverentiam
896 1591 1056 1662 exhibuit.
1076 1593 1189 1662 Vinxit

140 1701 241 1794 pedes
255 1715 433 1791 tyrannus,
452 1713 485 1768 et
496 1701 579 1791 ignis
594 1697 778 1792 vimpedes
793 1699 981 1770 vinxerunt.
999 1702 1028 1769 0
1043 1722 1113 1769 rem
1125 1699 1187 1770 ad·

139 1807 337 1878 mirabilem.
352 1807 359 1877 l
379 1809 514 1878 Vinctos
538 1806 635 1876 solvit
659 1805 809 1890 flamma,
826 1805 943 1898 etipsa
959 1805 1001 1876 dc
1017 1807 1145 1900 reliquo
1166 1810 1187 1877 a

139 1915 258 1985 vinctis
274 1915 385 1984 vincta
398 1927 447 1983 est
469 1943 476 1983 ι
494 1913 634 1984 mutavit
653 1913 740 1980 enim
762 1935 872 1980 rerum
889 1927 1041 1982 naturam
1058 1912 1188 1982 adoles-

140 2021 349 2092 centulorum
365 2022 468 2113 pietas
491 2050 499 2090 :
519 2023 585 2090 imb
601 2022 679 2090 vcrd
695 2043 763 2090 non
783 2034 935 2090 naturam
956 2022 1112 2110 mutavit,
1130 2021 1189 2092 sed

140 2127 313 2224 quoderat
327 2127 526 2212 mirabilius,
539 2127 760 2218 permanentis
781 2140 910 2196 naturae
926 2127 992 2197 vim
1007 2129 1159 2222 repressit
1177 2155 1185 2199 ε

140 2259 209 2306 non
225 2235 313 2304 enim
325 2235 437 2324 ignem
459 2234 614 2318 extinxit,
631 2232 689 2302 sed
705 2232 876 2304 ardentem
892 2235 1096 2304 inefficacem
1111 2233 1188 2304 red·

140 2339 225 2412 didit
241 2369 248 2410 :
266 2354 299 2408 et
311 2339 403 2432 quo'd
416 2352 465 2408 est
480 2338 628 2408 mirabile
644 2362 682 2406 ac
698 2339 916 2430 stupendum,
931 2363 999 2410 uon
1015 2341 1051 2408 in
1069 2340 1190 2410 sanctis

141 2447 269 2517 tannim
291 2445 483 2538 corporibus
498 2446 561 2514 hoc
583 2443 790 2530 factumest,
808 2444 866 2514 sed
881 2457 915 2514 ct
930 2445 965 2514 in
986 2446 1189 2538 vestimentis

45 2595 48 2602 ,
93 2633 99 2640 ,
140 2555 286 2646 ipsorum
299 2566 333 2621 et
347 2551 595 2622 calceamentis:
614 2565 646 2619 et
658 2551 744 2620 sicut
758 2551 793 2618 in
803 2550 1188 2644 Apostolis„vestimenta

88 2656 95 2662 ’
141 2659 235 2732 Pauli
251 2661 463 2752 aegritudines
477 2672 511 2727 et
526 2660 692 2728 daemones
708 2658 896 2749 pellebant,
919 2672 952 2730 et
970 2660 1058 2728 Petri
1070 2661 1191 2732 umbra

108 2841 111 2857 ‚
140 2782 283 2838 mortem
312 2763 448 2855 fugabat
475 2793 483 2832 :
512 2764 558 2833 sic
583 2764 680 2832 etiam
696 2764 751 2830 hic
767 2785 946 2853 puerorum
970 2753 1191 2836 calceamenta

141 2875 225 2964 ignis
235 2875 391 2942 virtutem
407 2870 627 2940 extinxerunt.
652 2867 768 2938 Nescio
783 2866 952 2960 quomodd
974 2868 1082 2938 dicum
1102 2899 1109 2938 :
1127 2861 1195 2938 mi·⁴

139 2979 292 3052 naculum
305 3000 436 3048 omnem
452 2977 630 3046 verborum
642 2973 862 3044 narrationem
876 2973 1089 3044 transcendit.
1105 2976 1190 3044 Nam

141 3087 189 3155 vis
206 3099 277 3154 erat
293 3085 454 3168 extincta,
478 3095 511 3152 et
527 3105 596 3154 non
611 3081 754 3150 extincta
769 3109 777 3151 ι
795 3065 872 3149 ciam
888 3081 976 3150 enim
993 3081 1078 3151 ciret
1099 3105 1191 3152 sanc·

127 3206 256 3262 ,torum
282 3189 416 3260 illorum
437 3211 574 3280 corpora
594 3187 807 3272 versabatur,
825 3199 896 3257 erat
918 3187 1060 3257 extincta
1082 3216 1089 3258 :
1113 3187 1191 3260 ciam

142 3302 221 3370 verb
250 3297 382 3369 vincula
407 3296 596 3388 dirumpere
622 3295 790 3386 oportuit,
817 3308 981 3364 nouerat
1010 3297 1154 3366 extincta
1180 3324 1189 3366 ε

143 3403 319 3497 compedes
351 3404 451 3492 igitur
477 3401 628 3492 dirupit,
658 3413 691 3467 et
720 3396 804 3468 talos
829 3422 899 3468 non
926 3399 1043 3488 tetigit.
1073 3400 1193 3470 Vidisti
1228 3483 1229 3488 ἵ

143 3525 269 3605 quanta
295 3507 545 3600 propinquitas?
565 3509 680 3598 Neque
703 3505 737 3572 vi
762 3507 821 3572 sud
847 3505 993 3596 privatus
1017 3520 1066 3575 est
1093 3506 1190 3596 ignis,

144 3639 254 3709 neque
276 3615 364 3684 ultrt
386 3610 519 3682 vincula
536 3611 714 3701 procedere
733 3633 830 3679 ausus
849 3607 924 3696 fuit.
944 3610 1056 3680 Vinxit
1075 3625 1192 3700 tyran·
1230 3649 1236 3658 =

145 3748 226 3807 nus,
245 3736 279 3790 et
293 3721 425 3790 flamma
441 3718 584 3804 resolvit,
596 3717 821 3786 utetbarbari
833 3715 1062 3788 crudelitatem
1074 3717 1190 3806 discas,
1288 3783 1295 3796 ,

147 3845 180 3900 et
195 3828 348 3900 elementi
361 3824 594 3896 obedientiam.
610 3825 683 3906 Quat
697 3827 776 3892 verb
791 3824 888 3894 causat
901 3823 936 3892 in
951 3824 1062 3916 ignem
1077 3826 1194 3894 missu-

148 3960 203 4004 rus
218 3958 273 4004 eos
286 3933 421 4022 ligavit?
437 3933 480 3998 Ut
500 3927 694 4000 miraculum
710 3929 803 3998 fieret
820 3930 941 4020 majus,
961 3943 994 4000 et
1009 3929 1190 4001 mirabilius
