2996 4598
242 477 343 526 claua
364 479 415 522 111.
436 479 482 558 *DE
505 474 755 557 l’llAEPAMTIONE
778 473 821 522 dl)
842 472 1109 522 commortuum.
1168 460 1208 520 Ἃ

169 755 1212 787 mmmmm

543 958 709 1036 CAPUT
736 959 811 1082 Ill.

163 1197 222 1268 De
230 1193 724 1294 preparationeadofficium
735 1190 980 1268 concionandi
985 1189 1211 1266 subeundum

594 1300 777 1374 adhibite.

208 1544 294 1614 Cum
310 1565 407 1614 nemo
432 1546 474 1614 sit
497 1545 571 1638 qui,
590 1543 634 1615 ad
656 1558 760 1615 artem
780 1544 1153 1638 accedens,nonprii1s
1176 1567 1211 1614 se
1309 1631 1312 1640 .

160 1651 308 1744 repetitis
334 1664 484 1720 exerceat
508 1651 702 1738 conatibus,
730 1653 901 1745 perperam
927 1653 1005 1720 sane
1028 1651 1212 1744 leviterque

159 1770 291 1850 ageret,
304 1751 383 1851 qui,
401 1759 587 1828 christianae
609 1759 808 1851 eloquentiae
818 1759 1009 1829 ambitiosus
1022 1757 1209 1845 aemulator,

159 1865 368 1952 tractandam
398 1866 556 1934 oratoriae·
573 1865 651 1934 artis
675 1863 884 1957 disciplinam
912 1866 1091 1959 imparatus
1113 1863 1212 1934 aude
1275 1850 1280 1858 ⁸

159 1985 211 2046 ret
232 1973 408 2065 suscipere.
432 1971 530 2054 Quod
552 1995 663 2041 secum
680 1973 791 2044 animo
808 1985 965 2064 reputans
983 1986 1114 2042 sanctus
1139 1975 1211 2042 Au·

159 2079 322 2170 gustinus,
336 2079 371 2146 in
380 2078 609 2170 presbyterum
623 2077 883 2170 Hipponensem‚
898 2076 941 2149 ad
953 2076 1211 2171 dispensandum

159 2183 301 2254 verbum
326 2184 386 2252 Dei
407 2183 501 2275 quasi
521 2183 636 2274 subitb
654 2197 785 2278 raptuS‚
808 2184 1002 2254 obsecrabat
1021 2183 1209 2268 Valerium,
1328 2259 1331 2268 ,

34 2333 40 2339 -
158 2289 324 2384 quatenus
348 2287 467 2381 procril
493 2291 512 2356 a
545 2311 656 2357 rerum
674 2289 825 2361 tumultu
856 2290 1009 2382 precibus
1034 2291 1212 2380 studioque

158 2419 275 2465 vacare
298 2394 429 2479 liceret,
455 2406 493 2462 ut
515 2393 655 2464 idoneus
674 2410 785 2487 posset
808 2395 963 2481 evadere,
980 2396 1039 2488 qui
1058 2395 1212 2487 imposito

158 2503 292 2572 muneri
312 2501 487 2572 sufficeret.
506 2503 608 2596 Cujus
624 2503 746 2587 verba,
767 2503 846 2572 cum
862 2501 959 2573 valde
980 2501 1134 2596 prodesse
1152 2525 1213 2572 va-

157 2609 262 2694 leant,
280 2609 335 2678 hic
347 2608 467 2702 partim
483 2608 654 2680 referenda
670 2607 826 2681 videntur
845 2639 853 2680 ι
871 2638 887 2676 «
901 2611 988 2680 Ante
999 2611 1108 2681 omnia
1118 2623 1211 2702 pcto,

157 2729 199 2784 ut
222 2715 344 2805 cogitet
363 2713 513 2805 religiosa
530 2713 710 2784 Prudentia
726 2729 784 2784 tua
800 2715 884 2784 nihil
908 2739 977 2785 esse
992 2717 1027 2784 in
1042 2717 1105 2786 hdc
1129 2717 1210 2802 vita,

157 2835 192 2890 et
206 2820 347 2888 maxime
361 2819 473 2890 hocin
488 2833 649 2911 tempore,
661 2817 800 2904 facilius,
815 2835 849 2888 et
857 2817 964 2890 laetius
976 2833 1010 2888 et
1020 2821 1211 2890 hominibus

157 2924 392 3018 acceptabilius
401 2925 556 3017 episcopi,
570 2939 627 2994 aut
638 2923 834 3018 presbyteri,
846 2937 905 2994 aut
915 2922 1047 2994 diaconi
1054 2925 1213 3010 officio,si

157 3033 383 3126 perlirnctorib
391 3046 425 3101 et
433 3030 615 3102 adulatorie
625 3055 674 3101 res
685 3043 802 3123 agatur
821 3060 829 3100 :
847 3028 905 3100 sed
913 3027 997 3100 nihil
1007 3028 1097 3122 apud
1104 3034 1211 3121 Deum

158 3140 326 3225 miserius,
343 3153 377 3208 ct
399 3135 541 3225 tristius,
561 3153 594 3208 et
617 3137 850 3208 damnabilius.
871 3141 956 3207 Item
980 3137 1065 3206 nihil
1089 3160 1158 3208 esse
1173 3138 1210 3208 iu

72 3325 73 3328 Ἴ
157 3245 219 3314 hdo
235 3246 319 3330 vita,
338 3257 372 3315 et
383 3244 525 3322 maxime
540 3243 604 3314 hoc
626 3257 774 3336 tempore
794 3242 977 3329 difficilius,
995 3239 1207 3331 laboriosius,

157 3352 372 3444 periculosius
387 3352 542 3444 episcopi,
561 3365 619 3422 aut
635 3351 845 3444 presbytcri,
863 3365 921 3421 aut
936 3350 1066 3422 diaconi
1078 3353 1206 3440 officio,

157 3459 214 3528 sed
234 3456 326 3552 apud
345 3463 449 3526 Deum
465 3457 548 3526 nihil
567 3457 714 3538 beatius,
735 3459 763 3528 si
782 3482 822 3528 eo
846 3458 946 3530 modo
962 3458 1123 3528 militetur
1137 3483 1206 3552 quo
1282 3499 1285 3504 ·

158 3579 268 3635 noster
282 3565 461 3657 imperator
477 3563 586 3656 jubet.
605 3564 685 3646 Quis
704 3580 816 3634 autem
840 3565 901 3634 istc
924 3565 965 3634 sit
986 3564 1123 3653 modus,
1146 3589 1208 3636 nec

128 3723 133 3738 ,
158 3677 177 3742 a
194 3674 350 3766 pueritia,
377 3695 438 3742 nec
456 3671 497 3740 ab
519 3670 738 3744 adolescentia
760 3674 833 3744 med
853 3671 981 3744 didici:
1005 3687 1038 3744 et
1056 3697 1099 3767 feo
1119 3687 1207 3744 tern-

157 3803 237 3872 pore
253 3803 322 3872 quo
338 3777 465 3848 discere
480 3801 645 3872 coeperam
659 3779 708 3848 vis
724 3779 807 3848 milri
817 3778 904 3850 sacta
920 3793 980 3866 est,
998 3780 1117 3850 merito
1132 3803 1210 3874 pec-

159 3901 308 3956 catorum
336 3908 508 3972 meorum,
535 3899 573 3954 ut
600 3883 764 3954 secundus
790 3885 884 3955 locus
908 3885 1209 3978 gubernaculomm

160 3992 241 4062 milri
260 3991 462 4078 traderetur,
483 3993 541 4084 qui
568 4014 706 4086 remum,
719 4005 834 4063 tenere
851 4016 921 4064 non
944 4016 1143 4065 noveram...
1163 3997 1209 4065 Et
