2996 4598
277 383 319 452 to
430 395 610 450 inmutet
632 394 659 446 s.
683 393 838 458 struunt,
862 391 939 450 stus
961 397 1005 456 u,
1029 395 1115 446 uun
1141 397 1165 446 u

705 619 911 635 ἸΙΙ
1106 617 1280 630 Ι

608 837 610 841 ’
672 859 836 954 citui
868 859 934 949 tr.

430 1077 490 1166 De
505 1076 674 1160 methodo
690 1037 727 1160 in
742 1075 973 1161 concionibus
983 1073 1164 1164 adhibiti.

308 1337 369 1416 De
391 1343 544 1402 veterum
561 1327 832 1406 concionatorum*
850 1317 1008 1403 methodo
1032 1315 1221 1419 disserturi,
1240 1327 1319 1404 etin

280 1437 412 1516 maximi
427 1433 581 1533 ponderis
600 1435 999 1527 occurruntquaestiones,
1017 1433 1181 1528 hicpauli)
1193 1433 1319 1511 diuritis

282 1567 502 1618 immoremur.
524 1539 666 1615 Proinde
683 1539 828 1618 dicemus
846 1543 878 1608 1⁰
892 1533 932 1610 de
946 1539 1043 1614 variis
1054 1541 1240 1614 orationum
1254 1564 1321 1646 ge-

282 1646 424 1725 neribus
433 1681 450 1736 ;
464 1654 498 1727 2⁰
524 1649 566 1719 de
588 1649 684 1725 variis
710 1645 896 1721 orationum
908 1640 1096 1744 portibus;
1110 1650 1144 1724 3⁰
1161 1639 1204 1724 de
1222 1648 1320 1723 variis

283 1757 561 1835 circumstantiis
577 1745 620 1826 ad
633 1771 813 1848 utrumque
829 1747 1080 1848 pertinentibus.
1342 1759 1344 1761 ’

672 1981 884 2058 ARTICULUS
906 1983 931 2042 l.

345 2269 346 2272 Ἴ
412 2185 457 2247 lio
470 2182 561 2250 variis
578 2181 659 2264 apud
672 2179 814 2262 antiquos
827 2181 997 2254 orationum
1014 2179 1186 2262 generibus.

324 2393 479 2494 Quinque
505 2393 690 2464 orationum
724 2415 841 2488 genera
870 2389 959 2483 apud
986 2387 1142 2484 antiquos¹
1163 2403 1336 2485 usurpata-

281 2497 573 2592 deprehendimus,
590 2497 722 2590 nempe
748 2493 984 2584 Coteelzesesj
1011 2493 1205 2588 Homilice,
1231 2489 1320 2570 Ser-

281 2629 416 2690 monee,
434 2603 662 2702 Panegyriei
675 2618 708 2672 et
723 2600 926 2675 Inreetiuce.
1045 2659 1057 2682 .

326 2718 354 2781 I.
385 2709 618 2798 Gamelione,
640 2704 889 2802 graecolatinus<
906 2734 1049 2804 quorum
1062 2735 1184 2781 nornen
1202 2713 1230 2786 ,i
1247 2720 1319 2785 κατὰ,

279 2831 398 2912 snper,
409 2831 442 2888 et
455 2826 529 2905 iios,
544 2840 665 2904 sonus,
677 2817 855 2902 derivatur,
869 2815 1029 2910 simplices
1040 2827 1133 2888 erant
1144 2818 1322 2888 institutio·

278 2949 336 2994 nes
348 2925 469 3018 quibus
477 2913 589 2992 fideles
599 2923 951 3016 primisimbuebantur
964 2923 1126 3014 religionis
1138 2917 1317 3014 principiis.

281 3030 374 3101 Tales
394 3045 472 3099 sunt
486 3031 590 3104 sancti
612 3027 728 3118 Cyrilli
744 3029 1028 3118 Hierosolymitani
1044 3030 1085 3098 ad
1106 3029 1320 3122 baptizandos

278 3135 534 3220 adhortationes,
553 3136 588 3202 in
605 3133 726 3227 quibus
742 3133 838 3226 plane
858 3149 892 3204 et
906 3133 1043 3205 faciliter
1062 3135 1134 3206 illos
1150 3135 1232 3228 quid
1246 3159 1320 3205 ere·
1372 3225 1378 3230 ἢ

277 3243 425 3311 (lendum
448 3243 499 3326 sit,
513 3257 570 3310 aut
587 3241 775 3311 faciendum
794 3241 931 3312 edocere
951 3245 1077 3312 nititur.
1106 3243 1198 3312 Tales
1219 3243 1319 3312 etiam

276 3351 381 3419 sancti
391 3348 736 3441 Chrysostomi,sancti
748 3349 935 3439 Augustini,
948 3363 981 3418 et
997 3349 1135 3418 aliorum
1153 3373 1320 3418 sermones
1436 3403 1440 3408 .

278 3455 320 3524 ad
330 3457 525 3546 neophytos.
538 3455 609 3522 Imo
622 3468 654 3522 et
664 3453 792 3546 regulas
803 3455 901 3546 hujus
914 3454 1078 3523 scribendi
1090 3455 1215 3546 generis
1228 3456 1319 3524 idem

276 3575 407 3632 sanetus
432 3561 634 3650 Augustinus
664 3561 700 3634 in
729 3559 814 3629 libro
838 3560 879 3628 de
906 3560 1152 3636 Gatechizanrlis
1178 3561 1318 3630 rudibus

275 3665 377 3762 fusius
392 3666 556 3757 exposuit,
575 3689 656 3757 quus
670 3665 728 3756 qui
746 3663 912 3756 perlegere
933 3664 1090 3751 voluerit,
1106 3654 1206 3733 'adeat
1217 3666 1318 3758 hujus

258 3773 377 3842 'nostri
393 3772 498 3865 operis
510 3774 640 3841 tertiam
655 3785 794 3864 partem,
809 3771 944 3840 ubiillas
960 3773 999 3840 eo
1008 3771 1162 3842 libentius
1176 3774 1318 3864 rescrip-

183 3888 185 3891 ’
274 3879 386 3966 simus,
412 3876 504 3972 quod
525 3879 560 3947 in
580 3875 827 3969 Ecclesitinihil
848 3879 949 3968 magis
965 3878 1200 3966 necessarium,
1219 3877 1319 3947 nihil·
