2984 4580
272 413 374 459 ctaur
396 417 442 460 vi.
467 417 509 460 nn
532 417 689 459 urrunnu
714 419 749 458 ru
769 419 976 466 eoncronraua
990 417 1157 467 anniano.
1184 406 1243 464 357

205 527 302 585 tuum
311 568 324 602 ,
340 529 379 586 ut
391 515 542 608 proficiat
558 513 600 584 ad
620 515 844 584 remissionem
860 519 1090 608 peccatorum,
1115 543 1183 590 non
1203 521 1247 590 ad

204 625 515 695 condemnationem
525 624 561 692 in
572 620 626 691 die
634 620 771 716 judicii3
783 623 861 714 quia
873 625 1075 724 quicumque
1086 627 1247 712 mysteriis

204 729 270 800 tuis
289 731 444 821 indignus
458 729 648 814 accesserit,
669 750 763 798 suam
779 728 922 804 animam
936 731 1006 823 ipse
1027 731 1245 820 condemnat,

203 859 272 906 non
283 859 318 906 se
328 837 501 930 castigans,
514 848 554 904 ut
568 847 603 904 te
613 831 781 904 coelestem
796 853 907 926 regem
918 849 1019 930 atque
1029 835 1246 912 immortalem
1291 887 1296 900 ·

203 943 400 1036 sponsumin
410 941 461 1010 sui
470 939 610 1032 pectoris
619 939 829 1031 purissimum
835 941 989 1034 smmpiat
995 941 1180 1014 thalamum
1192 947 1216 1016 ².
1227 972 1244 1010 a

249 1049 426 1118 31⁰Vis·ne
435 1048 568 1138 insuper
577 1044 743 1116 addiscere
751 1046 984 1140 quomoddper
992 1045 1248 1122 Enumerant-

203 1177 288 1225 nem
305 1155 355 1224 vis
366 1153 464 1222 simul
475 1166 510 1222 et
515 1151 686 1242 'elegantia
699 1151 847 1222 Orationi
858 1152 1067 1245 conciliatum
1080 1169 1247 1228 memento

130 1282 136 1290 ·
179 1264 273 1340 ,tam
286 1260 434 1354 pulchrae
448 1259 547 1354 hujus
562 1259 737 1345 orationis,
754 1261 822 1353 qud
836 1261 987 1354 Eutropii
1002 1285 1114 1332 casum
1126 1262 1162 1332 in
1178 1263 1246 1336 bu·
1299 1271 1302 1278 '

203 1391 311 1436 manac
326 1367 476 1436 vanitatis
493 1379 723 1456 argumentum
742 1364 844 1436 semel
862 1366 1048 1462 itenimque
1064 1369 1246 1442 christianis

204 1473 339 1544 auribus
357 1473 487 1542 intonat
506 1473 769 1561 Chrysostom'us.
788 1473 850 1542 Hic
865 1474 973 1544 omnis
989 1474 1244 1566 generisabun-

205 1577 285 1648 dant
299 1581 425 1668 figurae,
443 1579 501 1648 sed
512 1578 654 1670 primum
670 1577 781 1648 locum
796 1579 947 1650 obtinere
956 1579 1088 1652 videtur
1102 1585 1247 1654 Enume-

203 1686 287 1756 ratio
297 1739 306 1771 ‚
316 1675 383 1754 ‘ant'
400 1684 508 1778 potiris
523 1671 649 1755 caeteris
664 1685 819 1756 omnibus
835 1686 1000 1757 inseritur.

249 1819 265 1856 ι
290 1789 480 1861 vidistisne
501 1792 723 1860 humanarum
737 1813 848 1860 rerum
873 1791 1246 1868 vilitatcmtvidistiane

201 1896 359 1990 potentiae
383 1894 820 1986 fragilitatemividiatisnc
843 1895 995 1982 divitias,
1013 1921 1096 1991 quaa
1117 1922 1246 1994 semper

200 2001 356 2096 fugitivas
368 2002 533 2089 dixeram,
552 2027 620 2094 non
635 2002 736 2074 modd
749 2003 904 2098 fugitivas
909 2059 922 2092 ,
944 2005 1117 2082 sedetiam
1135 2007 1246 2089 homi·

158 2149 160 2154 ·
199 2111 311 2182 eides?
326 2135 395 2180 non
411 2111 498 2179 enim
510 2108 617 2182 solitm
629 2133 663 2179 se
674 2101 875 2202 possidentes
891 2099 1058 2198 deserunt,
1076 2112 1246 2186 sedetiam

194 2215 361 2309 jugulant.
380 2215 466 2286 Ciam
481 2217 569 2284 enim
581 2217 654 2310 quia
674 2239 728 2286 eas
741 2214 888 2288 studiose
909 2217 1091 2304 colit,ti1m
1106 2219 1245 2290 maxime

197 2321 266 2391 iliae
289 2322 451 2392 cultorem
478 2344 574 2390 suum
600 2321 771 2414 produnt?
795 2326 864 2394 Cur
887 2322 1015 2394 divitias
1039 2324 1140 2413 colia,
1169 2349 1245 2419 quae

196 2429 298 2499 hodie
314 2430 413 2522 penes
429 2443 463 2526 te
476 2441 574 2514 sunt,
591 2451 662 2499 cras
677 2429 778 2521 penes
793 2429 918 2500 alium?
933 2454 993 2500 cur
1008 2429 1136 2502 divitias
1148 2430 1241 2520 colis,

196 2561 274 2630 qnae
292 2539 464 2630 nunquim
484 2536 618 2606 retineri
633 2539 794 2628 possunt?
808 2536 855 2607 vis
875 2557 928 2606 eas
947 2535 1075 2622 colere,
1092 2537 1142 2608 vis
1162 2540 1242 2610 reti-
1306 2608 1313 2614 .
1399 2523 1402 2528 ⁵
1455 2635 1457 2645 Ι

195 2646 300 2714 nere?
321 2667 365 2711 ne
386 2642 534 2712 desodias
550 2667 620 2727 eas,
642 2643 700 2712 sed
722 2645 759 2712 in
777 2633 962 2736 pauperum
978 2668 1096 2717 manus
1118 2647 1238 2720 tradas.

196 2755 292 2818 Ferae
315 2761 392 2817 sunt
413 2747 557 2837 divitiae,
578 2748 605 2816 si
626 2749 849 2833 retineantur,
868 2747 1017 2838 sugiunt3
1042 2751 1096 2828 ein¹
1113 2752 1240 2842 disper-

122 2923 131 2930 ,
196 2869 338 2946 gantur,
360 2868 494 2924 manent
516 2882 523 2924 :
546 2855 624 2924 nam
650 2851 830 2945 dispersit,
847 2854 968 2946 inquit,
986 2852 1239 2948 deditpanpe-

195 2959 296 3031 n'bus
303 3015 316 3048 ,
323 2961 471 3057 justitia
493 2983 571 3056 epus
587 2973 712 3059 munet
731 2960 769 3030 in
783 2957 989 3030 saeuiant.
1005 2962 1180 3054 Disperge,
1201 2978 1240 3034 ut

184 3081 351 3138 -maneant
368 3098 376 3137 :
391 3091 433 3136 ne
448 3066 616 3153 dei'odias,
634 3090 676 3136 ne
691 3064 830 3158 fugiant.
851 3069 990 3140 Ubininn
1005 3083 1084 3148 sunt
1098 3069 1241 3141 divitiae?

194 3190 234 3246 ut
255 3173 385 3270 placide
406 3177 603 3266 interrogem
624 3198 700 3262 eos,
714 3175 773 3269 qui
792 3189 873 3248 tunc
895 3177 1133 3250 abscesserunt.
1158 3182 1238 3250 Haec

194 3295 306 3352 autem
322 3305 391 3352 non
403 3280 601 3371 exprobrans
612 3280 699 3365 dico,
715 3303 823 3373 neque
834 3282 945 3354 ulcera
957 3282 1124 3370 refricans,
1139 3280 1235 3377 absit,

192 3388 253 3458 sed
274 3402 313 3458 ut
341 3387 481 3459 aliorum
507 3385 676 3476 naufragia
700 3386 735 3456 in
758 3400 892 3478 portum
915 3389 1007 3461 vobis
1031 3405 1233 3462 convertam.

192 3495 280 3566 Grim
289 3494 420 3580 milites,
433 3494 509 3564 cum
522 3491 621 3584 gladii
636 3491 783 3579 aderant,
800 3492 878 3562 crim
892 3495 1232 3590 urbsbineendebatur,

193 3601 271 3671 erim
292 3601 441 3672 diadema
472 3598 556 3672 nihil
585 3613 731 3692 poterat,
759 3600 834 3672 ciam
855 3623 1002 3694 purpura
1027 3603 1234 3673 contumeliis
1341 3592 1345 3596 ’

194 3707 412 3798 afficiebatur,
424 3707 500 3778 citm
512 3706 622 3778 omnia
639 3702 749 3777 furore
763 3705 860 3799 plena
872 3720 981 3794 eraut,
1001 3707 1136 3778 ubinam
1150 3709 1235 3782 divi-

195 3815 269 3884 tiaet
285 3815 343 3882 ubi
358 3837 432 3883 vasa
448 3816 619 3904 argentea?
632 3813 691 3882 uhi
706 3813 849 3903 argentei
864 3813 961 3888 tecti?
974 3815 1032 3886 ubi
1045 3815 1235 3888 domestici?

232 3955 238 3980 ¹
252 3945 275 3994 S.
290 3941 408 4008 Ephrem.
422 3943 453 3994 de
468 3943 508 3993 die
519 3944 616 4006 ludicii,
629 3960 653 3994 n.
668 3941 692 4008 d.
705 3967 736 3980 -·
752 3952 762 3978 ²
777 3944 837 3994 Peai.
852 3961 892 4007 ιιι,
903 3945 927 3998 8.
984 3973 988 4004 ς
