2992 4590
277 439 340 510 150
427 452 609 512 nausearet
630 452 657 501 s.
683 450 836 516 naraon,
860 451 937 504 atas
958 455 1001 516 11,
1026 449 1112 500 saca.
1136 456 1161 498 r.

273 554 361 624 certb
369 554 503 625 nomine
512 553 694 646 superiores
702 551 818 638 futuri,
834 551 1002 648 qubdncu
1013 550 1245 632 commentitiis
1256 552 1314 622 fro

273 663 381 755 tisque
396 659 649 742 narrationibus,
661 657 719 730 sed
727 659 824 731 rebus
835 660 912 752 ipsis
924 711 934 746 ,
945 678 1085 754 quarum
1109 658 1314 732 multitestes

273 782 371 854 sunt,
390 785 593 838 ornaremur.
607 764 712 837 Multa
728 767 815 839 enim
827 767 922 836 nobis
935 781 1069 836 narratu
1091 766 1190 858 digna
1202 789 1242 836 ex
1255 787 1314 860 pa-

272 878 368 946 terno
385 873 488 944 latere
513 878 639 942 Pontus
663 871 867 966 suppeditat,
890 888 923 943 et
948 874 1084 967 quidem
1107 874 1221 966 priscis
1249 874 1314 944 suis
1345 893 1350 897 ’

272 979 445 1074 prodigiis,
459 978 580 1071 quibus
593 992 626 1048 et
644 978 887 1059 historicorum,
907 993 940 1048 et
960 985 1132 1071 poetarum
1145 978 1316 1050 volumina
1367 1001 1371 1009 ·

273 1087 372 1181 plena
387 1079 482 1170 sunt,
500 1084 693 1177 neutiquam
711 1084 867 1154 inferiora
874 1085 887 1152 ‘a
898 1085 1003 1154 multa
1019 1085 1116 1156 etiam
1128 1084 1315 1156 veneranda

272 1194 345 1264 haec
360 1213 433 1260 mea
444 1190 550 1283 patria
563 1188 789 1282 Cappadocia,
807 1214 875 1260 non
890 1190 999 1262 minias
1012 1192 1195 1283 juvenum,
1213 1212 1315 1284 quam

272 1319 435 1392 equorum
444 1295 761 1368 bonanutrixuadc
771 1309 907 1388 paterno
916 1297 1028 1387 generi
1039 1297 1178 1366 materni
1188 1298 1314 1388 generis

271 1405 480 1500 splendorem
502 1405 710 1497 opponimus.
730 1408 955 1487 Quorumnam
976 1418 1086 1474 autem
1110 1419 1143 1474 et
1162 1403 1315 1476 militaria
1407 1480 1411 1488 ,

272 1512 426 1606 imperia,
443 1525 477 1582 et
491 1511 692 1604 populorum
703 1512 971 1602 gubernationes,
982 1527 1015 1580 et
1027 1513 1062 1580 in
1078 1513 1314 1604 imperatorum

273 1621 355 1690 aulis
363 1619 510 1712 potentia
525 1633 559 1688 et
574 1619 770 1704 auctoritas,
790 1643 827 1690 ac
837 1620 1010 1711 praeterea,
1031 1640 1129 1711 opes,
1151 1633 1184 1688 et
1199 1617 1316 1690 excelsi

271 1726 403 1810 throni,
421 1739 454 1794 et
466 1724 596 1816 publici
605 1725 765 1810 honores,
778 1749 815 1796 ac
827 1743 1017 1796 sermonum
1036 1724 1247 1818 splendores,
1262 1724 1317 1796 vel

271 1831 403 1925 plures,
422 1828 474 1902 vel
488 1832 625 1923 majores
641 1829 843 1900 extiterunt?
861 1835 944 1914 Quae
969 1831 1088 1918 nobis,
1110 1833 1135 1901 si
1156 1833 1317 1906 arbitratu

272 1951 385 2022 nostro
400 1959 657 2026 commemorare
670 1936 783 2007 liceret
794 1991 803 2023 ,
813 1937 904 2008 nihil
919 1951 1026 2008 essent
1048 1936 1235 2030 Pelopida,
1254 1961 1316 2008 nec
1360 1999 1362 2004 .

273 2042 481 2136 Cecropidae,
501 2066 562 2112 nec
574 2042 789 2128 Alcmaeones,
804 2067 866 2112 nec
880 2044 1024 2129 Eacidae‚
1036 2067 1101 2113 nec
1117 2044 1314 2130 Heraclidae,
1416 2123 1418 2129 ¹

273 2171 335 2222 nec
348 2149 403 2220 alii
413 2149 533 2243 quibus
548 2147 631 2218 nihil
642 2163 692 2218 est
700 2147 890 2238 sublimius,
904 2151 962 2242 qui
972 2149 1120 2242 quidem,
1139 2149 1216 2220 cum
1230 2149 1317 2220 nihil

261 2257 444 2351 ¹proprium
468 2256 629 2342 habeant,
655 2253 748 2349 quod
771 2255 881 2348 aperte
896 2256 1098 2347 praedicent,
1114 2256 1156 2328 ad
1176 2257 1316 2328 obscura

274 2357 490 2456 confugiunt,
512 2364 679 2435 daemones
704 2363 858 2460 videlicet
884 2364 1066 2457 quosdam,
1100 2379 1134 2436 et
1157 2366 1253 2453 deos,
1277 2389 1316 2436 ac

249 2509 252 2514 ·
275 2471 404 2542 fabulas
429 2471 607 2562 majoribus
623 2467 688 2540 suis
705 2471 937 2560 attribuentes,
960 2495 1103 2564 quorum
1129 2495 1167 2542 ea
1192 2486 1241 2542 est
1261 2497 1314 2544 ra-

275 2579 344 2664 tio,
369 2590 408 2645 ut
423 2574 514 2669 quod
529 2575 563 2644 in
579 2577 655 2668 ipsis
679 2577 818 2646 maxime
844 2577 1025 2670 speciosum
1042 2592 1075 2647 et
1100 2577 1226 2648 illustre
1249 2593 1316 2664 est,

275 2684 342 2754 fide
353 2697 481 2774 careat,
506 2682 598 2776 quod
618 2697 729 2754 autem
742 2683 897 2770 creditur,
914 2685 1075 2777 probrum
1095 2698 1129 2754 et
1142 2699 1319 2756 coutume-

276 2790 385 2862 liasit.
889 2882 891 2888 ‚

321 2927 340 2965 a
350 2899 513 2983 Quoniam
524 2911 634 2968 autem
644 2895 686 2966 de
695 2919 735 2964 eo
746 2896 941 2966 mihi‘oratio
953 2897 1103 2968 instituta
1112 2911 1173 2984 est,
1187 2898 1246 2992 qui
1258 2921 1320 2968 no·

275 2995 439 3076 bilitatem
456 3003 580 3072 viritim
600 2999 740 3092 expendi
761 3001 857 3087 vult,
883 3025 963 3086 nec,
985 3002 1064 3071 'eiam
1085 3000 1201 3072 fcrmae
1219 3017 1320 3098 atque

276 3111 415 3195 colores,
425 3123 458 3178 et
472 3103 566 3200 equi,
585 3121 653 3177 tam
666 3107 874 3194 nobilissimi,
893 3111 993 3201 quam
1009 3110 1219 3202 abjectissimi
1229 3134 1268 3180 ex
1286 3129 1320 3180 s'e

276 3217 354 3310 ipsis
380 3213 543 3308 explorari
558 3212 704 3300 soleant,
723 3237 782 3282 nos
803 3217 917 3297 contra
932 3239 991 3307 per
1002 3240 1051 3300 ea,
1069 3240 1145 3309 quae
1161 3219 1321 3288 ertrbnos

275 3323 382 3418 posita
397 3335 493 3408 sunt,
513 3319 663 3414 depingi,
685 3324 898 3414 posteaquem
920 3345 1025 3392 unum
1046 3337 1104 3392 aut
1124 3323 1265 3394 alterum
1281 3347 1322 3393 ex

278 3432 327 3518 iis,
344 3450 419 3523 quae
433 3432 452 3498 b
468 3428 643 3521 majoribus
655 3427 723 3520 ipse
740 3428 868 3514 habuit,
887 3453 1040 3524 quaeque,
1060 3444 1093 3498 et
1119 3431 1219 3523 ipsius
1244 3418 1323 3500 vitae

277 3537 490 3623 conveniunt,
509 3548 543 3603 et
552 3534 730 3604 maximam
739 3535 788 3620 ei,
806 3535 833 3604 si
847 3551 1158 3622 commemorentur,
1169 3535 1324 3629 volupta-

276 3660 346 3718 tem
356 3639 495 3714 allatura
503 3655 596 3727 sunt,
610 3663 807 3732 exposuero,
819 3639 862 3710 ad
876 3643 981 3733 ipsum
992 3642 1163 3713 confestim
1175 3667 1227 3712 me
1243 3667 1324 3714 con-

277 3766 415 3824 vertam.
429 3751 578 3820 Aliarum
592 3747 728 3840 quidem
740 3746 947 3834 familiarum,
967 3751 1019 3820 vel
1035 3754 1133 3824 etiam
1154 3751 1324 3841 sigillatim

278 3856 455 3950 cujuslibet
470 3855 624 3940 hominis,
637 3853 699 3924 alia
715 3868 792 3924 sunt
803 3853 957 3944 insignia,
976 3870 1009 3926 et
1025 3860 1246 3944 narrationes,
1267 3859 1325 3930 vel
1400 3852 1403 3858 ’

278 3963 496 4058 majores,vel
505 3963 762 4057 minores,quae,
772 3961 874 4030 instar
885 3975 1029 4054 paternae
1040 3964 1326 4056 cujusdamhaere-
