2992 4590
250 459 352 524 curor
375 465 420 510 vr.
446 463 487 507 nu
510 458 670 510 unrnono
686 465 721 510 ru
738 465 944 511 concremans
967 459 1134 510 nnnrrrrl.
1161 445 1226 511 149

184 561 338 656 primum,
351 577 389 632 ut
397 584 511 634 verum
523 561 640 647 fatear,
653 585 838 631 sermonem
848 564 972 632 habere
983 563 1225 654 detrectabam,

184 669 464 763 quemadmodum
474 671 533 764 qui
549 670 591 738 ad
609 691 700 738 sacra
716 667 893 754 accedunt,
904 670 1095 764 priusquam
1109 695 1226 744 vocem

168 795 172 804 ·
185 777 397 870 animumque
412 776 672 870 perpurgdssem.
684 774 829 861 Deinde,
852 776 982 845 tametsi
997 777 1085 847 enim
1105 779 1141 848 id
1157 803 1227 850 non

183 883 360 973 ignoretis,
379 885 414 952 in
433 883 626 952 memoriam
642 895 752 950 tamen
766 881 860 951 vobis
882 881 1064 968 revocabo,
1089 883 1126 952 in
1140 907 1227 954 verae

184 987 342 1058 doctrinae
361 987 575 1082 periclitantis
599 987 732 1078 negotio
751 987 884 1056 interim
907 988 1060 1082 occupati
1076 987 1223 1077 fuimus,

183 1094 321 1188 pulchre
349 1097 471 1176 coacti,
485 1089 487 1095 ’
503 1117 566 1164 nec
593 1095 662 1164 sine
685 1093 743 1163 Dei
765 1095 902 1164 numine
928 1092 1066 1165 fortasse
1091 1098 1228 1188 peregre

140 1218 142 1221 ·
183 1201 349 1294 profecti,
372 1224 433 1270 nec
461 1213 579 1292 praeter
610 1199 813 1298 voluntatem
845 1224 883 1270 ac
914 1201 1085 1271 consilium
1117 1202 1227 1271 eximii

182 1307 270 1376 illius
279 1307 424 1375 veritatis
440 1305 704 1398 propugnatoris,
723 1307 847 1398 quique
862 1306 945 1375 nihil
960 1309 1109 1400 unquam
1135 1307 1228 1377 aliud

183 1415 389 1506 quampiam
411 1414 547 1506 orbique
570 1415 723 1484 universo
748 1412 924 1484 salutarem
947 1414 1130 1486 doctrinam
1157 1416 1227 1508 spi-

183 1520 279 1588 ravit.
299 1522 381 1589 Nam
396 1519 437 1586 de
448 1519 591 1610 corporis
602 1519 667 1587 mei
680 1519 904 1589 imbecillitate
923 1520 1033 1590 forsan
1044 1545 1086 1590 ne
1104 1545 1228 1592 sermo-

182 1648 259 1692 nem
281 1625 415 1718 quidem
435 1623 540 1694 lacere
560 1622 752 1694 audendum
763 1640 834 1712 est,
852 1627 893 1698 ad
911 1627 1082 1696 strenuum
1094 1628 1225 1714 virum,

181 1753 408 1823 corporeque,
446 1731 545 1800 etiam
588 1733 765 1824 antequam
799 1732 877 1801 hinc
913 1732 1088 1822 migraret,
1125 1733 1229 1804 subli-

180 1827 341 1924 miorem,
367 1863 404 1908 ac
427 1838 512 1908 illud
535 1851 751 1923 asserentem,
776 1836 860 1907 nihil
882 1861 922 1908 ex
947 1841 1065 1909 animae
1092 1841 1228 1910 bonisb

180 1946 315 2016 vinculo
338 1946 499 2040 impediri.
518 1951 628 2040 Atque
642 1947 697 2016 hic
717 1947 881 2017 excusatio
906 1961 1018 2017 nostra
1044 1949 1144 2016 finem
1165 1950 1228 2018 ha-

179 2054 268 2136 beat.
286 2057 400 2146 Neque
425 2054 512 2122 enim
535 2055 684 2145 longiore
703 2053 765 2122 alia
784 2053 865 2122 mihi
881 2077 963 2146 opus
983 2053 1056 2124 fore
1071 2053 1225 2146 arbitror,

181 2159 257 2229 crim
290 2161 351 2228 sim
381 2158 544 2229 duntaxat
579 2160 668 2251 apud
708 2183 806 2252 eum,
843 2173 1065 2254 caeterosque,
1105 2163 1228 2255 quibus

181 2289 231 2336 res
250 2282 371 2336 nostree
388 2266 493 2359 probe
510 2267 649 2356 cognitae
669 2281 746 2337 sunt
767 2281 800 2338 et
818 2267 1013 2360 exploratae,
1038 2267 1224 2340 locuturus.

181 2376 254 2442 lam
269 2374 368 2464 igitur
384 2375 426 2444 ad
441 2374 665 2444 laudationem
688 2373 783 2444 nobis
806 2374 1030 2444 accedendum
1048 2389 1113 2462 est,
1138 2375 1227 2446 illius

181 2487 286 2552 Deum
303 2482 442 2552 orationi
458 2497 576 2552 nostrae
591 2481 865 2574 preeficientibus3
880 2506 925 2551 ne
938 2483 1057 2552 nostris
1071 2483 1228 2554 laudibus

156 2670 162 2682 ¹
180 2589 259 2658 huic
277 2589 347 2659 viro
360 2588 503 2658 dedecus
526 2587 724 2674 inferamus,
750 2589 791 2658 ab
807 2589 929 2684 iisque,
944 2591 1002 2682 qui
1026 2591 1095 2684 jam
1111 2591 1147 2660 in
1162 2593 1227 2663 hoc
1244 2679 1247 2694 Ι

181 2709 374 2785 argumento
395 2695 513 2763 versati
533 2707 625 2778 sunt,
651 2693 751 2783 longo
775 2695 949 2766 intervallo
969 2711 1225 2791 praetereamur3

179 2805 371 2895 quanquam
387 2799 522 2870 fortasse
539 2822 651 2869 omnes
662 2799 704 2867 ab
721 2799 779 2868 illo
790 2801 861 2891 pari
871 2801 1045 2871 intervallo
1054 2801 1224 2891 distemus,

179 2933 248 2978 non
277 2907 369 2977 seclis
401 2909 420 2976 ‘a
452 2905 538 2976 coelo
566 2905 718 3004 solisque
738 2905 867 2991 radiis,
904 2907 963 3002 qui
994 2930 1032 2976 ea
1061 2921 1227 2994 contueri·
1262 2906 1265 2914 ’

179 3029 236 3086 tur
250 3019 274 3084 ¹.
290 3043 307 3080 n
1062 3091 1063 3096 ἵ

222 3123 282 3192 His
294 3119 470 3214 praelibatis
488 3122 521 3188 1⁰
537 3119 657 3190 exaltat
671 3119 759 3190 illius
768 3121 894 3212 generis
900 3121 1107 3194 nobilitatem
1118 3122 1186 3194 irnb
1193 3136 1228 3195 et
1313 3151 1319 3165 ¹

178 3229 384 3322 sanctitatem
404 3257 411 3296 :
792 3265 795 3270 ·
1093 3239 1095 3242 ·

227 3365 243 3401 a
261 3334 440 3404 Enimvero
455 3333 482 3400 si
500 3354 577 3401 cum
594 3354 736 3423 genere,
761 3353 799 3402 ac
816 3333 944 3424 generis
964 3333 1138 3426 splendore
1155 3334 1227 3428 gloss

178 3443 255 3512 riari
271 3441 508 3534 perspicerem,
529 3453 587 3508 aut
602 3439 672 3508 ulla
684 3463 718 3507 re
732 3463 771 3508 ex
790 3439 848 3526 iis,
867 3465 942 3533 quae
965 3441 1102 3514 omnino
1116 3467 1228 3537 parvae

178 3563 275 3634 sunt,
290 3565 323 3619 et
339 3548 459 3641 quibus
469 3547 507 3634 ii,
518 3549 576 3641 qui
590 3545 817 3618 humidefixos
828 3548 940 3620 oculos
958 3550 1096 3637 habent,
1115 3553 1226 3622 efferri

178 3655 302 3741 solent,
326 3653 408 3723 alius
428 3653 544 3746 utique
558 3653 697 3753 herolnn
709 3655 878 3748 catalogus
893 3669 1075 3748 appareret.
1090 3661 1225 3741 Quanta

179 3761 390 3854 amajoribus
405 3759 492 3828 illius
507 3759 548 3828 ad
569 3783 646 3830 eum
662 3762 849 3831 ornandum
866 3764 1013 3856 accipere
1035 3769 1226 3856 possemus?

179 3871 247 3940 Nec
260 3867 403 3938 historiis
415 3865 551 3958 quidem
560 3865 814 3960 quidquamhdc
827 3881 921 3961 parte
933 3871 1140 3962 cederemus,
1158 3873 1223 3944 hoc

217 4005 225 4032 ¹
238 3999 263 4050 S.
278 4000 378 4062 Gregor.
392 3993 476 4047 Theol.
490 3997 557 4046 Orat.
572 4010 638 4061 rtur,
651 4013 675 4048 n.
695 4011 755 4063 152.
999 3993 1001 3998 ’
