2984 4580
298 438 361 498 322
445 447 623 498 russorum
647 449 674 496 s.
700 445 852 509 alanum,
877 447 954 496 slas
976 453 1020 511 ιι,
1045 451 1129 496 sacr.
1155 453 1179 495 1.

340 579 357 616 n
381 553 456 620 lam
478 548 679 618 sufflationes
710 561 743 620 ct
778 547 985 634 reflationes,
1017 571 1099 644 quas
1125 547 1334 618 admirandus

293 653 349 742 ille
368 657 434 742 vir,
456 647 682 746 doctrinaque
695 667 816 725 nostrae
839 652 1048 744 suggillator,-
1065 651 1183 725 vetulis
1199 652 1335 724 mulier-

293 758 376 830 culis
391 757 643 830 incontrarium
660 757 864 843 ostentabat,
881 758 990 828 altaris
1008 761 1118 849 ignem
1132 759 1334 847 accendens,

293 889 362 959 quo
386 863 522 936 tandem
544 862 699 934 orationis
724 861 797 934 loco
820 868 1004 956 ponemus?
1026 865 1223 938 Praeclarum
1249 867 1338 936 enim

293 969 535 1064 prolamberet,
553 991 686 1044 cernere
701 970 905 1062 imperatoris
913 973 1040 1046 romani
1052 973 1174 1050 buccas
1185 971 1338 1042 indecore

293 1091 477 1164 tumentes,
503 1101 541 1148 ac
564 1077 741 1150 excitantes
763 1076 932 1168 ingentem
954 1077 1080 1165 risum,
1102 1101 1177 1148 ‘non
1201 1077 1339 1148 externis

294 1185 436 1272 tantiam,
454 1186 513 1256 sed
528 1186 567 1255 iis
577 1185 688 1272 edam,
700 1184 823 1278 quibus
836 1185 898 1260 hac
910 1185 1036 1258 ratione
1050 1185 1180 1279 placere
1196 1208 1230 1254 se
1240 1198 1339 1276 puta-

235 1375 243 1388 *
295 1293 362 1364 bat.
388 1292 571 1364 Minervam
596 1305 707 1362 autem
735 1291 832 1362 deam
853 1311 951 1362 suam
975 1315 1044 1362 non
1065 1291 1240 1376 audiebat,
1266 1308 1340 1382 quer

295 1398 392 1468 tibias
415 1412 563 1470 execrata
586 1397 727 1483 dicitur,
750 1399 978 1490 posteaquam,
1006 1399 1099 1491 aquis
1122 1395 1247 1490 speculi
1271 1398 1340 1466 vice

297 1527 376 1590 usa,
394 1527 448 1576 eas
462 1502 616 1574 dedecori
630 1502 691 1572 sibi
704 1525 772 1572 esse
789 1503 964 1595 perspexit.
981 1505 1229 1596 Propinationes
1241 1505 1338 1589 verb,

297 1624 331 1680 et
345 1609 483 1730 pocula,
500 1611 621 1703 quibus
642 1610 826 1683 meretrices
842 1609 950 1702 palam
966 1609 1164 1704 publiceque
1180 1631 1340 1702 provoca-

298 1718 367 1804 bat,
394 1716 601 1814 vicissimque
620 1717 881 1808 provocabatur,
907 1719 1053 1807 mysterii
1077 1720 1220 1788 obtentu
1246 1730 1341 1806 peto

296 1826 421 1896 lantern
442 1824 613 1896 libidinem
637 1824 817 1912 ebreleno,
838 1826 913 1918 quis
935 1843 1006 1896 non
1030 1824 1128 1896 lauda
1148 1839 1181 1896 et
1202 1823 1342 1894 adrnira-

298 1933 389 2004 tionc
402 1935 661 2026 prosequatur?
1277 1993 1285 1998 .

339 2068 356 2106 s
383 2045 462 2109 Haec
487 2036 557 2109 aliis
584 2039 719 2132 quidem
744 2039 942 2132 experientia
971 2041 1064 2132 ipsa,
1097 2054 1131 2110 et
1160 2039 1342 2112 dominatio

294 2115 461 2216 licentiam
487 2147 623 2238 adepta,
651 2147 825 2218 declaravit
850 2171 859 2220 ι
886 2150 981 2220 arne
1003 2163 1122 2226 autem,
1142 2147 1242 2240 longe
1266 2147 1342 2218 ante

294 2266 465 2346 perspecta
479 2251 626 2345 quodam
638 2253 739 2324 modo
752 2251 900 2338 luerunt,
918 2277 959 2324 ex
973 2278 1041 2347 quo
1057 2253 1195 2326 Athenis
1212 2274 1291 2322 curn
1305 2275 1344 2324 eo

295 2362 657 2431 versiacensem
674 2359 753 2430 illric
765 2361 900 2454 quoque
919 2362 1028 2432 statim
1044 2375 1119 2453 post
1131 2385 1181 2448 ea,
1195 2383 1272 2454 quae
1290 2361 1345 2430 ad·
1374 2391 1377 2396 ·

296 2465 407 2537 versirs
431 2463 564 2538 fratrem
579 2465 751 2557 designata
768 2464 922 2552 luerunt,
940 2465 1110 2559 profectus
1131 2482 1197 2554 est,
1222 2469 1265 2538 ab
1280 2469 1345 2536 im·

173 2581 174 2584 ’
297 2585 448 2663 peratore
464 2573 528 2640 hoc
542 2571 659 2662 ipsum·
669 2571 876 2664 deprecatm.
895 2574 1069 2666 Duplicem
1083 2589 1196 2651 autem
1211 2598 1252 2646 eo
1267 2598 1345 2668 pro·
1410 2647 1413 2652 .

188 2719 194 2727 ·
297 2677 464 2752 ficiscendi
482 2701 613 2752 causam
628 2679 795 2770 habebat3
813 2699 915 2752 unam
939 2683 1181 2770 honestiorem,
1199 2697 1238 2754 ut
1253 2685 1345 2754 Grae-

182 2801 186 2804 “
298 2789 382 2858 ciam
395 2787 531 2882 ejusque
543 2785 671 2860 scholas
682 2789 799 2858 viseret
809 2787 960 2862 :alteram
972 2791 1154 2876 tectiorem,
1167 2789 1346 2883 paucisque

298 2909 424 2982 notam,
439 2909 477 2964 ut
493 2894 634 2984 regionis
645 2895 744 2985 ipsius
764 2897 928 2982 aruspices
943 2911 977 2966 et
988 2897 1194 2990 impostores,
1209 2922 1269 2990 qux
1259 2896 1346 2970 illic

299 3016 410 3086 erant,
427 3002 470 3072 de
486 3000 584 3068 rebus
596 2999 662 3068 suis
676 2998 909 3085 consuleret,
902 3002 1069 3092 rmpietate
1087 3003 1241 3074 videlicet
1261 3025 1346 3074 nou-

289 3106 382 3178 ,diam
396 3105 583 3176 libertatem
599 3124 637 3172 sc
653 3103 809 3176 fiduciam
828 3105 958 3200 adepta.
979 3109 1100 3178 Tunc
1093 3109 1193 3200 rgitur
1210 3131 1265 3181 me
1280 3081 1364 3178 rion-

300 3209 425 3282 malum
434 3209 478 3278 de
490 3211 554 3280 hoc
570 3209 640 3280 viro
652 3211 873 3303 conjectorem
883 3209 982 3286 fuisse
991 3213 1139 3334 memini,
1152 3217 1345 3307 quanquam

180 3369 185 3376 .
277 3314 424 3408 ,alioqui
444 3339 513 3388 non
538 3338 578 3384 ex
601 3337 715 3386 eorum
739 3339 877 3388 numero
904 3319 984 3405 sim,
1010 3321 1069 3412 qui
1097 3320 1132 3390 in
1155 3319 1346 3413 hujusmodi

301 3425 400 3494 rebus
415 3424 486 3494 sciti
502 3437 601 3517 atque
616 3424 789 3515 ingeniosi
787 3439 876 3497 sunt
892 3425 958 3500 sed
974 3450 1026 3498 mc
1038 3451 1176 3499 morum
1183 3451 1222 3498 ac
1237 3429 1345 3529 gestos

300 3531 400 3622 ipsius
414 3528 675 3622 inaequabilitas,
693 3543 795 3622 atque
815 3531 931 3622 ingens
948 3532 1100 3624 quaedam
1117 3535 1237 3606 mentis
1252 3557 1345 3604 emo-

302 3637 360 3724 tio,
378 3651 487 3708 vatem
503 3637 681 3708 efficiebat
674 3634 870 3728 ,siquidem
874 3651 962 3710 vates
979 3637 1108 3710 illet
1049 3653 1108 3730 opt
1109 3641 1194 3710 imus
1210 3655 1272 3725 est,
1290 3640 1347 3735 qui

299 3744 387 3812 recte
404 3743 564 3836 conjicere
575 3741 688 3812 novit
716 3745 829 3835 Neque
849 3743 938 3816 enim
954 3744 1034 3814 mihi
1056 3745 1136 3816 boni
1160 3745 1346 3839 quidquam

299 3849 481 3940 significare
494 3848 703 3934 videbantur,
719 3850 830 3920 cervix
845 3850 980 3922 minime
994 3851 1100 3939 firma,
1116 3853 1250 3926 humeri
1266 3873 1347 3944 quos

301 3955 442 4026 subinde
459 3955 604 4046 agitabat
621 3969 654 4025 ct
670 3955 861 4044 attollebat,
879 3957 994 4027 oculus
1007 3981 1110 4051 vagus
1126 3972 1160 4032 et
1176 3961 1344 4042 oberrans,
