2992 4590
294 418 359 480 tot
442 429 622 480 nnnronrnt
644 429 671 476 s.
696 427 851 495 rinnon,
875 429 961 480 ries.
975 433 1024 494 rr,
1046 431 1133 478 tucn.
1158 434 1183 476 ι.
1238 497 1243 504 Δ

293 556 373 625 pore
388 531 443 602 hic
454 545 639 625 comparet,
657 531 719 601 nisi
732 532 892 626 prooemia
904 533 1128 625 majoremque
1140 540 1338 624 apparatum

294 637 424 726 audiat,
448 663 525 732 quae
545 663 729 710 sermonem
753 662 881 734 semper
903 638 1094 738 praecedant
1112 651 1146 706 et
1164 637 1227 729 ipsi
1247 638 1340 708 viam

277 800 285 822 .,
293 761 429 840 parent,
461 747 586 839 absque
612 745 707 816 lucro
731 743 881 817 discedit.
910 749 1024 840 Neque
1049 747 1122 815 haec
1149 757 1217 814 una
1240 743 1338 814 nobis

292 877 390 922 causa
405 866 453 922 est
464 851 655 944 prolixitatis
669 854 924 944 prooemiorum,
941 854 1044 923 sedet
1058 852 1201 942 alianmr
1213 851 1335 920 minor.

274 959 278 964 ’
292 964 341 1028 Ex
356 960 448 1028 tanta
464 958 587 1052 quippe
598 955 822 1053 multitudine,
836 957 892 1035 alii
907 959 1081 1045 accedunt,
1100 958 1154 1028 alii
1170 957 1256 1049 saepe
1267 980 1339 1026 non

293 1067 466 1136 accedunt.
485 1069 620 1136 Necesse
641 1065 754 1158 itaque
773 1089 828 1136 eos
847 1067 906 1159 qui
926 1065 1087 1137 accedunt
1102 1064 1258 1134 leudibus
1281 1088 1340 1134 or-

293 1195 371 1242 nare
384 1203 393 1262 3
411 1195 466 1240 eos
482 1159 560 1240 vcro
576 1171 634 1258 qui
650 1172 770 1240 absunt
790 1172 1030 1264 reprehendere
1044 1187 1108 1264 3ut
1122 1171 1170 1240 illi
1183 1170 1340 1240 laudibus

293 1276 502 1352 studiosiores
513 1275 671 1363 evadant,
685 1278 720 1346 hi
731 1279 1010 1372 increpationibus
1017 1279 1189 1370 segnitiem
1197 1291 1336 1370 ponant.

293 1383 366 1454 nn
380 1383 515 1478 quoque
533 1382 625 1452 adest
641 1385 879 1474 prooemiorum
891 1385 1077 1457 necessitas.
1097 1388 1339 1473 Argumentum

292 1491 380 1583 saepe
395 1489 551 1582 prolixids
566 1503 755 1576 tractamus,
771 1491 862 1584 quod
874 1515 943 1562 non
957 1514 1026 1562 uno
1041 1488 1095 1562 die
1110 1511 1284 1582 possumus
1295 1487 1341 1562 ad

292 1598 394 1665 finem
417 1591 598 1680 deducere,
616 1594 674 1666 sed
691 1611 726 1668 et
745 1596 890 1668 sentum
905 1611 938 1670 et
956 1597 1052 1668 tertis
1068 1609 1101 1668 et
1121 1593 1340 1687 quamsaepe

293 1728 377 1796 opus
401 1717 450 1772 est
473 1703 569 1772 nobis
593 1704 809 1795 expositione,
836 1703 1003 1774 adunam
1028 1701 1245 1794 eamdemque
1268 1724 1340 1770 rem

293 1803 509 1878 tractandam.
520 1809 704 1882 Necessario
716 1809 816 1902 igitur
826 1809 973 1881 secunde
987 1808 1040 1878 die
1055 1809 1171 1901 prioris
1181 1807 1341 1878 doetrinae

292 1917 366 1990 finis
378 1929 428 1984 est
446 1915 660 2007 repetendus,
684 1928 723 1983 ut
737 1915 782 1984 itt
798 1915 871 1984 finis
894 1938 971 1986 cum
984 1914 1148 2006 principio
1169 1914 1340 1982 cohaerens

292 2021 461 2090 clariorem
480 2020 622 2088 auditori
637 2020 858 2089 narrationem
872 2019 1007 2105 reddat,
1026 2043 1068 2088 ne
1083 2020 1152 2088 sine
1173 2017 1241 2088 ulle
1256 2019 1340 2088 serie

291 2129 398 2222 posita
413 2129 518 2198 oratio
537 2127 710 2197 ohscurior
731 2127 861 2197 eandm.
879 2131 922 2198 Ut
939 2130 1020 2199 uerd
1034 2127 1140 2212 discen
1155 2127 1340 2196 orationem

292 2233 454 2327 prooemio
477 2247 644 2304 carentem
666 2236 685 2302 h
710 2232 842 2304 nemine
864 2233 1069 2306 intellectum
1090 2233 1152 2319 iri,
1171 2255 1250 2302 eene
1268 2235 1341 2326 jtm

292 2342 362 2410 sine
382 2340 550 2433 prooemiis
565 2333 779 2432 experimenti
801 2343 898 2410 causat
912 2341 1093 2411 orationem
1108 2337 1231 2410 ordior.
1248 2339 1342 2410 Res-

289 2447 429 2540 piciens
444 2460 568 2515 autem
581 2443 689 2516 Jesus
706 2443 824 2523 dimit:
848 2445 905 2515 Tu
920 2471 958 2516 es
972 2444 1208 2541 Simonfilins
1223 2443 1339 2532 lona,

293 2567 333 2621 tn
360 2550 551 2630 vocaberis
576 2550 722 2642 Cephea
727 2605 740 2640 ,
765 2551 867 2644 quod
883 2554 937 2624 eat
960 2556 1238 2646 interpretatum
1262 2553 1341 2624 Pe·

294 2673 369 2729 trus
383 2663 409 2728 ¹.
428 2657 547 2729 Videte
567 2658 647 2727 niam
661 2655 797 2730 *dictum
818 2659 906 2737 titur
924 2662 1111 2754 intelligatis
1134 2691 1142 2731 z
1168 2685 1212 2730 an
1233 2660 1357 2752 scutis

291 2767 578 2861 consequentiam,
606 2781 642 2836 et
661 2769 728 2860 qut
751 2770 794 2838 de
813 2771 911 2838 caust
933 2769 1005 2838 haec
1027 2768 1234 2840 dictasunt?
1259 2767 1341 2860 quia

293 2876 412 2968 nemph
429 2875 499 2943 sine
519 2874 681 2964 prooemio
693 2873 765 2943 heac
780 2874 915 2968 protuli,
931 2875 1069 2967 perinde
1082 2899 1122 2945 ac
1138 2876 1166 2944 si
1185 2873 1260 2968 quis
1273 2874 1341 2947 ho-

290 2981 416 3054 minem
442 2977 591 3070 undique
614 2981 802 3066 obtectum,
827 2983 866 3049 in
891 2983 1057 3052 theatrum
1083 2981 1240 3054 adducat.
1267 2984 1341 3071 tae

290 3089 372 3176 ergo
386 3087 493 3177 ipsum
507 3081 711 3174 detegamus,
726 3088 796 3180 jem
811 3085 889 3166 dato
902 3089 1075 3180 prnoemio.
1094 3093 1141 3156 lte
1157 3087 1263 3160 Paulo
1277 3111 1341 3160 eu-

97 3225 101 3232 ·
216 3191 219 3198 ”
293 3207 361 3262 tem
376 3213 483 3261 sermo
497 3191 593 3262 nobis
607 3215 713 3284 nuper
728 3207 809 3277 erat,
827 3193 962 3286 quandh
974 3193 1019 3264 de
1033 3194 1223 3275 nominihus
1233 3191 1340 3267 disse

185 3381 186 3386 ἵ
250 3366 251 3370 ,
294 3299 463 3389 robaudus,
480 3299 776 3392 quaerebamusque
797 3323 856 3368 cur
872 3299 1049 3394 aliquando
1071 3299 1205 3386 Saulus,
1224 3301 1340 3390 postet

291 3411 372 3479 verti
394 3407 514 3477 Paulus
529 3421 665 3477 vocatus
680 3406 792 3480 suerit.
816 3407 991 3478 Indeserta
1011 3407 1145 3498 digressi
1162 3419 1276 3480 sumus
1293 3405 1340 3476 ad

294 3531 437 3587 veterem
455 3516 646 3600 historiam,
664 3539 842 3609 omnesque
857 3516 915 3609 qui
934 3515 1132 3606 cognomina
1151 3515 1339 3587 habuerant

293 3624 562 3697 examinavimus.
577 3623 707 3698 Deinde
721 3625 885 3702 Simonem
899 3624 1244 3708 *commemoravimun
1258 3646 1339 3696 uec-

294 3755 363 3800 non
377 3729 620 3820 Christumipsi
632 3728 795 3798 dicentem
813 3758 820 3798 :
845 3729 901 3798 Ta
917 3753 955 3798 es
971 3729 1098 3802 Simon
1098 3727 1334 3825 filimJona,

295 3849 333 3905 tu
345 3833 535 3914 vocaberis
550 3833 707 3928 Cophes,
722 3833 823 3926 qnod
832 3824 890 3905 est
904 3840 1179 3930 interpretatum
1187 3836 1333 3908 Petrus.

331 3965 424 4017 ¹totn.
437 3980 458 4030 r,
471 3961 512 4029 42.
553 3991 554 3994 =
