2992 4590
241 425 344 472 staur
366 427 412 470 vr.
439 425 481 468 ns
503 424 660 468 nanneno
683 425 719 468 ur
733 424 942 468 conoromus
957 421 1125 469 tnarnrrs.
1152 407 1217 468 17⁹

174 527 281 598 omnis
297 525 422 620 generis
433 538 466 594 et
480 523 585 594 aetatis
600 524 677 592 ante
690 545 767 591 eum
779 523 868 592 diem
882 524 1060 616 incognita.
1075 521 1217 594 Psalmo·

175 631 237 702 diae
263 632 436 722 gemitibus
466 629 657 714 cedebant,
686 641 720 695 et
744 629 845 696 animi
880 631 1061 699 constantia
1095 629 1218 701 doloris

173 741 401 833 magnitudine
416 738 643 830 frangebatur.
661 735 842 806 Certabant
858 735 961 803 nostri
984 759 1059 806 curn
1077 738 1214 824 exteris,

174 870 252 918 cum
267 847 430 930 Etlmicis,
448 843 585 927 Judaeis,
602 840 754 928 advenis,
767 839 857 933 iique
871 840 1011 912 vicissim
1022 841 1213 930 nobiscum,

140 971 145 980 ·
175 954 257 1024 utris
275 954 443 1022 uberiores
463 951 619 1040 lacrymae
639 947 822 1016 uberiorem
845 945 1022 1015 utilitatem
1048 947 1215 1017 afferrent.
1243 969 1247 978 ·

175 1059 326 1153 Denique
357 1059 454 1128 dolor
479 1055 536 1124 ille
559 1055 596 1123 in
626 1051 807 1146 perieulum
840 1051 1097 1122 desiit.·Multae
1132 1054 1221 1124 enim

176 1167 295 1236 animae
311 1189 350 1234 ex
360 1165 394 1234 vi
407 1160 619 1255 protensionis
634 1174 667 1228 et
681 1159 928 1250 compressionis
943 1162 1098 1228 unacum
1114 1181 1154 1229 eo
1166 1183 1223 1228 ex·

176 1271 367 1358 cesserunt,
380 1293 455 1359 quae
467 1267 564 1360 hujus
576 1265 648 1334 finis
660 1265 795 1334 nomine
808 1262 917 1334 felices
929 1265 1114 1357 praedicatae
1129 1279 1219 1350 sunt,

177 1391 218 1448 ut
229 1376 389 1446 discessus
403 1373 503 1466 ipsius
518 1373 625 1456 sociae,
642 1385 742 1464 atque
757 1385 795 1439 ut
810 1371 1046 1440 ferventiorum
1060 1372 1222 1465 quispiam

116 1549 119 1554 .
179 1483 312 1568 dixerit,
331 1482 482 1550 funebres
497 1479 651 1548 victimae.
667 1477 752 1548 Ciam
769 1490 878 1546 autem
895 1501 1014 1569 corpus
1025 1479 1079 1546 vix
1095 1503 1126 1546 ra
1133 1480 1223 1571 pien-

180 1591 265 1660 tium
278 1611 396 1658 manus
408 1588 585 1678 effugisset,
603 1610 642 1656 ac
656 1599 890 1678 prosequentes
905 1588 1099 1677 superasset,
1113 1588 1148 1653 in
1161 1610 1222 1678 pa-

178 1709 311 1766 rentum
336 1695 489 1787 sepulcro
510 1693 686 1778 conditur,
706 1715 744 1761 ao
766 1691 989 1760 sacerdotibus
1014 1692 1222 1762 sacerdotum

177 1799 641 1896 princeps,'praedieatoribus
663 1821 783 1889 magna
808 1821 893 1883 vox,
919 1800 1066 1890 meisque
1090 1801 1225 1870 auribus

176 1910 347 1993 insonans,
358 1906 557 1995 martyribus
569 1918 695 1994 martyr
704 1903 905 1997 adjungitur.
917 1909 960 1974 tt
976 1929 1065 1974 nunc
1081 1905 1137 1974 ille
1153 1907 1225 1999 qui-

178 2015 257 2086 dem
272 2016 307 2084 in
322 2013 415 2084 coelis
427 2027 487 2098 est,
504 2010 572 2082 illie
588 2013 697 2096 etiam,
716 2011 750 2080 ni
762 2010 870 2097 fallor,
887 2011 1042 2082 sacrificia
1054 2035 1113 2105 pro
1131 2013 1225 2083 nobis

169 2122 344 2206 ‚offerens,
362 2135 396 2189 et
415 2143 476 2212 pro
491 2118 614 2211 populo
634 2139 746 2210 preces
765 2115 929 2207 fundens3
947 2141 1056 2212 neque
1077 2121 1165 2188 enim
1180 2121 1225 2190 ita

178 2255 240 2302 nos
255 2227 409 2322 reliquit,
428 2239 466 2294 ut
475 2223 606 2317 prorsus
619 2222 801 2316 reliquerit.
821 2230 865 2292 At
880 2246 940 2313 ego
954 2223 1063 2294 media
1078 2249 1117 2294 cx
1132 2241 1225 2318 parte

179 2351 334 2408 mortuus
361 2348 394 2403 et
416 2331 573 2401 dissectus
599 2329 792 2420 Gregorius,
819 2331 958 2420 (utpote
983 2334 1002 2402 a
1024 2333 1144 2423 magno
1168 2332 1227 2404 illo

180 2447 271 2517 socio
284 2444 457 2534 abruptus,
472 2455 571 2532 atque
581 2438 732 2508 acerbam
749 2451 783 2506 et
797 2437 948 2507 miseram
962 2439 1064 2508 vitam
1079 2441 1223 2527 trahens,
1281 2449 1285 2458 ’

180 2567 222 2624 ut
236 2565 493 2624 consentaneum
506 2559 553 2614 est
569 2567 644 2614 eum
657 2545 715 2638 qui
731 2544 774 2612 ab
790 2567 830 2614 eo
842 2543 1025 2638 disjunctus
1040 2546 1122 2636 sit,)
1136 2547 1226 2618 lraud

180 2661 262 2744 scio,
277 2677 456 2751 quemnam
473 2665 545 2745 post
560 2651 646 2720 illius
666 2651 869 2742 disciplinam
886 2652 987 2720 srnem
1003 2653 1189 2746 nanciscar3
1207 2659 1227 2726 a

181 2791 252 2861 quo
274 2786 364 2834 nnuc
388 2760 522 2854 quoque
547 2780 605 2849 per
625 2770 803 2825 nocturnas
831 2757 968 2825 visiones
990 2756 1169 2829 admoneor
1192 2776 1226 2831 et

181 2873 337 2963 castigor,
351 2868 378 2936 si
391 2864 526 2959 quandb
541 2864 583 2931 ab
595 2862 705 2931 ollicio
717 2883 888 2930 recessero.
908 2865 974 2930 Nec
986 2865 1064 2932 verb
1079 2887 1140 2956 ego
1153 2867 1226 2960 qui.

181 2979 262 3049 dem
277 2976 387 3046 luctus
401 2970 556 3041 laudibus
571 2969 728 3062 adjungo,
746 2981 846 3061 atque
860 2965 948 3054 illius
962 2968 1064 3037 vitam
1079 2972 1237 3060 oratione·

182 3087 298 3180 pingo,
315 3105 353 3150 ae
368 3077 508 3170 tempori
525 3097 735 3146 communem
750 3075 880 3143 virtutis
900 3074 1061 3162 tabulam,
1080 3076 1229 3148 salutile-

142 3201 146 3209 “
182 3211 326 3284 rumque
347 3185 502 3257 omnibus
520 3181 669 3260 eeclesiis„
683 3181 903 3272 omnibusque
928 3182 1100 3253 animabus
1117 3208 1227 3255 exem-

183 3299 280 3393 plum
303 3316 473 3389 propono,
500 3291 535 3358 in
554 3290 662 3383 quod,
679 3287 771 3357 velut
789 3288 825 3354 in
847 3289 958 3373 vivam
976 3292 1154 3380 quamdam
1176 3291 1228 3362 le·
1253 3280 1257 3284 ⁴

185 3428 276 3500 gem,
289 3397 586 3482 intuentes,vitam
609 3408 753 3463 nostram
768 3391 944 3481 dirigemus
966 3421 974 3462 ε
994 3394 1087 3475 vobis
1103 3411 1226 3484 autem,

185 3513 244 3608 qui
258 3511 303 3580 ab
318 3510 389 3601 ipso
411 3503 561 3575 doctrina
575 3501 665 3570 sacra
683 3497 802 3566 imbuti
828 3498 919 3582 estis,
937 3497 1119 3592 quidquam
1136 3502 1227 3575 aliud
1299 3593 1304 3597 ῃ

186 3619 363 3699 suaserim,
378 3617 479 3708 quim
498 3623 537 3680 ut
556 3632 632 3677 eum
648 3629 775 3698 semper
794 3605 965 3697 spectetis,
994 3629 1051 3690 ac,
1069 3614 1228 3702 tanquam

186 3729 269 3820 ipse,
287 3739 321 3794 et
335 3746 392 3794 vos
414 3718 536 3805 videat,
561 3717 625 3786 eta
639 3713 734 3786 vobis
755 3711 927 3800 videatur,
946 3711 1065 3806 spiritu
1082 3715 1227 3789 instrua-

187 3833 272 3904 mini
287 3835 345 3902 ¹.»

225 3971 234 4002 ¹
249 3965 275 4016 8.
289 3963 390 4026 drogon
403 3952 488 4008 Theol.
501 3955 573 4007 orat.
586 3967 651 4019 mm,
662 3966 689 4002 n.
701 3964 744 4016 79,
753 3950 795 4001 8ο.
1044 4031 1064 4094 2

183 4053 189 4065 ’
1026 4035 1040 4094 l
1067 4074 1075 4093 .
