2930 4582
206 483 310 532 CAPUT
333 487 378 532 VI·
396 485 437 526 DE
460 480 614 525 Mutuouo
637 481 672 523 ut
695 477 902 521 commonicus
925 469 1091 518 tomman-
1116 457 1181 521 27⁷

143 593 256 664 licetur
271 584 473 660 orationibus
493 580 631 665 nostris,
653 576 711 646 sed
735 575 826 670 qubd
841 588 990 668 petamus
1006 575 1048 645 ab
1064 599 1119 664 eo,
1144 591 1184 648 ut

142 722 261 771 nomen
286 699 354 791 ejus
378 691 600 764 sanctificetur
619 686 654 754 in
670 681 777 753 nobis.
801 681 965 754 Caeterum
981 684 999 751 b
1015 707 1082 776 quo
1097 689 1185 756 Deus

114 807 376 886 sanctificatur,
401 799 459 893 qui
479 797 548 887 ipse
570 791 750 862 sanctificat
770 792 785 854 ‘l
807 789 864 858 sed
880 789 957 882 quia
978 789 1048 881 ipse
1070 789 1151 862 dixit
1175 821 1184 864 ς

141 914 272 989 Sancti
283 922 395 998 estote
408 903 582 996 quoniam
594 922 661 995 ego
672 909 819 967 sanctos
834 893 988 982 sum¹‚id
997 897 1139 989 petimus
1155 913 1189 970 et

141 1007 314 1116 rogatum,
340 1031 379 1086 ut
406 1015 477 1108 qui·
488 1013 524 1078 in
551 1007 715 1101 baptismo
735 1006 927 1075 sanctificati
943 1025 1075 1092 sumus3
1092 1009 1128 1077 in
1150 1032 1189 1079 eo

141 1117 233 1228 quod
246 1150 314 1197 esse
326 1121 502 1214 coepimus,
517 1115 812 1209 perseveremus².u
821 1117 865 1182 Et
874 1111 975 1206 paulo
987 1126 1062 1206 post
1071 1111 1113 1182 de
1126 1115 1189 1186 hsc

139 1240 210 1332 ipss
228 1260 263 1304 re
280 1231 389 1303 adbuc
402 1217 572 1322 disputans
588 1237 622 1293 et
636 1219 757 1290 docens
772 1243 831 1289 nos
846 1220 1120 1314 perseverantiam
1135 1245 1192 1315 pe·

139 1361 210 1416 tere
232 1345 251 1410 ὲ
268 1338 425 1422 Domino,
444 1330 535 1428 quod
551 1327 759 1398 nullomodo
775 1327 863 1398 recte
879 1351 916 1397 ac
931 1328 1089 1400 veraciter
1102 1325 1191 1400 face-

139 1467 209 1538 ret,
227 1449 291 1518 nisi
306 1449 374 1541 ejus
397 1444 522 1514 donum
545 1451 579 1508 et
592 1439 657 1508 hoc
673 1450 778 1508 esset:
795 1465 811 1502 n
823 1439 914 1522 Haec,
927 1436 1048 1530 inquit,
1066 1439 1190 1508 sancti·
1285 1433 1291 1442 “

142 1559 254 1629 ficatio
269 1555 353 1624 utin
365 1551 460 1621 nobis
476 1558 668 1642 permaneat
679 1567 828 1630 oramus,
843 1557 877 1612 et
892 1543 969 1637 quia
986 1544 1145 1615 Dominus
1157 1559 1192 1616 et

135 1665 240 1759 judex
253 1675 363 1731 noster
371 1672 484 1728 sanato
501 1657 520 1724 a
536 1677 569 1722 se
586 1667 620 1722 et
634 1651 799 1722 vivificato
815 1650 1036 1721 comminatur
1049 1675 1118 1720 non
1133 1651 1192 1722 de·
1293 1687 1298 1693 ·

137 1773 303 1865 linquere,
317 1791 359 1836 ne
375 1765 458 1860 quid
474 1763 504 1832 ei
521 1760 665 1836 deterius
680 1759 757 1826 fiat8
772 1760 878 1827 :hanc
891 1757 1055 1827 continuis
1071 1760 1192 1830 oratio·

140 1880 245 1950 nibus
256 1897 387 1970 precem
397 1872 551 1952 facimus,
563 1867 628 1935 hoc
639 1864 755 1943 diebus
768 1877 801 1933 et
809 1864 962 1936 noctibus
971 1864 1191 1958 postulamus,

138 2000 176 2056 ut
199 1983 417 2054 sanctificatio
433 1993 466 2048 et
477 1973 655 2047 vivificatio
666 1996 741 2066 quae
763 1971 805 2040 de
826 1971 885 2040 Dei
905 1971 1008 2064 gratib
1027 1973 1190 2061 sumitur,

136 2093 241 2188 ipsius
258 2089 464 2182 protectione
477 2081 678 2155 servotum.»
688 2084 727 2148 ln
736 2079 994 2150 sanctificatione
1003 2080 1102 2170 igitur
1113 2105 1192 2175 per-

135 2199 378 2282 severantiam,
394 2197 459 2264 hoc
471 2208 539 2278 est,
556 2206 596 2262 ut
610 2192 646 2258 in
657 2189 912 2289 sanctificatione
926 2213 1191 2282 perseveremus,

136 2337 197 2382 nos
221 2309 329 2378 abeo
354 2318 466 2398 petere
490 2303 550 2370 iste
571 2303 693 2370 Ductor
709 2297 881 2390 intelligit,
900 2297 976 2369 cum
999 2299 1192 2370 sanctificati

135 2419 282 2491 dicimus
296 2445 303 2486 :
318 2411 716 2508 Sanctificetnrnomen
730 2419 829 2476 tuum
846 2409 870 2476 ⁵.
888 2433 904 2472 »

178 2527 273 2598 Num
300 2513 531 2592 erubescemus
552 2518 588 2586 in
613 2516 742 2586 minuta
766 2537 865 2608 opera
888 2528 1016 2601 nostra,
1034 2516 1193 2586 Veterum

133 2635 320 2708 transferre
336 2631 476 2715 divitias,
495 2628 572 2696 clun
585 2628 620 2694 in
633 2625 824 2694 admiranda
840 2647 898 2692 sua
910 2624 1029 2716 scripta
1045 2649 1106 2714 pec
1123 2627 1193 2718 ipse

133 2739 315 2814 erubuerit
335 2749 576 2805 antecessorum
604 2731 832 2798 auctoritatem
856 2729 1033 2796 admiscere
1059 2735 1192 2820 Augus-

131 2851 252 2924 tinus?
274 2843 340 2914 nisi
363 2842 447 2912 font
468 2843 531 2910 hoc
554 2837 680 2907 inertiae
699 2835 822 2925 'vitium'
842 2834 951 2928 potitis
976 2835 1193 2908 tribuendum

131 2959 312 3039 videatur,
332 2975 398 3045 quo
423 2948 508 3018 male
535 2941 719 3016 laborantes
740 2945 860 3012 horum
895 2957 1081 3036 temporum
1102 2947 1193 3016 Con-

132 3175 242 3245 niatas
265 3167 428 3258 inspicere
444 3162 601 3230 Vetertim
617 3156 809 3252 particulas,
828 3171 861 3226 et
877 3181 919 3225 ne
934 3181 1039 3226 unum
1056 3159 1191 3251 quidem

131 3283 310 3370 integrum
324 3273 434 3342 lors'au
449 3269 583 3338 illorum
595 3265 777 3336 christianis
791 3263 871 3333 olim
883 3263 1078 3332 Oratoribus
1091 3263 1190 3334 lami-

131 3389 273 3458 liarium
291 3403 376 3473 opus
391 3376 496 3468 usquc
513 3375 554 3442 ad
571 3373 693 3442 calcem
711 3369 875 3462 perlegere
891 3370 1130 3441 sustinuerunt.

189 3499 226 3564 3⁰
254 3497 307 3561 De
337 3482 560 3559 Conciliorum
585 3477 675 3570 apud
701 3489 828 3546 sanctos
859 3482 970 3546 Patres
998 3477 1192 3546 auctoritate

131 3601 348 3675 sufficienter
367 3591 494 3686 patebit
509 3587 557 3657 illi
581 3587 637 3680 qui
661 3584 714 3655 vel
736 3608 870 3680 parvam
886 3574 1026 3654 -habebit
1046 3585 1192 3678 antiqui-

132 3713 210 3782 tatis
238 3701 410 3776 notitiam.
435 3701 539 3770 Nemo
561 3693 665 3764 nescit
682 3693 747 3788 qua
764 3691 933 3784 diligentis
957 3689 1192 3760 catholicorum

133 3813 375 3891 Conciliorum
390 3805 520 3874 decreta
540 3804 654 3874 contrb
674 3801 811 3873 Arianos
835 3799 921 3868 inter
935 3795 1118 3890 fragmenta
1133 3823 1192 3870 co-

170 3973 180 4002 ¹
201 3959 290 4014 Lavit.
313 3969 374 4015 xix,
392 3965 416 4004 2.
432 3974 465 3988 -
482 3958 493 3986 ²
510 3951 537 4002 8.
558 3953 629 4018 Gypr.
650 3949 682 4002 de
694 3951 762 4026 Orat.
787 3944 881 4000 nonin.
897 3968 929 3985 ·-
946 3931 1084 4012 ³'Joan.'v,
1101 3942 1143 4014 tl.
1156 3965 1189 3988 .-

133 4049 146 4098 4
159 4052 184 4102 S.
201 4051 283 4114 cypr.
298 4040 333 4097 de
346 4037 417 4090 Orat.
436 4032 591 4088 bomin-⁵
606 4037 633 4089 S.
645 4037 745 4102 August.
756 4031 800 4086 lib.
813 4031 914 4092 debon.
929 4033 1054 4084 Porsevcr.
1069 4047 1093 4081 n.
1109 4027 1132 4092 4.
