2982 4584
151 395 173 414 *'
207 406 308 454 CAHJT
331 411 434 454 v1.1rtt
457 407 612 452 ΠΕΤΕΟΒΟ
635 409 670 450 nt
692 407 899 451 couctouteut
922 405 1086 450 tuntum.
1113 383 1178 454 449

140 505 281 577 vicissim
307 506 402 576 nobis
425 505 547 575 remitti
571 503 786 596 postulemus.
815 503 915 574 Vides
938 505 973 572 in
1000 505 1179 596 Evangelio

139 611 424 706 quemadmodum
443 609 596 704 quidam
618 607 813 680 multorum
835 607 1054 682 talentorum
1077 610 1180 682 debi-

141 713 200 791 tor
219 724 231 764 ¹
247 719 443 806 adducatur,
459 742 498 789 ac
509 717 631 792 ,debito
645 716 824 808 liberetur,
841 716 884 786 ad
902 719 1029 792 bonum
1044 721 1132 789 enim
1147 735 1182 792 et

140 825 271 897 facilem
286 826 459 896 dominum
479 835 669 894 accesserat.
691 826 736 894 At
750 845 835 908 non,
853 837 893 920 ut
909 824 941 893 ei
961 822 1112 895 debitum
1131 849 1184 896 re-

143 933 277 1004 missum
287 933 414 1018 luerat,
425 931 471 1000 id
481 931 553 1022 ipse
564 929 701 1025 quoque
715 930 851 1000 remittit
860 960 871 1021 3
881 932 959 1000 ιιιιιι
970 932 1070 1001 animi
1084 932 1184 1002 etiam

143 1041 311 1134 proposito
326 1061 439 1109 servus
459 1051 549 1127 erat,
567 1059 628 1108 nec
652 1036 924 1126 misericordiam,
940 1061 1042 1133 quam
1061 1039 1097 1110 in
1112 1061 1185 1110 ma·

139 1149 205 1279 jori
220 1146 371 1240 pecuniae
387 1147 515 1216 summi
530 1159 726 1217 consecutus
746 1142 873 1232 luerat,
890 1145 926 1216 in
942 1147 1062 1217 minori
1084 1167 1187 1268 pecu·

144 1255 202 1324 nia
213 1273 372 1324 conservo
387 1273 449 1323 suo
462 1251 666 1344 impertitur,
684 1273 763 1339 nec,
777 1273 804 1322 st
794 1251 900 1322 nihil
915 1252 1018 1339 aliud,
1036 1254 1188 1348 proposi-

145 1357 386 1430 tumuuoertt
394 1356 620 1450 bberalrsergl
632 1355 712 1428 alios
721 1379 822 1427 auum
811 1357 1017 1453 exemplum
1026 1361 1185 1454 sequitur

147 1473 253 1550 Quam
283 1465 327 1535 ob
349 1486 480 1534 causam
502 1463 656 1534 domiuus
681 1465 741 1532 ιιι
739 1479 986 1535 commovetur.
1009 1468 1093 1538 Nam
1114 1492 1190 1560 quae
1282 1551 1284 1554 Ι

148 1574 262 1664 postea
276 1584 476 1664 sequuntur,
493 1567 623 1642 silentio
642 1569 830 1662 praeteribo.
851 1571 994 1640 Tantum
1005 1574 1069 1642 hoo
1084 1571 1193 1646 dicam

147 1676 388 1750 conducibilius
406 1676 542 1748 omninb
564 1699 648 1763 esse,
675 1689 714 1746 ut
733 1676 956 1770 priusquam
947 1701 983 1747 ιιι
1006 1678 1109 1749 altero
1129 1703 1192 1750 sae·

147 1785 225 1862 culo
238 1785 313 1856 ritae
325 1786 470 1858 rabones
479 1780 669 1870 reseramus,
684 1783 783 1876 hujus
793 1783 871 1853 vitae
886 1783 1123 1875 benignitatem
1135 1787 1194 1856 im·

147 1893 344 1988 pendamus.

196 1998 378 2084 »Quid
349 2022 396 2070 ars
403 1997 520 2070 illum
536 2011 570 2066 te
589 1997 641 2066 his
655 1973 860 2068 sermonibus
875 2003 1010 2090 captum
1031 2001 1194 2088 tenemus,
1301 2046 1308 2056 2

149 2095 294 2202 quorum
309 2121 343 2176 te
360 2128 471 2186 amore
486 2103 683 2176 inflammari
697 2104 784 2196 saepe
796 2101 964 2180 confessus
985 2127 1018 2174 es
1026 2106 1198 2198 ,praefec-

149 2229 263 2286 torum
278 2213 424 2340 optime,
443 2225 559 2306 atque,
581 2213 709 2281 utiubm
729 2214 851 2282 addere
874 2213 987 2302 liceat,
1011 2215 1198 2288 clementis·

151 2323 252 2394 sime?
272 2319 354 2390 nium
371 2319 433 2389 tibi
465 2319 623 2411 praeterea
640 2319 795 2411 supplicis
812 2268 987 2413 cujusdaui
1000 2320 1104 2392 libelli
1126 2323 1201 2395 loco

152 2429 286 2499 canities
305 2427 378 2496 hauc
404 2423 574 2522 offerenda
597 2425 676 2510 erit,
699 2439 799 2518 atque
825 2449 989 2496 annorum
1017 2451 1195 2519 numerus,
1288 2425 1293 2432 ’

150 2535 414 2626 diuturnumque
424 2515 458 2600 et
472 2529 557 2600 labis
572 2553 695 2651 expers
700 2531 764 2600 hoc
779 2532 1011 2622 sacerdotium,
1029 2536 1145 2628 quod
1136 2537 1199 2656 rpsi

149 2641 287 2734 quoque
303 2637 422 2726 angeli,
440 2637 516 2727 puri
534 2637 698 2728 purissimi
717 2637 777 2704 Dei
792 2637 935 2707 cultores
944 2645 1131 2734 ,tanquam
1145 2644 1198 2738 ip·

150 2766 264 2816 sorum
283 2741 390 2811 cultui
404 2740 566 2809 minime
557 2761 679 2832 rmpar,
692 2737 833 2810 sortasse
853 2744 1062 2814 veneratione
1084 2770 1198 2838 prose-

151 2862 314 2946 quuntur.
333 2846 421 2919 Nirm
435 2848 507 2918 lraec
521 2861 555 2916 te
572 2851 789 2940 permovent?
811 2871 854 2916 an
869 2841 973 2942 maju's
993 2849 1117 2946 aliquid
1137 2879 1197 2924 au-

151 2957 301 3030 dendum
315 2956 396 3026 erit?
412 2956 570 3026 audacem
586 2969 697 3026 autem
712 2978 765 3025 me
780 2955 876 3026 dolor
897 2956 1009 3029 efficit.
1026 2961 1196 3035 Christum

150 3067 214 3138 tibi
229 3064 354 3149 offero,
375 3061 498 3134 Christi
512 3062 682 3154 pronubis
702 3062 936 3150 inanitionem,
954 3078 988 3137 et
1003 3065 1195 3161 impatibilis

150 3173 333 3268 passiones,
349 3183 383 3240 et
397 3192 545 3257 crucem,
563 3183 597 3240 et
619 3169 747 3256 clavos,
769 3169 893 3264 quibus
917 3187 1052 3264 peccatu
1067 3175 1194 3248 solutus

151 3303 243 3368 sum,
257 3293 291 3349 et
305 3276 516 3368 sanguinem,
530 3289 564 3345 et
575 3275 796 3368 sepulturam,
810 3289 844 3344 et
860 3282 1143 3370 resurrectionem,
1162 3299 1197 3355 et

152 3387 387 3472 ascensionem,
403 3377 505 3477 atque
515 3382 598 3454 aded
610 3401 756 3450 mensam
771 3381 869 3466 banc,
883 3383 929 3452 ad
941 3408 1041 3478 quam
1053 3411 1188 3460 commu

152 3494 241 3566 niter
257 3491 461 3576 accedimus,
481 3485 660 3581 salutisque
674 3509 757 3556 meae
772 3499 889 3579 typos,
907 3511 990 3581 quos
1005 3491 1121 3565 eodem
1141 3519 1217 3579 ore,

155 3621 290 3693 perago,
303 3620 371 3692 quo
378 3599 470 3666 hauc
480 3595 523 3666 ad
533 3607 567 3663 te
578 3591 843 3686 deprecationem
852 3594 950 3681 obeo,
961 3597 1060 3683 hoc,
1050 3623 1199 3694 mquam,

157 3717 400 3776 sacrosanctum
415 3710 516 3797 atque
530 3701 567 3772 in
581 3697 707 3771 coelum
722 3723 783 3770 nos
797 3703 939 3772 evehens
950 3707 1154 3793 mysterium

204 3839 220 3878 ι
246 3806 392 3893 Quod
368 3830 396 3879 sr
409 3830 480 3878 nou
501 3821 637 3904 propter
655 3827 763 3877 uuum
783 3829 824 3877 ex
838 3807 906 3896 bis,
931 3808 1048 3882 saltem
1067 3829 1216 3910 propter,

199 3951 207 3978 ¹
224 3936 312 3993 unuh.
326 3952 395 4002 avua,
404 3933 446 3986 23.
494 3999 504 4030 ⁴

256 4036 293 4085 u.
394 4058 396 4064 ,
720 4079 723 4083 .
971 4018 1045 4124 ἰιι
