2992 4590
214 403 321 460 cunr.
338 409 385 456 vr.
409 409 452 461 ns
473 409 629 461 uranono
651 407 688 456 ιιι
701 405 910 454 concremans
926 399 1093 456 Διιιιιιιιι.
1120 383 1184 451 1⁸3

150 531 251 597 eram,
269 520 303 580 ct
316 505 373 580 ille
387 505 538 602 portabat
552 530 627 597 me3
648 504 788 598 pusillus
809 502 909 574 corde
930 524 1032 588 eram,
1050 514 1084 572 et
1106 523 1188 572 con-

149 613 294 684 fortabat
308 637 362 682 me
374 645 384 704 3
400 613 491 706 piger
506 627 540 682 et
555 611 736 704 negligens,
753 623 788 679 et
801 609 964 678 excitabat
978 630 1052 698 me,
1067 606 1189 700 impro-

147 719 243 808 vidus
263 734 297 790 et
312 717 502 805 obliviosus,
517 732 551 791 et
569 715 804 788 commonebat
823 735 888 784 me.
905 715 979 797 Quo
1000 715 1082 784 milri
1097 712 1191 786 avul-

148 849 202 921 sus
227 829 292 898 es?
314 826 383 920 quo
406 825 488 898 mihi
512 837 626 917 raptus
651 821 855 905 emanibus,
881 820 982 891 homo
1008 820 1188 910 unanimis,
1272 882 1275 888 ,

147 933 249 1012 homo
262 932 445 1008 secundum
462 954 519 1002 cor
533 930 668 1009 meum‘l
679 927 870 1000 Amavimus
883 949 943 996 nos
960 925 994 999 io
1007 925 1075 998 vitl
1088 955 1096 996 a
1110 949 1195 1018 quo-

147 1039 249 1120 modo
261 1040 296 1109 in
312 1051 418 1108 morte
428 1059 542 1108 sumus
555 1059 615 1109 nos
626 1035 784 1128 separati?
796 1031 1003 1110 Amarissima
1016 1032 1192 1124 separatio!

146 1131 180 1240 et
196 1168 298 1238 quarn
323 1167 393 1212 non
416 1155 526 1236 posset
542 1141 676 1210 omnino
698 1139 829 1210 ellicere
851 1137 914 1208 nisi
935 1160 1035 1208 mors.
1053 1136 1196 1222 Quando

147 1251 238 1332 enim
263 1272 317 1321 me
340 1248 436 1326 vivus
458 1247 571 1320 vivum
593 1239 778 1320 desereres?
793 1244 939 1314 Omnino
961 1266 1045 1336 opus
1066 1244 1193 1330 mortis,

145 1355 355 1427 horrendum
374 1353 562 1426 divortium.
577 1353 657 1442 Quis
672 1352 760 1425 enirn
777 1353 844 1422 tam
861 1351 952 1422 suavi
968 1351 1101 1425 vinculo
1116 1375 1194 1422 mu-

145 1463 199 1535 tui
225 1460 329 1533 nostri
351 1484 419 1538 nou
443 1460 639 1552 pepercisset
661 1458 798 1545 amoris,
820 1458 882 1528 nisi
903 1457 1006 1529 totius
1026 1457 1193 1533 suavitatis

145 1567 281 1664 inimica
305 1567 410 1642 morsi
432 1565 521 1637 Bene
543 1589 655 1651 mors,
681 1589 758 1659 quae
776 1587 883 1637 unum
906 1563 1085 1656 rapiendo,
1107 1562 1192 1637 duos

143 1673 270 1752 furiosa
297 1675 446 1766 peremit.
482 1677 606 1752 Annon
634 1696 723 1745 mors
753 1672 851 1744 etiam
875 1671 983 1742 mihi?
1010 1673 1082 1742 Ιιιιὸ
1115 1671 1192 1764 plats

142 1780 241 1873 mihi,
258 1778 313 1849 cui
337 1778 454 1874 utique
478 1780 570 1850 omni
592 1793 699 1855 morte
717 1778 880 1855 infelicior
901 1779 970 1872 vita
986 1792 1113 1848 servata
1128 1793 1189 1850 est.

144 1887 231 1960 Vivo
242 1901 282 1964 ut
296 1887 410 1958 vivens
424 1887 545 1959 moriar
558 1915 567 1982 ς
584 1901 618 1958 et
632 1887 699 1964 hoc
714 1885 850 1964 dixerim
865 1887 989 1960 vitam?
1003 1888 1111 1972 Qutm
1128 1887 1193 1956 mi·

143 1994 211 2071 tilis
227 2017 281 2069 me
292 1994 448 2092 pnvanes,
467 1995 487 2064 ὂ
501 2007 629 2088 austera
641 2017 742 2082 mors,
761 1995 837 2067 vitae
851 2019 927 2077 usu,
945 2017 1046 2088 quam
1060 1992 1190 2070 fructui

142 2104 222 2184 nam
246 2101 311 2174 vita
337 2102 406 2176 sine
426 2100 539 2178 sructu
555 2101 683 2192 gravior
698 2123 799 2180 mors.
817 2100 967 2194 Denique
981 2098 1103 2194 duplex
1120 2087 1199 2172 mal

142 2207 216 2300 lum
241 2207 333 2302 liguo
356 2221 491 2302 paratup
515 2207 739 2298 infructuoso,
763 2207 884 2283 securis
912 2221 946 2282 et
966 2207 1078 2297 ignist
1091 2209 1190 2299 'Ergo

142 2317 224 2390 mois
238 2315 409 2396 laboribus
424 2315 588 2399 invidens,
603 2313 761 2406 elongasti
777 2317 796 2394 ὲ
811 2339 865 2387 me
877 2315 1019 2384 amicum
1035 2327 1069 2382 et
1084 2314 1191 2406 proxi·

142 2444 249 2508 mum,
264 2445 323 2516 per
336 2422 430 2514 quus
444 2420 585 2493 maxime
601 2421 749 2492 studium
764 2420 916 2510 eranttsi
930 2417 1065 2513 quando
1076 2424 1189 2511 erant)

143 2526 317 2610 fructuosi.
347 2526 454 2598 Satius
479 2527 616 2619 proinde
645 2525 725 2601 mihi
751 2523 864 2596 luisset
894 2525 1070 2619 periclitari
1096 2526 1185 2614 vill,

142 2636 244 2734 qulam
259 2633 335 2720 tul,
356 2634 377 2702 ὀ
393 2633 540 2717 Girarde,
556 2633 740 2726 praesential,
758 2633 817 2726 qui
832 2656 981 2704 meorum
996 2633 1031 2704 in
1047 2634 1188 2712 Domino

141 2741 330 2834 studiorum
351 2763 422 2812 eras
440 2739 596 2810 sollicitus
611 2740 774 2824 incitator,
789 2739 895 2810 fidelis
910 2737 1053 2832 adjutor,
1071 2756 1187 2820 cautus
1298 2811 1301 2818 Δ

142 2849 356 2931 examinator.
382 2849 462 2931 Cur,
487 2869 618 2940 quaeso,
646 2859 704 2916 aut
725 2845 923 2930 amavimus,
942 2858 1000 2914 aut
1022 2846 1188 2916 amisimus

142 2957 225 3024 nos?
241 2959 329 3026 Dura
353 2951 510 3040 conditio,
533 2951 591 3022 sed
613 2975 687 3022 mea
702 2949 885 3022 miseranda
901 2948 1047 3036 fortuna,
1072 2965 1102 3020 et
1119 2975 1188 3022 non

143 3059 249 3130 illius!
273 3062 355 3138 Niun
370 3073 426 3145 tu,
439 3061 537 3128 chare
552 3057 673 3145 frater,
689 3057 715 3127 si
730 3057 846 3126 charos
861 3055 1006 3144 amisisti,
1024 3057 1186 3141 chariores

45 3197 56 3220 ·
143 3168 259 3262 otique
269 3165 429 3258 recepisti.
445 3166 586 3247 ttevem
601 3166 830 3260 quaenamjlrn
839 3164 991 3241 miserum
1005 3164 1185 3238 consolatio

142 3287 253 3362 manet
267 3285 344 3366 post
359 3285 392 3342 te
406 3272 547 3373 unicum!
561 3269 713 3341 solatium
729 3274 864 3342 meum?
880 3269 1002 3352 Placita
1018 3272 1081 3342 fuit
1096 3274 1183 3366 pari-

111 3403 116 3420 *
144 3393 190 3451 ter
201 3379 336 3472 utrique
352 3378 488 3454 societas
508 3399 684 3470 corporum
695 3399 755 3470 pro
772 3399 901 3470 urorum
916 3377 1111 3453 concordii:
1126 3380 1184 3452 sed

142 3486 247 3584 solum
259 3509 313 3564 me
323 3485 439 3561 divisio
450 3469 645 3555 vulneravit.
654 3486 850 3568 Commune,
865 3482 955 3576 quod
967 3481 1080 3576 libuit;
1093 3484 1185 3579 quod

143 3594 232 3671 triste
256 3607 291 3664 et
313 3592 465 3684 lugubre,
483 3613 594 3663 mcum
612 3596 623 3660 a
638 3590 674 3661 iu
698 3612 751 3658 me
771 3589 973 3663 transierunt
987 3589 1056 3676 irae,
1074 3591 1109 3660 in
1134 3615 1187 3662 me

143 3689 357 3782 confirmatus
382 3711 431 3768 est
453 3697 559 3770 furor.
583 3701 664 3768 Erat
691 3695 854 3766 ainbobus
880 3695 1075 3780 alterutrum
1098 3711 1188 3788 grata

144 3795 328 3906 praesentiu,
342 3803 440 3904 dulce
455 3804 671 3902 consortium,
684 3825 784 3876 suave
799 3801 1023 3896 colloquium:
1039 3802 1097 3881 sed
1114 3818 1188 3887 tau-

179 3933 289 4007 warch.
303 3949 343 3999 111,
358 3949 397 3984 ro.
