2984 4580
213 523 214 528 1
279 491 342 552 374
433 509 611 554 suasorios
635 506 661 552 S.
688 509 841 571 rtrnuu,
867 510 942 556 ms
965 495 1008 568 tr,
1034 509 1118 552 ster.
1144 503 1184 552 1.'
1210 549 1218 560 ,

278 611 433 700 gaudium
460 607 683 678 examinemus
709 639 717 678 ε
743 609 993 704 videbimusque
1020 607 1110 677 aliud
1141 609 1245 700 usque
1276 609 1317 680 ad

275 738 443 808 vesperam
453 738 598 800 nrancre,
612 713 717 784 donec
727 716 849 784 scilicet
859 717 893 784 in
904 718 1031 784 theatro
1043 715 1314 807 spectatorsedct,

276 822 397 892 deinde
422 835 533 890 autern
552 820 686 891 stimulo
701 821 804 892 acriis
822 823 929 914 ipsum
946 845 1113 915 pungere,
1130 822 1183 890 hic
1206 833 1314 890 autem

275 930 432 1022 gaudium
449 931 608 1022 perpetuo
624 930 731 1020 vigere
743 931 778 999 in
793 931 1009 1022 spectantium
1029 929 1143 998 animis
1161 957 1169 998 ε
1187 932 1264 998 nam
1282 943 1315 998 et

274 1038 421 1109 virorum
434 1033 572 1106 formam
587 1055 596 1122 ,
615 1051 648 1105 et
662 1035 726 1106 loci
736 1037 998 1129 jucunditatem,
1012 1049 1045 1104 ct
1061 1036 1315 1106 conversationis

273 1144 496 1229 dulcedinem,
515 1157 548 1214 et
562 1143 639 1213 vitae
651 1145 839 1236 puritatem,
858 1159 891 1213 et
904 1143 1113 1236 pulcherrimi
1127 1143 1316 1235 spiritualis·

274 1275 340 1346 que
354 1251 471 1322 cantici
487 1251 624 1342 gratiam
640 1253 764 1322 habent
780 1253 861 1322 inse
876 1275 1004 1344 semper
1023 1251 1231 1323 insidentem.
1250 1252 1315 1334 Qui

274 1361 339 1430 hoc
354 1359 454 1449 igitur
467 1373 567 1450 portu
582 1382 709 1452 semper
717 1359 886 1443 fruuntur,
906 1359 1085 1428 tumultum
1097 1361 1208 1451 postea
1223 1361 1315 1452 quasi

275 1479 501 1558 tempestatem
517 1463 661 1556 lugiunt.
685 1469 800 1558 Neque
815 1465 922 1536 solinu
937 1480 1091 1534 canentes
1106 1465 1159 1534 vel
1176 1488 1313 1556 precan-

273 1587 334 1657 tes,
349 1571 406 1640 sed
418 1571 516 1640 etiam
529 1569 618 1643 libris
629 1571 759 1656 intenti,
773 1571 958 1664 jucundum
968 1571 1155 1640 videntibus
1166 1572 1315 1663 praebent

275 1675 510 1771 spectaculum.
535 1674 650 1746 Soluto
665 1677 788 1770 quippe
808 1677 1029 1761 choro,=alius
1045 1682 1163 1746 lsaiam
1184 1700 1313 1748 sumens
1395 1692 1400 1700 ’
1485 1674 1491 1687 “

275 1806 350 1853 cum
363 1783 434 1876 ipso
449 1781 617 1876 loquitur,
635 1781 717 1862 alius
739 1807 815 1852 cum
828 1783 981 1875 apostolis
997 1797 1161 1867 versatur,
1176 1782 1257 1851 alius
1272 1784 1313 1864 ab
1398 1827 1400 1831 -
1486 1776 1491 1829 i

274 1890 346 1962 aliis
360 1891 562 1982 conscriptos
577 1889 678 1958 libros
692 1888 784 1980 legit,
802 1913 839 1960 ac
855 1888 897 1957 de
912 1894 981 1958 Deo
996 1888 1256 1986 philosophatur,
1271 1889 1313 1958 de

274 1996 439 2081 universo,
457 1997 499 2064 de
514 1994 705 2080 visibilibus,
724 1995 766 2064 de
780 1995 1018 2080 invisibilibus,
1035 1996 1078 2066 dc
1092 1993 1310 2081 sensibilibus,

272 2103 315 2172 de
329 2103 565 2195 spiritualibus
584 2103 626 2170 de
642 2101 765 2176 vilitate
781 2103 877 2197 hujus
889 2103 977 2189 vitae,
994 2103 1037 2172 de
1051 2101 1173 2173 suturae
1184 2103 1312 2193 magni-

273 2210 401 2284 tudine.

319 2345 337 2383 n
356 2317 501 2388 Aluntur
510 2331 620 2386 autem
636 2316 713 2386 cibo
727 2317 873 2409 optimo,
887 2341 955 2387 non
970 2318 1113 2387 decoctis
1125 2317 1314 2389 animalium

273 2426 444 2510 carnibus,
470 2422 528 2493 sed
548 2423 686 2515 eloquiis
703 2424 762 2492 Dei
782 2423 985 2493 dulcioribus
1000 2427 1101 2518 quam
1122 2423 1189 2492 mel
1208 2438 1241 2493 et
1265 2423 1314 2494 fa-

272 2553 354 2603 vum
369 2533 381 2571 ¹
401 2559 409 2600 z
427 2529 494 2599 mel
510 2530 679 2616 mirabile,
694 2530 867 2622 multhque
882 2530 999 2601 melius
1014 2534 1115 2625 quam
1133 2531 1229 2618 illud,
1247 2557 1314 2625 quo

273 2641 417 2707 loannes
443 2637 479 2704 in
507 2636 636 2706 deserto
665 2637 747 2714 olim
777 2637 935 2707 alebatur.
972 2639 1040 2710 Mel
1070 2639 1193 2732 quippe
1225 2639 1334 2710 istud·

272 2767 342 2816 non
363 2766 439 2837 apes
466 2758 608 2836 agrestes
636 2743 773 2814 floribus
799 2745 976 2816 insidentes
999 2747 1177 2838 colligunt,
1205 2771 1313 2840 neque

271 2875 379 2924 rorem
395 2865 590 2922 concoctum
602 2850 788 2921 alvearibus
803 2854 868 2922 suis
885 2854 1086 2932 immittente
1101 2855 1158 2951 sed
1175 2855 1313 2946 Spiritus

272 2959 375 3051 gratia
391 2981 550 3050 apparans
565 2980 626 3048 pro
642 2954 734 3041 savis,
751 2956 934 3029 alvearibus
946 2974 979 3028 et
993 2959 1110 3028 fistulis
1126 2961 1160 3028 in
1182 2974 1310 3030 sancto-

271 3087 345 3134 rum
358 3065 482 3133 animas
497 3064 660 3148 immittit,
677 3077 714 3132 ut
729 3065 868 3158 quisque
884 3067 985 3158 possit
999 3089 1059 3157 pro
1074 3065 1183 3136 lubito
1195 3091 1312 3160 perpe-

271 3184 332 3239 tuo
347 3168 455 3238 edere.
481 3173 547 3238 Has
563 3192 638 3262 apes
658 3170 843 3256 imitantes,
856 3195 1022 3245 sacrorum
1037 3171 1118 3242 savis
1134 3173 1311 3243 Librorum

147 3365 150 3368 Ι
269 3274 524 3361 circumvolant,
552 3275 690 3345 multam
707 3275 784 3345 inde
803 3275 1014 3370 decerpentes
1037 3277 1254 3371 voluptatem.
1278 3281 1310 3350 Si

264 3383 347 3475 'ergh
362 3383 504 3452 volueris
518 3407 593 3476 quae
608 3382 740 3452 illorum
756 3407 868 3452 mensa
884 3385 925 3452 sit
939 3383 1100 3470 ediscere,
1115 3385 1251 3478 prophis
1269 3388 1310 3455 ad

268 3513 323 3561 eos
343 3488 494 3576 accedas,
513 3503 554 3587 et!
567 3489 694 3558 videbis
717 3504 865 3584 eructare
886 3515 941 3560 eos
957 3490 1065 3560 dulcia
1090 3506 1124 3560 et
1150 3492 1309 3585 spirituali
1331 3573 1335 3580 .

269 3595 371 3667 odore
392 3594 501 3688 plena.
529 3595 666 3664 Illorum
683 3619 740 3664 ora
760 3595 844 3664 nihil
866 3611 1003 3688 possunt
1026 3613 1121 3691 turpe
1142 3598 1306 3691 proferre,

267 3700 352 3770 nihil
372 3700 505 3790 scurrile
524 3699 578 3772 vel
594 3725 760 3794 asperum,
783 3701 840 3772 sed
860 3705 971 3773 omnia
988 3705 1075 3774 coelo
1098 3704 1210 3796 digna.
1234 3711 1309 3778 Non

179 3821 183 3828 '
270 3807 327 3876 abs
342 3805 520 3892 refeceris,
538 3807 633 3877 siora
654 3808 848 3894 multorum,
866 3810 925 3902 qui
942 3811 978 3878 in
998 3810 1072 3882 foro
1091 3813 1256 3906 vagantur
1276 3825 1309 3882 et
1349 3871 1355 3880 .

265 3917 308 3986 ad
322 3916 489 3986 saecularia
508 3917 602 4010 quasi
623 3917 714 3986 rabie
734 3917 897 4005 feruntur,
911 3919 1030 3991 cloacis
1045 3919 1305 4014 comparaveris,

302 4043 389 4096 ¹Psal.
402 4057 471 4106 mur,
486 4059 525 4094 rr.
