2982 4584
264 457 366 504 oleum
382 462 428 503 vr.
454 460 494 504 nn
518 455 675 502 usrnono
699 457 734 502 m
756 455 964 502 coucronmns
980 451 1147 502 tuntum.
1174 437 1237 500 507

243 561 300 628 11⁰
313 560 378 642 Qui
394 559 438 628 sic
450 557 603 649 inopibus
620 553 760 626 divitum
770 553 926 644 pietatem
936 553 1110 624 conciliare
1119 555 1238 646 saepius
1356 583 1363 594 ²

198 665 421 751 allaborabat,
444 666 532 736 idem
548 649 605 732 ille
628 661 826 732 incessanter
843 659 1079 745 incumbebat,
1099 674 1137 730 ut
1152 660 1238 732 divi·

197 786 268 844 tum
293 772 389 863 regis,
413 772 473 842 Dei
493 788 650 852 amorem,
665 767 776 860 positis
791 765 868 838 ante
879 763 992 836 oculos
1007 779 1058 836 tot
1073 768 1239 861 tantisque

195 879 349 950 bonitatis
383 879 452 968 ejus
485 863 672 960 beneficiis,
696 873 886 944 hominibus
916 873 1053 944 afflaret.
1088 872 1237 962 Habeas,

174 980 319 1080 ‘quaeso
332 986 419 1054 hanc
432 977 1239 1074 Perorationem,quaetotafiduciamcharitatemn

195 1117 262 1186 quc
274 1092 400 1187 spirat:

253 1227 270 1266 c
305 1194 578 1271 Promissiouibus
601 1194 720 1268 divinis
754 1188 915 1280 fidamus,
949 1216 1059 1288 neque
1091 1194 1240 1268 alacritas

195 1321 344 1398 tempore
357 1303 550 1388 obsolescat,
565 1325 674 1396 neque
688 1325 781 1375 mens
793 1301 954 1372 remissior
968 1303 1026 1374 fiat
1035 1325 1074 1372 ex
1090 1303 1239 1375 obicibus

195 1412 253 1504 qui
280 1411 528 1499 interveniunt,
549 1408 607 1480 sed
624 1409 738 1480 virtuti
757 1408 877 1480 divinae
894 1407 1055 1495 fidentes,
1069 1410 1240 1503 quasijlm

195 1507 274 1589 arltl‘
284 1515 396 1590 oculos
406 1517 590 1588 videremus
605 1514 833 1606 promissiones
848 1514 997 1606 impleri,
1011 1516 1057 1586 ita
1073 1538 1191 1606 puram
1207 1529 1240 1586 et

158 1673 162 1680 -
194 1625 351 1696 sinceram
366 1623 466 1722 fidem
478 1623 699 1694 exhibeamus.
711 1626 831 1714 Magna
843 1621 931 1690 enim
944 1634 977 1690 et
988 1621 1146 1695 immensa
1161 1645 1240 1714 pro·

175 1817 177 1826 Α
194 1728 280 1802 misit
300 1730 396 1802 nohis
416 1729 591 1814 Dominus,
620 1742 654 1798 et
669 1751 745 1820 quae
763 1741 908 1798 nostram
932 1726 1172 1800 transcendunt
1186 1752 1240 1799 ra-

192 1837 334 1922 tionem,
353 1839 474 1928 nempe
489 1859 549 1908 nos
567 1835 742 1928 participes
758 1835 852 1926 regni
867 1833 955 1922 lore,
969 1849 1003 1908 et
1017 1836 1238 1912 ineffabilium

192 1945 359 2022 honorrnn
373 1957 562 2029 consortes,
585 1965 663 2018 cum
679 1941 802 2036 angelis
818 1955 1018 2030 versaturos,
1042 1957 1076 2017 et
1091 1943 1236 2017 liberan-

192 2051 252 2122 dos
271 2051 290 2118 l
306 2050 466 2140 gehenna.
490 2050 656 2122 Caeterrim
678 2072 788 2142 neque
801 2048 992 2122 diffidamus
1003 2049 1079 2124 ideo
1095 2049 1187 2142 quod
1199 2073 1238 2120 ea

191 2180 261 2230 non
273 2157 430 2230 videntur
445 2157 670 2251 corporalibus
689 2157 813 2246 oculis,
837 2159 895 2228 sed
910 2157 1092 2250 cogitantes
1105 2159 1239 2230 mentiri·

126 2327 130 2334 .
191 2287 260 2336 uon
276 2285 370 2355 posse
385 2287 479 2351 eum,
501 2265 560 2357 qui
575 2264 744 2356 promisit,
763 2277 797 2334 et
813 2263 913 2355 ipsius
934 2263 1092 2356 potentias
1110 2265 1238 2356 magni·
1324 2292 1326 2296 ·

188 2369 342 2448 tudinem
359 2370 626 2457 considerantes,
653 2371 725 2446 haec
740 2367 844 2443 oculis
858 2367 937 2442 fidei
952 2383 1189 2456 contueamur,
1204 2385 1238 2440 et

189 2504 229 2552 ex
244 2477 301 2566 iis,
319 2503 395 2573 quae
406 2481 476 2573 jtm
500 2502 654 2558 concessa
679 2490 774 2578 sunt,
792 2478 891 2551 etiam
919 2475 1099 2554 defuturis
1114 2477 1237 2548 bonam

134 2574 140 2578 ’
189 2609 281 2676 spem
295 2587 476 2662 habeamus
488 2618 497 2673 r
512 2588 550 2658 et
563 2587 651 2660 enim
667 2584 709 2656 dc
723 2585 821 2659 carnai
832 2598 865 2656 ct
878 2585 932 2656 hic
947 2583 1054 2656 multa
1068 2585 1164 2660 nobis
1178 2585 1237 2657 do·

189 2706 265 2764 nata
281 2705 378 2776 sunt,
401 2705 440 2763 ut
462 2715 502 2763 ex
525 2693 564 2762 iis
579 2691 801 2784 adJuvemur,
814 2713 983 2784 manuque
999 2692 1180 2780 ducamur,
1197 2709 1236 2764 ut
1288 2699 1292 2708 '

189 2797 232 2869 de
245 2795 308 2868 illis
323 2797 552 2889 quoquthene
569 2799 838 2889 speremustttm
851 2796 910 2891 qui
921 2797 1043 2868 Filium
1057 2822 1154 2868 suum
1166 2813 1234 2870 tra·

151 2981 153 2985 ,
190 2901 274 2975 didit
284 2917 420 2994 propter
434 2926 526 2976 suam
541 2905 576 2976 in
592 2927 651 2978 uos
666 2905 878 2992 charitatem,
893 2903 1146 2998 quomodb'non
1159 2929 1233 2977 om-

189 3008 243 3080 nia
258 3009 352 3082 nobis
374 3007 498 3103 reliqua
514 3009 691 3101 largiturus
714 3013 786 3082 est?
801 3011 893 3083 sicut
908 3025 942 3080 et
956 3009 1079 3085 Paulus
1094 3011 1203 3106 inquit
1221 3042 1229 3086 ι

190 3114 269 3211 Qru'
288 3118 439 3207 proprio
458 3114 559 3190 Filio
574 3141 640 3190 suo
657 3140 731 3190 non
751 3118 933 3210 pepercit,
956 3115 1024 3190 sed
1042 3141 1112 3212 pro
1128 3117 1232 3189 nobis

187 3218 353 3298 omnibus
368 3221 520 3300 tradidit
534 3221 645 3310 illum,
657 3223 835 3313 quomodo
848 3249 922 3296 non
938 3239 973 3296 et
987 3229 1111 3299 omnio
1126 3224 1232 3298 nobis

187 3351 269 3402 cnm
293 3325 355 3401 illo
381 3325 576 3402 donabit¹l
601 3329 775 3404 sisinum
795 3352 892 3400 sunm
908 3331 1043 3404 tradidit
1057 3355 1118 3424 pro
1133 3332 1228 3403 nobis

185 3436 425 3530 peccatoribus,
437 3436 464 3504 si
473 3435 675 3526 baptismatis
690 3433 817 3509 donum
825 3434 960 3526 largitus
972 3450 1033 3522 est,
1043 3436 1070 3506 si
1082 3438 1230 3530 priorum

186 3557 396 3636 peccatorum
412 3541 634 3614 remissionem
651 3541 785 3630 tribuit,
802 3541 829 3614 si
842 3542 1048 3635 poenitentiae
1062 3544 1149 3616 viam
1165 3567 1248 3620 uos
1309 3544 1315 3551 ’

186 3649 236 3721 his
251 3651 389 3742 aperuit,
402 3651 427 3723 si
443 3651 616 3742 innumera
632 3648 694 3722 alia
710 3647 902 3725 adsalutem
915 3661 1060 3726 nostram
1076 3644 1230 3742 operatus

186 3769 256 3843 est,
282 3755 492 3832 manifestum
516 3770 565 3829 est
586 3775 716 3846 eumer
740 3755 852 3834 lutura
867 3759 955 3832 bona
976 3757 1227 3850 uobisreposita

184 3862 413 3956 praebiturum.
424 3867 507 3942 Nem
517 3863 576 3958 qui
591 3877 726 3958 propter
740 3887 834 3944 suam
843 3864 1039 3952 bonitatem,
1049 3867 1226 3962 antequam

222 4000 229 4026 ¹
245 3993 314 4042 llom.
328 4005 380 4053 rm,
393 3990 433 4041 32.
