2930 4582
234 431 337 478 erran
358 435 405 478 vr.
430 435 472 478 nu
494 433 651 478 irmuono
673 432 710 476 mr
724 431 932 476 conmortuus
948 423 1116 474 nnumin.
1141 409 1209 476 tta

167 544 237 622 est;
253 555 315 624 pro
334 532 494 624 scripturi
514 531 649 615 notitia,
679 551 741 621 pro
760 529 872 598 charta
887 526 985 598 facies
1002 526 1209 600 demonstra·

166 651 231 708 tur.
256 639 321 722 Qui
336 639 437 710 nostis
456 638 540 732 quid
561 637 598 706 in
618 635 677 705 illo
689 634 839 704 dolentes
851 633 963 706 videre
986 633 1158 722 solebatis,
1171 637 1209 706 in

164 745 318 837 praesenti
333 744 512 836 gaudentes
527 743 627 835 legite
641 741 734 836 quod
749 739 878 827 videtis,
895 753 935 810 nt
949 741 1107 812 Dominus
1120 747 1208 814 Deus
1282 805 1285 809 ,

164 840 276 922 noster
300 850 522 922 abundantius
546 850 744 935 honoretur,
769 861 804 917 et
827 844 920 941 quod
943 846 978 916 in
999 844 1114 918 libello
1128 871 1210 920 con·

166 959 325 1052 seriptum
350 972 415 1045 est,
440 958 477 1028 in
503 971 645 1026 vestram
668 955 861 1024 memoriam
885 953 1110 1024 conscribatur
1134 957 1160 1023 ¹.
1188 981 1206 1021 a

164 1065 259 1137 Idem
275 1067 374 1136 etiarn
390 1066 432 1136 ab
447 1065 586 1151 Evodio,
604 1063 752 1134 Uzalensi
771 1063 940 1155 episcopo,
958 1060 1145 1132 factitatum
1158 1063 1209 1134 ri·

162 1171 294 1259 demus,
309 1173 387 1242 crim
413 1185 572 1241 testentur
585 1169 664 1240 libri
679 1170 722 1240 de
736 1169 901 1240 miraculis
915 1169 1020 1240 sancti
1036 1169 1206 1262 Stephani,

161 1308 183 1346 1«
208 1285 289 1350 Post
302 1273 525 1349 recitationem
544 1276 731 1348 divinorum
740 1299 883 1370 ⁸operum
899 1289 999 1370 atque
1016 1289 1205 1368 gestorum,

162 1387 311 1480 ipsarum
323 1387 420 1456 etiarn
437 1408 661 1478 person-arum,
680 1384 848 1479 inquibus
862 1383 919 1453 illa
933 1382 1097 1454 mirabilia
1105 1382 1205 1472 lacta,

138 1515 384 1586 ,quaecumque
406 1492 440 1560 in
456 1492 608 1584 praesenti
625 1490 760 1584 reperiri
781 1491 978 1584 potuerunt,
1003 1488 1208 1560 demonstra-

163 1601 287 1668 tionem
302 1597 518 1691 perspicuam,
530 1612 564 1667 et
573 1597 808 1691 professionem
822 1598 1002 1691 propriam,
1016 1620 1086 1666 non
1099 1595 1212 1666 solum,

160 1705 287 1796 scriptis
298 1705 521 1774 testimonium
534 1705 721 1798 perhibere,
737 1705 966 1776 verumetiam
981 1702 1085 1774 oculis
1100 1727 1207 1797 aspec-

159 1809 317 1903 tibusque
332 1810 432 1880 fidem
447 1810 591 1880 veritatis
601 1810 778 1902 ingerere,
794 1824 853 1896 ut,
871 1809 951 1878 dium
970 1809 1050 1902 ipsae
1069 1810 1206 1880 virtutes

159 1919 219 1988 Dei
242 1917 376 1988 auribus
400 1917 551 2010 primitiis
567 1917 815 2010 perlectionem
835 1917 1085 2004 intimarentur,
1107 1918 1206 1988 etiam

157 2024 282 2094 visibus
295 2024 426 2096 oculati
437 2023 504 2094 fide
519 2037 796 2116 praesentarentur
807 2029 832 2093 ².
855 2056 884 2118 l¹

138 2149 141 2155 ’
191 2135 239 2200 4⁰.
249 2131 348 2214 Quod
356 2147 467 2202 autem
476 2132 565 2201 beati
574 2137 729 2203 Doctores
737 2155 806 2203 non
815 2130 1206 2205 solmeeterisvelNovi

159 2238 361 2308 Testamenti
379 2237 495 2323 factis,
513 2262 581 2308 non
596 2238 703 2308 solum
715 2237 871 2331 praeclare
885 2239 980 2329 gestis
1001 2253 1203 2324 sanctorum,

156 2346 212 2415 vel
222 2345 357 2438 patratis
370 2369 429 2438 per
438 2369 553 2416 eorum
563 2347 725 2416 orationes
736 2345 901 2416 miraculis
912 2369 970 2416 sua
983 2346 1103 2438 scripta
1113 2369 1206 2416 exor·
1243 2367 1244 2378 ¹

157 2475 256 2538 nare,
274 2451 447 2522 sedetiam
467 2452 722 2523 accommodatis
732 2475 938 2546 paganorum
954 2453 1128 2546 exemplis,
1146 2451 1206 2524 de-

157 2561 337 2652 tractisque
352 2573 391 2628 ut
413 2560 459 2628 itt
479 2559 587 2630 dicam
599 2555 809 2631 inimicorum
832 2559 954 2653 spoliis,
975 2559 1080 2630 ditare
1095 2561 1205 2632 conati

157 2665 295 2752 fuerint,
309 2667 450 2744 maxime
463 2681 552 2759 patet
567 2691 607 2736 ex
619 2666 676 2736 itta
689 2692 790 2762 quarn
799 2668 938 2738 Paulino
950 2669 1078 2760 scripsit
1085 2670 1204 2740 Hiero-

158 2793 281 2864 nymus
293 2772 441 2866 epistolal.
460 2773 582 2846 Volens
598 2775 685 2842 enirn
701 2772 800 2854 illum,
816 2773 859 2842 ad
876 2775 1118 2866 scripturarum
1132 2790 1205 2846 stu·

158 2881 252 2956 dium
272 2879 458 2974 impellere,
485 2879 569 2975 quid
591 2881 711 2974 pagani
735 2881 1204 2974 comparandae‘pbilosopbiae

158 2989 256 3058 causa
268 3010 362 3078 agere
373 3011 443 3058 non
454 2987 690 3074 dubitaverint,
704 2988 751 3058 ita
762 2989 904 3059 oratorio
915 2988 1017 3060 modo
1028 3003 1176 3060 recenset
1193 3019 1201 3061 :

205 3125 222 3164 r<
247 3097 400 3188 Legimus
411 3097 445 3166 in
459 3087 621 3167 veteribus
636 3096 778 3167 historiis
789 3096 949 3191 quosdam
960 3096 1113 3168 lustrasse
1126 3121 1205 3194 pro·
1266 3122 1268 3128 ’

158 3203 293 3288 vincias,
308 3226 411 3274 novos
421 3201 536 3272 adiisse
548 3202 700 3296 populos,
712 3205 814 3274 maria
824 3203 986 3293 transisse,
1000 3220 1107 3278 uteos
1120 3231 1203 3302 quos
1300 3277 1301 3280 ,
1381 3241 1384 3248 ·

159 3333 198 3380 ex
207 3309 300 3380 libris
311 3323 484 3396 noverant,
498 3313 608 3380 coram
621 3310 755 3403 quoque
769 3310 921 3380 viderint.
939 3313 991 3382 Sic
1003 3315 1204 3404 Pythagoras

132 3459 134 3468 ι
158 3418 389 3511 memphiticos
400 3430 511 3504 vates,
526 3417 571 3487 sic
588 3417 681 3488 Plato
705 3421 887 3510 AEgyptum
903 3432 937 3488 et
952 3421 1121 3490 Architam
1138 3425 1203 3491 Ta·
1239 3444 1241 3449 ’

158 3529 344 3613 rentinum,
367 3550 507 3622 eamque
530 3551 622 3597 oram
647 3525 770 3612 Italiae,
790 3551 866 3621 quae
892 3527 1060 3621 quondam
1083 3553 1204 3622 magna

159 3635 284 3704 Graecia
297 3633 480 3722 dicebatur,
498 3634 748 3705 laboriosissime
760 3634 943 3727 peragravit
961 3649 1022 3705 :ut
1031 3636 1089 3730 qui
1104 3637 1203 3706 sthe-

159 3742 209 3812 nis
224 3742 377 3834 magister
396 3755 466 3812 erat
495 3757 529 3812 et
543 3755 676 3836 potens,
693 3743 853 3836 cujusque
870 3742 1055 3812 doctrinam
1082 3743 1201 3814 acade-

192 3897 203 3927 ¹
225 3893 251 3943 S.
273 3893 371 3957 August.
391 3893 470 3943 serm.
484 3907 564 3942 ceorx.
583 3901 641 3928 -2
660 3893 730 3944 luet.
745 3889 854 3944 lliraoul.
868 3894 894 3944 S.
912 3891 996 3959 steph.
1016 3891 1081 3959 apud
1098 3895 1200 3960 Augrrst.

159 3971 203 4026 lib.
217 3973 245 4027 n.
307 3997 309 4006 ·
437 3993 440 4000 ·
1283 3987 1286 3992 ·
