2982 4584
289 397 351 460 lat
436 411 615 460 annnorum
640 412 667 458 S.
694 410 846 476 rtuuurr„
871 373 1015 474 namu,
1040 403 1124 460 sicu.
1150 417 1174 456 1.

284 516 440 586 virtutem
455 513 620 584 exhibeas.
644 517 723 584 llaeo
739 514 825 584 bona
837 528 887 584 est
901 513 1088 600 aemulatio,
1102 514 1246 601 imitari,
1262 517 1334 586 'non

283 621 499 713 impugnare,
516 643 586 692 non
601 618 716 692 dolere
734 619 776 688 dc
792 619 905 692 ationis
924 619 1041 706 bonis,
1060 617 1120 690 sed
1132 619 1278 690 morderi
1292 621 1335 690 de

213 789 217 798 .
283 726 423 820 propriis
438 725 533 796 malis
551 755 560 796 z
575 726 630 796 cui
642 725 688 796 rei
703 727 908 798 contrarium
923 723 1004 796 lacit
1014 723 1149 797 invidia.
1167 728 1253 797 Nam
1262 749 1336 818 pro-

283 834 360 926 pria
368 831 539 926 negligens
551 833 650 920 mala,
660 831 826 925 dealieuis
837 833 934 904 bonis
945 833 1235 924 tabescitl'aupcr
1246 834 1337 904 enim

285 963 354 1010 non
368 939 416 1010 ita
431 941 451 1019 a
465 952 661 1032 paupertate
677 939 737 1009 sud
752 941 941 1027 mordetur,
957 941 1061 1033 quam
1078 940 1098 1008 a
1119 939 1261 1031 proximi
1277 962 1337 1010 co·
1474 1003 1475 1008 ,

284 1049 368 1142 piis,
381 1071 450 1142 quo
467 1046 552 1141 quid
567 1048 697 1139 gratim
708 1045 833 1118 fuerit?
850 1045 912 1118 Ille
922 1047 1046 1142 quippe
1056 1048 1093 1118 in
1109 1047 1196 1134 hoc,
1212 1061 1249 1118 ut
1259 1048 1332 1139 jlun
1425 1040 1428 1046 ’

285 1155 368 1244 dini,
383 1179 482 1228 avaro
493 1155 695 1248 etiam-pejor
710 1169 772 1226 est.
787 1153 849 1226 llle
864 1155 955 1226 enirn
965 1155 1043 1226 cum
1057 1154 1142 1248 quid
1156 1155 1336 1246 acceperit,

286 1264 429 1358 gaudet3
442 1265 496 1334 hic
511 1265 591 1334 vero
602 1262 681 1334 crim
693 1263 775 1334 alins
790 1286 860 1340 nou
873 1265 1036 1358 acceperit
1053 1262 1197 1334 lentatur.
1212 1267 1341 1346 Quam-

286 1371 542 1450 obrcm'obsecro
553 1370 681 1440 uthanc
689 1371 810 1442 malam
816 1369 1041 1465 relinquentes
1048 1371 1175 1442 viamet
1181 1369 1341 1442 adzelum

288 1479 416 1552 bonum
426 1478 663 1568 mutati,(ulm
674 1477 748 1548 talis
755 1478 845 1550 zelus
856 1480 1032 1552 vehemens
1043 1492 1092 1552 eu
1106 1489 1141 1550 et
1155 1479 1233 1570 igne
1243 1479 1342 1549 vehe-

287 1587 591 1680 mentior,)magna
604 1585 684 1656 inde
697 1586 883 1680 percipiatis
898 1587 999 1660 bona.
1019 1585 1072 1658 Sic
1086 1600 1122 1658 et
1137 1585 1261 1656 Paulus
1276 1589 1341 1656 Ju-

163 1691 166 1698 ’
287 1695 389 1782 dacos,
402 1695 445 1766 ad
454 1695 556 1764 fidem
565 1693 753 1780 deducebat
761 1694 891 1776 diceus:
904 1692 949 1767 Si
961 1716 1034 1782 quo
1045 1689 1156 1764 modo
1167 1689 1223 1764 ad
1228 1715 1342 1764 cemu-

290 1799 441 1874 landum
461 1824 655 1894 provocem
678 1825 830 1872 carnem
850 1825 993 1890 meam,
1011 1816 1047 1872 et
1059 1799 1343 1897 salvosfaciam

293 1909 436 2003 ulz'quos
446 1933 495 1980 em
504 1911 704 2000 istis¹3ndm
711 1911 770 2002 qui
777 1911 822 1980 ita
831 1908 1111 1982 aemtdaturutille
1118 1908 1343 1996 volebat,non

290 2017 516 2090 tabescitcirm
526 2018 644 2088 viderit
660 2015 762 2088 alium
779 2017 912 2089 inhond
930 2017 1171 2090 existimatione
1184 2039 1266 2103 esse,
1281 2013 1343 2084 sed

239 2171 242 2177 ,
290 2123 425 2218 quando
437 2124 557 2195 viderit
566 2145 601 2194 se
610 2145 679 2194 non
688 2123 724 2192 id
738 2124 878 2216 assequi.
892 2123 1028 2196 Invidus
1034 2126 1118 2207 ‚verd
1128 2143 1198 2198 nou
1207 2124 1271 2214 sic;
1282 2121 1344 2192 sed

288 2231 364 2302 crim
375 2229 477 2302 alium
486 2231 641 2324 prospere
654 2245 807 2322 agentern
819 2229 951 2318 viderit,
965 2232 1074 2304 veluti
1085 2232 1224 2326 quidam
1243 2228 1342 2302 sucus

290 2354 352 2427 est,
365 2337 893 2434 quialienoslaboreslabelactat,
905 2340 1342 2432 etnuuquamipsesurgere

290 2461 424 2536 tentat,
452 2448 535 2520 llens
559 2448 638 2516 verd
661 2445 740 2514 clun
762 2445 863 2522 alium
884 2461 1073 2537 surgentem
1092 2447 1206 2532 ridet,
1230 2445 1339 2516 omnia

290 2550 376 2631 facit,
390 2566 429 2620 ut
443 2551 538 2620 illum
553 2553 696 2642 dejiciat.
713 2551 855 2621 Cninam
870 2553 945 2644 quis
959 2555 1050 2623 hune
1066 2552 1222 2622 morbum
1244 2575 1340 2622 com·

290 2659 477 2752 paraverit?
488 2659 571 2730 Mihi
588 2659 776 2729 autemhoc
793 2659 931 2751 perinde
946 2681 1015 2730 esse
1028 2659 1162 2742 videtur
1178 2683 1216 2730 ac
1229 2661 1255 2729 si
1268 2660 1341 2752 quis

292 2769 385 2862 piger
397 2768 506 2838 asinus
522 2768 723 2861 pinguedine
735 2768 841 2860 gravis
853 2791 931 2838 curn
946 2789 1033 2862 equo
1045 2768 1171 2840 volucri
1181 2771 1343 2862 conjunc·

292 2890 365 2963 tus,
386 2896 495 2968 neque
511 2876 580 2968 ipse
593 2896 725 2963 surgere
737 2873 836 2960 velit,
849 2889 890 2944 et
905 2874 1052 2972 pondere
1067 2876 1218 2948 carnium
1233 2875 1343 2968 ipsum

250 3073 254 3078 ¹
293 2996 432 3054 conetur
452 2981 636 3052 detrahere.
654 2983 738 3052 Nam
750 2995 783 3050 ct
795 2981 862 3067 hic,
874 2995 912 3050 ut
920 2982 1027 3074 ,ipset
1042 2982 1211 3076 profundo
1226 3003 1342 3054 somno

219 3133 220 3136 =
292 3089 464 3172 liberetur,
481 3086 567 3157 nihil
578 3109 641 3156 nec
653 3087 775 3174 cogitat
786 3105 853 3174 ‘nec
869 3103 981 3178 curat,
998 3089 1082 3161 nihil
1098 3093 1178 3162 verd
1190 3111 1261 3160 non
1276 3090 1343 3182 agit

294 3209 333 3266 ut
348 3217 425 3264 eum
440 3193 545 3288 quiin
559 3193 683 3264 coelum
697 3192 830 3264 advolat
845 3196 1057 3289 supplantet,
1073 3212 1109 3268 et
1121 3199 1272 3292 dejiciat,
1287 3221 1342 3270 ac·

294 3303 427 3376 curatus
443 3297 568 3372 diaboii
583 3300 730 3372 imitator
745 3299 863 3371 lactus.
881 3305 964 3374 uam
981 3317 1014 3372 et
1033 3301 1090 3374 ille
1103 3304 1218 3376 videns
1233 3306 1345 3376 homi·

274 3435 373 3486 nem
389 3413 425 3480 in
443 3408 614 3503 paradiso,
634 3433 703 3480 non
719 3410 789 3502 ipse
802 3408 932 3480 studuit
953 3412 1075 3483 mutari
1088 3443 1097 3500 3
1110 3415 1169 3482 scd
1180 3412 1278 3484 illum
1290 3413 1345 3506 eji-

295 3543 369 3592 cere
385 3541 424 3588 ex
435 3516 598 3612 paradiso.
607 3520 651 3586 Et
661 3515 772 3586 rursias
781 3515 998 3588 videusillum
1013 3519 1048 3588 in
1057 3517 1144 3591 coelo
1159 3518 1343 3606 sedentem,

296 3643 329 3700 et
351 3627 432 3698 alies
449 3625 507 3696 illd
524 3623 740 3708 ¹festinantes,
763 3622 906 3715 idipsum
924 3625 1119 3714 meditatur,
1141 3629 1271 3722 eosqui
1285 3627 1346 3699 illo

296 3747 440 3826 pergunt
455 3729 683 3825 supplantans,
700 3742 734 3798 et
749 3729 827 3812 hinc
838 3733 998 3824 majorem
1010 3733 1072 3806 sibi
1083 3755 1266 3825 congerens
1280 3732 1346 3804 sor·

242 3917 243 3920 Ἴ
297 3835 424 3911 nacem.
441 3839 572 3932 Ubique
584 3839 673 3910 enim
686 3839 750 3910 lroc
763 3840 937 3930 contingit.
953 3841 1074 3912 Nimis
1089 3842 1142 3912 cui
1155 3842 1344 3929 invidetur,

339 3979 345 4004 ¹
359 3975 429 4021 Rom.
442 3986 477 4032 ιι,
493 3967 533 4035 id.
575 3976 576 3980 ’
