2982 4584
278 439 343 506 492
412 403 612 522 Διῃητοιιει
634 461 661 507 s.
686 457 840 522 alnum,
863 459 941 506 ans
963 464 1009 523 rr,
1031 459 1117 505 sacr.
1143 461 1168 504 r.

278 573 326 630 tas
341 559 418 630 alias
429 561 480 630 his
494 565 633 656 majores
646 561 831 655 voluptates
850 563 1015 654 reperire?
1027 562 1061 631 Si
1074 560 1123 632 vis
1139 559 1230 628 enim
1247 559 1321 629 ani-

278 691 369 736 mum
386 692 552 756 recreare,
566 669 649 740 vade
661 670 705 738 ad
720 668 885 762 pomaria,
903 666 945 737 ad
956 668 1109 754 fluvium,
1127 665 1318 758 adstagna:

274 776 388 845 hortos
411 775 655 871 contemplare,
676 776 804 847 cicadas
828 775 907 846 audi
929 789 1111 864 canentes3
1134 787 1321 864 martyrum

274 884 424 977 sepulcra
439 887 625 981 frequenta,
636 886 696 956 ubi
710 887 855 980 corporis
866 883 1036 970 valetudo,
1050 883 1169 952 animae
1181 882 1316 968 utilitas,

239 991 244 997 ’
275 992 425 1088 nihilque
434 993 668 1083 damni3nulla
679 1009 754 1088 post
764 993 890 1064 facturn
905 992 1113 1086 poenitentia,
1129 1004 1245 1083 utpost
1258 989 1317 1060 illa
1416 1053 1418 1056 .

275 1102 474 1193 spectacula.
502 1106 642 1172 Uxorem
669 1103 770 1172 habes
793 1115 828 1170 et
848 1101 960 1171 filios:
983 1123 1059 1194 quae
1074 1097 1226 1191 voluptas
1235 1097 1313 1166 huic

275 1211 422 1301 pareat?
442 1208 552 1278 Habes
567 1207 704 1278 domurn
721 1222 755 1278 et
770 1209 891 1279 amicos
906 1237 915 1278 ε
932 1208 1004 1277 haec
1015 1205 1180 1299 jucunda,
1193 1219 1228 1275 et
1242 1225 1318 1274 cum

275 1315 491 1406 temperantia
504 1339 662 1407 magnum
678 1314 809 1384 lucrum
820 1316 963 1408 pariunt.
976 1311 1065 1396 Quid
1081 1312 1184 1397 enim,
1193 1333 1318 1404 quaeso,

274 1418 348 1487 filiis
359 1421 564 1514 jucundius?
579 1422 661 1514 quid
677 1445 779 1492 uxore
799 1421 929 1490 dulcius
942 1421 981 1490 iis
995 1419 1052 1513 qui
1068 1419 1242 1489 continere
1261 1439 1322 1488 vo-

273 1525 372 1596 lunt?
395 1533 517 1598 Fertur
541 1530 757 1599 barbarorum
784 1527 911 1598 dictum
936 1527 1142 1621 philosophia
1167 1525 1320 1619 plenum.

274 1637 357 1706 Nam
375 1633 418 1704 de
430 1637 578 1706 Theatn's
594 1636 658 1705 illis
674 1637 807 1730 iniquis,
818 1651 850 1706 et
864 1635 907 1706 de
922 1636 1110 1729 importuni
1124 1633 1186 1704 itta
1199 1633 1324 1726 volup-

274 1757 342 1812 tate
368 1744 538 1814 audientes
555 1744 711 1814 dicebant
729 1775 737 1814 :
758 1775 774 1810 a
791 1747 933 1815 Romani
945 1767 982 1813 ac
997 1745 1023 1812 si
1036 1742 1120 1812 filios
1141 1756 1177 1812 et
1203 1765 1325 1812 uxores

273 1873 342 1920 non
357 1851 518 1922 haberent
528 1905 538 1938 ,
549 1852 608 1920 has
622 1851 848 1942 excogitavere
862 1851 1047 1943 voluptates
1061 1879 1069 1922 :
1087 1877 1105 1914 s
1125 1849 1254 1942 quibus
1268 1873 1326 1918 os-

273 1957 416 2026 tendunt
431 1958 515 2026 nihil
529 1957 660 2028 dulcius
677 1982 745 2028 esse
760 1957 835 2028 liliis
851 1974 886 2029 et
900 1975 1023 2046 uxore,
1042 1957 1069 2026 si
1092 1957 1167 2050 quis
1184 1956 1325 2026 honeste

272 2063 382 2132 vivere
397 2063 486 2132 velit.
505 2063 594 2146 Quid
610 2067 689 2154 ergd
704 2064 731 2133 si
747 2064 939 2152 ostendam,
954 2064 1093 2158 inquies,
1112 2063 1197 2131 nihil
1208 2061 1324 2131 damni

273 2193 312 2238 ex
326 2171 388 2239 hle
415 2170 603 2264 frequentin
623 2177 811 2263 emergere?
832 2177 931 2246 Certe
946 2173 1001 2245 vel
1018 2175 1082 2242 hoc
1097 2174 1208 2265 ipsum
1223 2171 1322 2240 dam·

272 2303 354 2348 num
366 2292 434 2366 est,
456 2280 526 2348 sine
542 2283 639 2350 causat
661 2305 699 2351 ae
714 2284 838 2352 temere
852 2297 983 2376 tempus
998 2283 1183 2367 insumere,
1200 2294 1234 2349 et
1249 2279 1320 2348 aliis

272 2387 473 2458 offendiculo
500 2411 579 2458 esse.
601 2391 684 2460 Nam
701 2390 727 2460 si
739 2403 778 2458 tu
794 2389 953 2460 damnum
965 2414 1034 2459 non
1048 2390 1199 2482 patiaris,
1217 2387 1315 2456 alium

271 2493 371 2584 hujus
398 2493 577 2585 spectaculi
609 2493 837 2563 studiosiorem
859 2493 981 2564 reddis.
1009 2495 1187 2577 Quomodo
1207 2507 1315 2562 autem

271 2595 430 2664 damnum
443 2621 511 2665 non
527 2598 675 2688 patiaris,
690 2599 748 2690 qui
759 2599 887 2691 praebes
902 2601 952 2668 his
964 2601 1161 2692 spectaculis
1175 2600 1317 2675 occasiu-

270 2707 463 2776 nemlNltm
481 2705 713 2798 praestigiator,
731 2719 905 2798 corruptus
920 2730 1027 2798 puer,
1045 2705 1221 2779 fornicaria
1241 2731 1319 2777 mu-

269 2809 346 2898 lier,
364 2835 545 2906 omnesque
556 2811 604 2906 illi
616 2809 770 2882 diabolici
782 2813 891 2898 chori,
908 2813 944 2880 in
956 2827 1056 2906 caput
1072 2829 1170 2884 tuum
1184 2835 1319 2884 causam

268 2915 531 3010 spectaculorum
547 2931 714 3009 regerunt.
730 2917 1019 3001 Quemadmodum
1039 2921 1169 2990 enimsi
1188 2935 1320 3014 specta-

269 3037 355 3092 tores
370 3047 439 3092 non
455 3037 580 3108 essent,
595 3047 656 3092 nec
673 3038 780 3092 essent
792 3026 850 3116 qui
865 3023 962 3096 ludos
977 3027 1168 3120 hujusmodi
1183 3028 1320 3097 exbibe-

269 3143 366 3218 rent,
392 3132 438 3201 sio
458 3130 536 3221 quia
556 3143 754 3220 spectatores
775 3133 873 3216 sunt,
897 3147 930 3201 et
945 3133 1007 3227 ipsi
1023 3147 1190 3224 gestorum
1205 3136 1319 3224 ignem

268 3233 469 3327 partiuntur.
486 3235 603 3328 ltaque
620 3233 698 3305 licet
712 3237 782 3304 sine
794 3237 950 3308 castitatis
960 3238 1133 3333 dispendio
1144 3240 1178 3309 id
1188 3264 1315 3334 ageres,

177 3422 182 3432 ,
267 3341 302 3412 id
318 3343 409 3437 qnod
424 3343 512 3413 certe
521 3343 591 3412 fieri
607 3343 736 3438 nequit,
748 3341 888 3415 aliorum
903 3361 1013 3418 tamen
1029 3347 1185 3440 perniciei
1202 3371 1319 3439 graves

188 3433 199 3455 ⁴
267 3451 360 3523 dabis
376 3475 503 3548 poenas,
518 3452 585 3522 sive
601 3454 821 3546 spectantium
832 3505 841 3541 ,
852 3455 919 3525 sive
929 3455 1114 3548 spectacula
1123 3453 1315 3525 edentium:

266 3576 365 3655 atque
385 3561 427 3630 ad
451 3561 632 3629 castitatem
648 3561 842 3631 servandam
858 3565 962 3657 majus
979 3563 1108 3632 lucrum
1122 3561 1272 3650 fecisses,
1288 3566 1317 3633 si

263 3665 321 3737 illo
338 3691 406 3736 nou
425 3667 577 3736 venisses.
603 3668 636 3737 Si
661 3667 749 3735 enim
769 3681 875 3738 castus
891 3694 980 3740 nunc
993 3693 1050 3758 es,
1069 3671 1177 3740 multo
1191 3673 1315 3740 castior

265 3797 348 3844 esses
367 3775 394 3844 si
415 3773 601 3868 spectacula
621 3773 677 3844 illa
693 3764 836 3846 vitasses.
854 3783 903 3849 Ne
918 3780 1030 3874 itaque
1050 3775 1211 3848 inutiliter
1226 3803 1314 3850 con-

263 3879 456 3967 tendamus,
474 3905 583 3976 neque
603 3881 736 3954 inutiles
759 3884 965 3956 defensiones
986 3892 1218 3981 excogitemus.
1238 3893 1314 3961 Una

262 3985 409 4094 defensio
425 4001 458 4057 et
472 3989 639 4062 excusatio
650 4004 710 4078 est,
727 3991 754 4061 si
766 3991 931 4082 fugiamus
947 3991 1114 4067 fornacem
1129 3993 1311 4086 babyloni-

1431 4155 1435 4164 ,

1393 4195 1397 4211 l
