2996 4598
227 402 279 492 ,dl
383 422 562 478 uuuuomct
584 423 613 474 s.
636 421 792 491 struunt,
816 421 903 478 etus·
912 428 962 491 11,
983 427 1071 474 auom
1092 430 1121 476 r.

234 523 304 595 sive
316 525 493 612 calumnia,
518 525 590 602 sive..
603 527 781 620 vituperia,
799 527 866 598 sive
883 539 1078 607 scommata,
1094 527 1160 598 sive
1175 527 1274 620 pigri

233 631 279 700 tia
296 632 432 723 quaeviS,
449 633 516 702 sive
530 647 648 704 cuncta
663 633 780 704 mundi
799 633 933 703 malain
949 631 1109 726 ejusmodi
1130 633 1272 702 animam

200 809 203 815 ,
233 736 395 828 impetum
410 735 546 824 faciant,
569 739 665 812 facile
685 739 970 832 perturbationum
989 739 1177 810 incendium
1194 763 1274 832 pro-

233 842 394 938 pulsabit,
413 844 489 914 cltm
514 847 690 916 sufficienti
710 844 858 916 lectionis
884 846 1060 940 Scripturae
1085 845 1200 916 solatio
1224 870 1276 916 ro-.

233 951 379 1024 boretur.
397 953 481 1023 Nam
495 976 604 1046 neque
626 953 738 1042 gloriae
757 952 966 1043 magnitudo,
988 977 1097 1047 neque
1118 953 1276 1046 potentiae

233 1059 396 1150 majestas,
412 1081 474 1130 nec
498 1061 677 1128 amicorum
692 1061 886 1152 praesentia,
909 1083 971 1129 nee
988 1059 1079 1130 aliud
1093 1059 1277 1154 quidquam

234 1184 274 1233 ex
290 1163 388 1232 rebus
406 1164 559 1234 humanis
574 1166 721 1236 animum
735 1164 816 1236 adeo
832 1167 961 1235 tristitia
976 1164 1165 1260 conlectum
1181 1164 1278 1234 solari

235 1269 373 1363 poterit,
392 1292 430 1340 ac
439 1259 604 1340 sacrarum
615 1272 714 1342 lectio
727 1274 980 1364 Scripturarum.
995 1271 1085 1354 Quid
1099 1273 1167 1341 itt?
1179 1269 1278 1354 Quod

236 1373 294 1444 illa
308 1373 443 1468 quidem
458 1377 582 1447 caduca
602 1377 687 1463 sint,
710 1393 744 1448 et
761 1377 909 1448 interitui
931 1377 1096 1465 obnoxia,
1115 1368 1215 1470 qu'am
1233 1379 1278 1446 ob

150 1502 154 1505 ·
238 1504 369 1552 causam
395 1497 428 1552 et
458 1484 638 1562 obnoxium
666 1485 814 1556 interitui
845 1499 893 1556 est
916 1486 1063 1578 ipsorum
1088 1484 1240 1555 solatium
1268 1513 1277 1555 ι

239 1600 274 1658 at
301 1589 396 1660 lectio
422 1591 599 1683 Scripturae
622 1591 825 1685 colloquium
848 1605 897 1662 est
923 1615 999 1662 cum
1025 1597 1105 1662 Deo.
1138 1589 1280 1674 Quando

239 1694 341 1787 igitur
365 1718 466 1782 eum,
491 1697 550 1790 qui
571 1699 699 1768 tristitia
725 1699 767 1768 sit
791 1699 948 1786 affectus,
968 1699 1156 1769 consolatur
1172 1703 1278 1782 Deus,

240 1802 323 1897 quid
346 1827 385 1874 ex
408 1803 506 1877 rebus
532 1805 649 1874 creatis
675 1807 782 1898 ipsum
806 1803 842 1874 in
872 1829 1049 1876 moerorem
1071 1813 1180 1898 potest
1199 1829 1282 1875 eon·

237 1911 362 2004 jiccre?
391 1911 538 2000 Lectioui
573 1915 650 2002 ergo
684 1913 785 1982 simus
816 1913 957 1998 intenti,
994 1935 1062 1982 non
1093 1911 1175 1981 duas
1205 1927 1282 1982 tan-

240 2017 313 2088 tum
327 2017 386 2086 has
398 2017 514 2108 horas,
530 2043 599 2088 nou
615 2019 705 2088 enim
720 2019 763 2088 ad
777 2019 983 2088 securitatem
998 2019 1120 2089 sufficit
1134 2021 1206 2088 haee
1222 2041 1282 2088 au-

238 2124 324 2204 ditio
351 2124 466 2213 nuda,
493 2127 551 2196 sed
575 2128 736 2219 perpetud
765 2156 773 2198 ι
799 2127 939 2220 quisque
968 2124 1106 2196 domum
1134 2150 1281 2198 reversus

240 2230 342 2302 libros
364 2236 476 2304 Sacros
497 2236 532 2303 iu
553 2258 669 2304 manus
683 2248 813 2320 sumat,
831 2248 865 2304 et
880 2257 995 2304 eorum
1010 2258 1086 2328 quae
1102 2233 1284 2304 dictasunt
1309 2251 1313 2255 '

242 2363 354 2411 sensus
387 2355 574 2434 percurrat,
598 2341 759 2436 siquidem
785 2356 979 2434 perpetuam
1002 2355 1036 2410 et
1065 2341 1283 2412 sufficientem

239 2447 417 2518 'utilitatem
433 2450 600 2541 percipere
614 2451 724 2542 cupiat
747 2471 786 2517 ex
803 2449 983 2540 Scriptura.
1005 2451 1087 2520 Nam
1103 2463 1136 2518 et
1156 2447 1284 2540 lignum

145 2598 148 2605 ,
241 2553 325 2628 illud
334 2557 437 2650 ⁴juata
456 2557 542 2624 rivos
565 2556 665 2624 situm
689 2578 758 2625 non
782 2555 825 2624 ad
851 2553 932 2624 duas
948 2569 982 2624 ct
1003 2569 1068 2626 tres
1093 2557 1189 2627 horas
1205 2579 1284 2626 cum

243 2661 337 2754 aquis
356 2676 526 2748 versatur,
549 2660 606 2731 sed
622 2663 712 2736 omni
728 2659 781 2730 die
801 2662 956 2754 omnique
979 2675 1088 2731 noete.
1107 2648 1294 2754 Propterea*

242 2767 329 2838 l'oliis
339 2782 466 2856 vernat,
481 2769 652 2862 propterel
664 2767 777 2836 fructu
788 2782 940 2860 gravatur
954 2767 1083 2860 lignum
1093 2767 1196 2852 illud,
1207 2765 1286 2836 licet

243 2873 356 2946 nullus
365 2897 404 2946 ex
418 2876 608 2946 hominibus
620 2873 704 2943 illud
717 2873 851 2965 irriget:
869 2874 1024 2967 quoniam
1037 2876 1130 2968 juxta
1141 2875 1227 2966 rivos
1237 2885 1286 2941 est

243 2985 418 3071 consitum,
433 2982 776 3054 radicibushumorem
785 2981 930 3066 attrahit,
943 2994 976 3049 et
984 2981 1076 3074 quasi
1088 3003 1147 3072 per
1158 2993 1286 3050 meatus

244 3091 406 3185 quosdam
421 3091 457 3158 in
477 3103 584 3158 totum
601 3110 719 3178 corpus
742 3085 918 3155 utilitatem
935 3085 1136 3159 transfundit
1155 3087 1234 3156 :sic
1253 3099 1288 3155 et
1350 3151 1351 3154 ,

239 3196 344 3290 isqui
373 3197 554 3288 Scripturas
568 3217 674 3264 sacras
689 3192 828 3276 *assidue
849 3192 943 3283 legit,
962 3207 995 3262 et
1007 3193 1106 3285 juxt‘a·
1116 3192 1201 3262 rivos
1208 3191 1288 3261 illa·

246 3325 319 3374 rum
343 3302 481 3388 residet,
512 3301 588 3372 licet
610 3301 776 3370 neminem
802 3299 928 3369 habeat
942 3291 1002 3392 qui
1029 3300 1285 3392 interpretetur,

245 3408 412 3502 frequenti
426 3408 583 3494 lectione,
601 3405 879 3502 quasirradicibus
895 3403 1093 3502 quibusdam
1111 3405 1288 3474 utilitatem

247 3515 388 3587 haurit¹.
409 3542 425 3578 u
486 3555 490 3562 ·
1060 3537 1063 3541 ’

290 3627 337 3694 3⁰.
351 3626 427 3694 Non
452 3634 562 3691 autern
581 3649 597 3688 a
615 3621 651 3689 in
665 3621 772 3713 primo
790 3620 920 3690 tantum
930 3619 1062 3710 originis
1080 3641 1148 3714 suae
1164 3616 1258 3686 l'onte
1270 3645 1286 3681 u
1356 3643 1359 3646 “

243 3730 414 3801 veritatem
428 3727 621 3818 investigare
636 3727 712 3797 satis
728 3725 914 3810 habebant,
932 3725 989 3794 sed
1008 3755 1024 3791 a
1042 3739 1169 3794 sanctos
1184 3738 1218 3792 et
1232 3747 1288 3792 or-

245 3837 407 3908 thodoxos
427 3837 540 3906 earum
557 3832 752 3930 expositores
773 3830 979 3928 humiliter»
1004 3830 1156 3929 exemplo
1182 3829 1286 3899 sancti

140 3930 143 3935 Ι
283 3975 291 4001 ¹
306 3965 331 4016 S.
347 3937 465 4028 Chrysio
477 3961 579 4028 princip.
594 3963 675 4015 Actor.
690 3961 767 4010 Serm.
781 3970 816 4024 ut,
830 3975 854 4010 n.
872 3975 896 4024 r,
910 3971 934 4010 a.
