2984 4580
173 440 275 490 carun
298 447 345 491 v1.
363 445 406 492 ns
421 443 577 490 usrsouo
600 444 636 488 ru
658 443 866 489 noneronraus
888 438 1055 490 anamma.
1081 426 1147 491 tro

108 539 228 627 bitror,
246 555 285 613 ut
299 542 476 635 prudentes
496 540 558 612 viri
575 540 746 610 sententiae
769 563 852 610 meae
867 539 1031 612 calculum
1049 565 1149 614 suum

108 645 243 718 addant.
261 651 401 734 Eorum,
416 647 473 742 qni
488 647 615 716 donum
634 646 803 716 consecuti
821 660 916 734 sunt,
936 647 992 717 alii
1012 649 1149 742 quidem

106 753 196 845 priris
208 756 228 824 a
240 759 308 825 Deo
320 768 353 838 et
363 754 468 824 salute
477 753 535 824 sui
548 752 680 845 prorsirs
695 754 799 824 aversi
810 767 915 843 erant,
927 756 985 849 qui
996 755 1151 827 videlicet

106 883 164 953 per
182 862 291 933 omnia
306 863 507 955 flagitiorum
521 882 639 950 genera
655 863 901 952 grassabantur,
922 877 955 932 et
974 862 1017 932 de
1031 862 1149 934 indus-

105 967 168 1038 tria
181 969 297 1040 vitium
316 967 598 1060 amplexabantur.
614 966 680 1037 atii
692 967 838 1062 quodam
852 969 952 1040 modo
966 969 1148 1059 semimali,

105 1098 143 1146 ae
151 1075 261 1148 medio
270 1077 357 1148 inter
366 1077 520 1146 virtutem
531 1074 690 1146 etvitium
700 1075 775 1146 loeo
788 1077 902 1170 positi,
914 1077 937 1146 ii
948 1077 1079 1171 nempe,
1091 1077 1150 1172 qui
1175 1064 1179 1070 ’

105 1183 365 1256 tametsimalum
376 1196 612 1276 perpetrarent,
620 1183 654 1251 id
665 1197 788 1271 tamen,
799 1185 891 1278 quod
900 1186 1147 1278 perpetrabant,

103 1289 242 1360 minime
265 1289 453 1382 probabant
479 1289 758 1383 quemadmodum
776 1314 837 1361 nec
867 1291 1021 1362 morbum
1051 1315 1150 1361 suurn

58 1411 60 1414 ’
106 1395 168 1487 qui
180 1395 263 1465 febri
274 1395 658 1466 divexentur.rlliietiam
666 1398 743 1466 ante
752 1397 922 1467 lustricam
931 1398 1150 1468 initiationem

102 1502 244 1572 honeste
267 1517 300 1573 et
315 1526 391 1572 curn
406 1501 506 1572 laude
520 1493 696 1592 vivebant,
718 1501 766 1571 illi
782 1502 917 1597 quidem
932 1528 970 1573 ex
990 1503 1077 1573 bont
1097 1504 1151 1574 in·

104 1609 198 1694 dole,
215 1609 269 1680 isti
283 1611 361 1680 verb
376 1609 468 1701 qnod
479 1608 522 1680 ad
537 1610 741 1701 baptismum
758 1611 886 1702 seipsos
896 1609 1012 1680 sedulb
1027 1633 1066 1680 ac
1080 1623 1151 1679 stn-

102 1713 196 1784 diose
211 1732 461 1810 prapurgarent
477 1742 487 1786 .·
504 1718 564 1810 qui
579 1717 677 1788 etiam
691 1721 1152 1812 postBaptismumpraestan-
1278 1751 1280 1754 ·
1360 1733 1362 1739 ’

101 1821 170 1892 tius
185 1821 295 1892 adbuc
311 1824 506 1916 cautiusque
520 1825 620 1894 vitam
636 1823 837 1895 instituunt:
855 1824 952 1912 illud,
972 1839 1009 1894 ut
1023 1827 1152 1896 bonum

6 1927 8 1934 ’
101 1923 401 2024 consequerentur,
425 1931 509 2016 hoo,
533 1943 572 2000 ut
593 1943 750 2000 tueantur
766 1945 866 2025 atque
881 1946 1087 2002 conservent.
1112 1937 1153 2002 In

40 2031 48 2040 ⁴
101 2035 155 2106 bis
170 2039 289 2129 porrb,
306 2053 346 2110 ut
360 2036 511 2108 meliores
527 2035 575 2108 illi
585 2035 758 2131 judicandi
772 2052 868 2126 sunt,
891 2039 950 2132 qui
970 2038 1013 2108 de
1028 2039 1154 2132 impro-

100 2143 208 2214 bitate
222 2145 393 2238 quidpiam
408 2145 616 2230 remiserunt,
631 2147 733 2238 quam
748 2146 806 2239 qui
818 2147 954 2220 omninb
965 2146 1108 2238 improbi
1120 2159 1155 2216 et

99 2250 254 2322 scelerati
274 2250 433 2342 fuerunt,
455 2251 579 2338 idriis,
600 2251 659 2344 qui
683 2263 752 2322 non
776 2252 913 2324 omninb
937 2251 1095 2322 effrenate
1115 2275 1154 2322 ae

98 2360 279 2452 prostitutb
303 2361 504 2454 peecdrunt,
528 2359 577 2432 illi
596 2355 747 2452 praeferri
762 2359 906 2446 debent,
923 2361 981 2454 qui
995 2361 1155 2440 virtutem

98 2467 343 2554 cornetanae
358 2468 479 2561 seipsos
495 2468 571 2538 ante
581 2467 785 2560 baptismum
796 2465 889 2537 velut
900 2468 1006 2561 scopis
1018 2468 1153 2560 quibus·

98 2573 182 2644 dam
194 2577 401 2668 purgarunt3
417 2576 565 2664 (babent
576 2575 665 2646 enim
676 2572 837 2668 quiddam
854 2588 976 2666 praeter
994 2588 1150 2662 caeteros,

97 2681 262 2750 nimirum
286 2679 460 2772 superioris
490 2681 568 2749 vitae
592 2679 701 2749 studia
722 2693 756 2747 et
781 2679 927 2772 labores,
952 2681 1151 2767 nonenim,

96 2785 575 2883 quemadmodbmplavaorum
597 2785 684 2854 hane
708 2785 777 2855 vim
803 2785 925 2871 habet,
956 2799 995 2856 ut
1017 2801 1153 2878 peecata

95 2895 235 2979 deleat,
252 2894 297 2964 ill
313 2892 411 2962 etiam
426 2893 515 2962 recte
532 2891 619 2962 saeta
636 2891 831 2982 extinguit.)
845 2895 956 2986 Atque
975 2893 1025 2962 bis
1041 2894 1152 2966 rursus

96 2996 329 3092 anteponendi
340 3013 429 3086 sunt,
447 2998 507 3092 qui
523 3012 556 3068 et
572 2998 709 3090 gratiam
725 2995 894 3084 excolunt,
911 3012 946 3080 et
957 3022 992 3068 se
1005 2999 1093 3092 ipsos
1108 3000 1152 3072 ad

97 3130 239 3180 omnent
254 3106 385 3178 virtutis
398 3104 594 3197 elegantiam
604 3107 707 3198 quam
720 3105 862 3174 maxime
877 3105 1058 3198 expoliunt.

148 3239 167 3278 n
195 3217 242 3282 lle
256 3213 295 3282 iis
309 3226 437 3296 autem,
454 3213 513 3304 qui
530 3209 731 3304 baptismum
750 3232 819 3278 non
836 3208 1074 3304 assequuntur,
1092 3206 1148 3284 alii

97 3307 241 3414 quidem
258 3303 425 3412 pecudum
441 3317 596 3402 omninb,
615 3315 669 3388 vel
685 3313 830 3384 ferarum
845 3315 946 3385 vitam
958 3317 1145 3406 imitantur,
1201 3351 1204 3360 ·

96 3443 206 3524 prout
221 3429 274 3501 vel
289 3429 449 3515 amentia,
461 3425 515 3498 vel
531 3427 631 3495 animi
647 3424 807 3517 pravitate
820 3419 993 3514 laborant,
1014 3426 1072 3518 qui
1084 3425 1149 3496 soi-

96 3537 184 3610 licet
206 3539 249 3610 ad
272 3535 494 3610 caeteramala
513 3536 578 3604 hoc
601 3533 736 3626 quoque
761 3529 998 3625 adjunxerunt,
1020 3547 1060 3604 ut
1085 3557 1148 3614 nee

100 3647 315 3740 Baptismum
332 3648 457 3738 ipsum,
482 3655 522 3711 ut
545 3640 680 3733 opinor,
708 3639 909 3742 magnopere
928 3654 1147 3728 venerentur,

98 3778 213 3848 eoque
227 3753 293 3820 sint
309 3742 439 3836 animo,
455 3763 509 3836 ut,
530 3746 708 3842 siquidem
723 3744 836 3831 detur,
854 3768 931 3814 eum
950 3769 1019 3815 non
1035 3771 1148 3837 grava·
1233 3765 1236 3772 '

97 3863 165 3934 tim
187 3857 365 3950 accipian,
391 3855 417 3924 si
441 3857 519 3924 verb
542 3877 610 3924 uon
633 3851 752 3936 detur,
775 3851 1005 3946 susquedeque
1025 3851 1153 3924 ferant.

97 3965 172 4044 alit
187 3964 313 4040 donum
328 3961 463 4057 quidem
480 3971 676 4053 agnoscunt,
692 3972 791 4052 atque
804 3959 929 4028 bonore
939 3981 1145 4052 prosequun-
1163 4017 1168 4028 .

527 4065 530 4071 ’
936 4069 986 4129 27.
