2996 4598
263 438 306 498 32
418 445 599 496 nunnonrct
620 445 648 491 S.
673 443 827 506 nannum,
852 444 929 492 nans
951 449 995 507 11,
1021 441 1106 490 secr.
1132 447 1157 488 1.

261 552 351 621 ribus
366 563 400 618 et
418 544 643 632 dilectoribus,
661 544 721 637 qui
740 545 849 614 dicere
864 545 935 614 ausi
950 557 1029 614 sunt
1044 566 1157 615 omnes
1172 545 1306 614 Domini

260 658 364 729 nostri
384 662 463 727 lesu
483 653 604 726 Christi
625 653 818 739 sententias,
841 676 923 746 quas
941 653 1053 722 mirari
1073 665 1107 722 et
1125 652 1308 744 praedicare

261 778 439 858 coguntur,
456 760 498 831 de
514 759 658 831 Platonis
673 757 765 828 libris
775 781 851 827 eum
863 758 1025 845 didicisse,
1039 757 1194 852 quoniam
1207 757 1307 850 longe

261 873 338 942 ante
360 872 544 940 humanum
564 864 744 935 adventum
767 863 898 934 Domini
921 862 1093 934 Platonem
1109 861 1226 951 fnisse,
1244 887 1307 934 nc-

261 979 330 1072 gari
352 1001 420 1048 non
440 988 559 1069 potest.
588 975 705 1042 Nonne
734 983 934 1040 memoratus
954 969 1126 1062 episcopus
1154 969 1308 1040 conside·

261 1087 332 1158 ratal
344 1083 480 1156 historia
497 1080 658 1172 gentium,
676 1077 753 1147 edm
765 1079 936 1170 reperisset
951 1076 1163 1148 Platonem...
1175 1075 1309 1170 prosec-

262 1209 334 1265 tum
346 1192 447 1262 luisse
457 1191 493 1260 in
503 1193 699 1280 AEgyptum‚
712 1185 819 1254 multd
833 1184 1023 1256 credibilius
1035 1183 1191 1256 ostendit
1206 1185 1310 1256 istum

262 1297 372 1394 potiirs
394 1296 436 1365 de
460 1293 577 1364 litteris
599 1291 716 1362 nostris
736 1291 907 1376 habuisse,
930 1313 1149 1384 quaecumque
1166 1291 1254 1362 bona
1275 1305 1310 1361 et

261 1421 339 1476 vera'
352 1403 451 1488 dixit,
469 1401 570 1494 quam
589 1397 632 1467 de
657 1395 802 1466 Platonis
821 1395 1000 1466 Dominum
1021 1411 1171 1466 nostrum
1194 1401 1310 1468 tasum

262 1510 443 1594 Christum,
462 1505 554 1600 quod
568 1502 852 1573 dementissimum
867 1516 916 1572 est
931 1501 1064 1573 credere
1083 1506 1106 1571 ¹.
1128 1533 1143 1570 a

305 1614 405 1700 Quod
417 1627 527 1684 autem
544 1610 586 1680 ad
598 1608 800 1678 dialecticam
811 1609 940 1695 attinet,
954 1607 999 1677 itt
1015 1608 1106 1681 illam
1121 1609 1310 1680 christianis

264 1719 534 1818 praedicatoribus
547 1714 758 1786 commendat
774 1744 782 1784 :
804 1743 820 1780 «
830 1715 1064 1807 Disputationis
1079 1715 1251 1809 disciplina
1267 1715 1311 1786 ad

146 1899 149 1907 ,
263 1829 373 1902 omnia
383 1848 502 1920 genera
511 1823 748 1917 quaestionum,
759 1845 835 1923 quae
844 1821 880 1890 in
889 1821 1018 1891 Litteris
1034 1823 1152 1902 sanctis
1165 1836 1243 1891 sunt
1251 1845 1311 1916 pc-
1372 1836 1375 1839 '

261 1935 422 2008 netranda
433 1946 467 2002 ct
482 1927 706 2013 dissolvenda,
724 1925 905 2018 plurimirm
919 1928 1029 1997 valet:
1044 1927 1174 1997 tanttlm
1190 1927 1237 1996 ibi
1252 1951 1311 1998 ca·

261 2041 369 2115 venda
389 2053 437 2110 est
459 2034 564 2107 lidido
584 2032 727 2118 rixandi,
750 2045 783 2100 et
802 2032 937 2124 puerilis
960 2032 1115 2128 quaedam
1134 2037 1310 2106 ostentatio

262 2145 450 2241 decipiendi
473 2142 705 2214 adversarium.
736 2141 821 2240 Sunt
845 2139 933 2208 enim
961 2139 1067 2211 multa
1097 2165 1173 2235 quae
1196 2141 1311 2234 appel-

262 2259 374 2328 lantur
397 2252 611 2346 sophismata,
630 2245 721 2317 falsae
740 2244 966 2316 conclusiones
982 2247 1166 2334 rationum,
1191 2262 1224 2318 et
1238 2247 1311 2340 ple-

263 2365 404 2459 rumque
413 2363 458 2432 ita
469 2381 560 2429 veras
572 2356 753 2441 imitantes,
764 2368 803 2424 ut
819 2378 887 2424 non
895 2354 1001 2424 solhm
1009 2354 1136 2441 tardos,
1147 2354 1205 2424 sed
1215 2356 1311 2447 inge-

263 2475 371 2544 niosos
381 2469 479 2538 etiam
490 2465 599 2536 minhs
609 2462 783 2552 diligenter
794 2475 936 2532 attentos
945 2460 1122 2558 decipiant.
1137 2463 1322 2555 Proposuit'

263 2581 353 2650 enim
371 2573 508 2671 qnidam
528 2574 641 2642 dicens
658 2570 689 2638 ei
703 2591 781 2638 cum
803 2593 870 2666 qno
885 2568 1084 2663 loquebatur
1101 2600 1108 2640 :
1127 2569 1226 2653 Quod
1248 2592 1311 2662 ego
1361 2593 1365 2601 ’

262 2710 356 2772 sum,
374 2698 412 2753 tu
436 2705 504 2752 non
529 2702 574 2748 es.
593 2681 637 2747 ht
652 2675 708 2745 ille
724 2676 887 2746 consensit
911 2705 919 2747 :
941 2699 1056 2747 verum
1077 2678 1166 2746 enim
1186 2692 1257 2747 erat
1272 2701 1311 2748 ex

264 2809 370 2892 parte,
391 2789 445 2862 vel
460 2813 500 2860 eo
515 2788 586 2880 ipso
600 2782 693 2880 quod
714 2785 773 2854 iste
788 2783 981 2870 insidiosus,
1002 2781 1059 2852 ille
1074 2782 1212 2876 simplex
1227 2798 1308 2854 erat.

267 2908 360 2975 Tunc
375 2901 436 2970 istc
451 2893 605 2966 addidit:
629 2895 701 2981 Ego
721 2903 832 2958 autem
847 2890 948 2960 homo
972 2913 1057 2959 sum.
1081 2892 1152 2958 Hoc
1176 2913 1312 2982 quoquc

264 3009 394 3082 cirm'ab
408 3027 448 3075 eo
458 3001 654 3092 accepisset,
670 2995 833 3066 conclusit
848 2995 960 3069 dicens
979 3026 987 3066 ι
1007 3001 1058 3064 Tu
1076 2995 1178 3086 igitur
1192 3020 1263 3066 non
1277 3021 1312 3066 es

264 3121 377 3188 homo.
395 3108 493 3195 Quod
510 3128 611 3197 genus
629 3103 846 3196 captiosarum
862 3102 1112 3180 conclusionum
1130 3103 1310 3195 Scriptura,

267 3220 429 3319 quantum
445 3213 610 3297 existimo,
633 3209 814 3279 detestatur
829 3207 888 3278 illo
903 3209 996 3297 loco,
1014 3209 1075 3278 ubi
1097 3207 1309 3280 dictumest:

274 3328 350 3424 Qui
356 3318 549 3418 sophzstrce
559 3315 727 3407 loquitur,
740 3311 884 3384 odibilis
894 3319 1006 3384 est2...
1022 3319 1106 3386 Sunt
1116 3313 1215 3384 etiam
1224 3338 1312 3385 verae

226 3497 228 3501 ,
268 3435 488 3510 connexiones
497 3420 1020 3498 ratiocinationissalsashahentes
1029 3423 1222 3513 sententias,
1235 3445 1312 3516 quae

268 3549 516 3634 consequuntur
529 3543 672 3602 errorem
684 3527 783 3614 illius,
797 3550 874 3598 cum
885 3553 952 3622 qno
966 3529 1075 3621 agitur
1090 3557 1097 3597 :
1111 3553 1187 3621 quae
1199 3543 1313 3600 tamen

130 3673 133 3680 ’
165 3613 179 3642 ⁵
269 3652 389 3724 adhoc
405 3639 594 3715 inferuntur
611 3640 630 3706 a
647 3636 737 3706 bono
750 3649 783 3704 ct
798 3634 897 3706 docto
913 3635 1059 3720 homine,
1078 3649 1117 3704 ut
1131 3636 1167 3704 in
1182 3635 1220 3703 iis
1235 3658 1312 3704 eru-

267 3761 402 3829 bescens
416 3751 489 3834 ille,
506 3748 600 3841 cujus
615 3764 760 3812 errorem
771 3755 1026 3835 consequentur,
1038 3739 1191 3810 cumdem
1206 3741 1311 3812 relin-

267 3877 348 3960 quat
363 3865 525 3944 errorem,
547 3853 625 3945 quia
640 3849 666 3918 si
687 3847 722 3917 in
736 3847 853 3917 eodem
869 3869 1001 3916 manere
1021 3845 1163 3916 voluerit
1180 3871 1311 3918 necesse

304 4006 311 4033 t
326 3997 351 4045 s,
365 3991 468 4058 August.
483 3986 515 4037 dc
523 3981 637 4055 Docti-in,
643 3979 728 4033 christ.
737 3977 781 4030 lib.
789 3993 939 4045 n,c.urur,
950 3974 1024 4044 mla.
1033 3977 1169 4032 -2ncctt
1178 3993 1256 4045 xxvrr,
1266 3979 1309 4030 23.
