2992 4590
222 409 325 460 canon
340 417 387 462 vr.
404 415 447 462 oa
469 413 626 463 ιιιιιιοιιο
647 415 684 462 ιι
704 413 913 463 concionum
935 415 1102 465 ιιιιιιιιιι.
1130 404 1193 466 115

160 533 246 583 nono
261 526 356 585 scuto
369 521 536 608 protegat,
557 525 594 583 ct
606 512 735 582 alarum
753 513 894 586 obtentu
906 528 1056 606 tueatur,
1073 533 1195 611 practe-

159 617 357 715 titanumque
374 619 572 715 injuriarum
584 616 706 704 oblita,
723 619 860 690 domei
876 625 1095 696 amanneaime
1116 647 1196 719 pan·

158 722 223 796 dat.
237 729 309 797 lloc
323 725 413 799 enim
426 725 545 821 quovia
560 737 688 818 tropmo
701 722 921 817 splendidius,
935 730 1048 822 quivis
1062 732 1198 802 'victorii

96 833 99 840 ’
157 829 328 923 timolus,
344 833 410 904 hoo
427 831 605 917 Ethnlcoa,
622 831 688 902 hoc
697 829 832 903 Jodaeoa
845 832 1036 926 pudefacit3
1051 837 1116 908 hoc
1128 837 1198 930 pla-

156 937 322 1012 ciditatem
332 939 445 1012 anitiae
459 940 529 1034 ejus
545 951 705 1025 ostentat,
716 938 809 1034 quaid
825 940 913 1012 hosti
925 943 1055 1034 captivo
1066 953 1195 1036 pamm,

156 1058 190 1118 ot
209 1047 253 1118 ab
274 1047 431 1118 omniboa'
451 1045 620 1120 desermm
635 1067 673 1116 ao
694 1059 922 1140 contemptum
945 1048 1016 1118 aula
1032 1063 1071 1119 ut
1085 1073 1200 1120 aman-

157 1151 278 1227 tiaoima
293 1167 400 1226 mater
417 1153 485 1224 auis
497 1151 688 1226 velamentis
702 1151 866 1240 occultet,
883 1154 1088 1248 imperatorie
1101 1155 1201 1228 simul

156 1257 216 1330 irat
230 1273 265 1334 et
275 1257 479 1332 intolerabili
489 1257 604 1352 populi
613 1255 719 1330 furori
733 1281 772 1330 eo
787 1259 865 1332 odio
876 1282 912 1330 ae
925 1283 1096 1354 opponens
1110 1291 1119 1332 ι
1137 1263 1202 1334 hoc

157 1365 267 1458 ipeum
285 1378 335 1436 cat
355 1365 510 1438 eximium
524 1363 634 1460 altaria
655 1379 899 1436 ornamentum.
918 1367 1012 1438 Dicet
1030 1395 1039 1438 ι
1055 1369 1203 1441 floccine
1295 1383 1299 1388 ’

158 1484 411 1557 ornamentum,
443 1470 610 1544 hominem
637 1469 833 1558 oceleatum,
866 1490 1021 1558 avarum,
1051 1497 1203 1568 rapacem
1290 1487 1294 1491 ’

159 1575 262 1650 altaro
277 1578 485 1670 contingerat
504 1580 593 1652 (lava
613 1577 692 1650 ttlie
712 1576 855 1661 dixerim
872 1580 1153 1702 quandoquidem
1169 1595 1204 1657 et

156 1683 313 1756 meretrix
327 1684 452 1778 pedet
442 1685 545 1779 apaiua
559 1683 682 1758 (lhtiati
696 1685 852 1776 contigit,
870 1685 994 1770 incerta
1009 1686 1066 1758 illa
1086 1701 1120 1760 et
1138 1689 1203 1760 im·
1239 1676 1241 1682 ’

157 1813 266 1883 pura,
282 1815 344 1862 nec
361 1806 472 1862 tamen
482 1791 576 1862 hoc
567 1815 603 1861 m
617 1793 742 1862 crimen
757 1792 898 1863 Domirm
912 1797 993 1864 lesu
1006 1795 1122 1882 cemit,
1144 1795 1205 1868 aed

158 1887 337 1972 inlandem
347 1921 509 1992 magnam
512 1911 547 1970 et
561 1896 839 1972 admirationem.
831 1923 967 1994 meque
980 1923 1069 1970 emm
1080 1923 1203 1994 purum

158 2005 287 2100 impura
286 2001 466 2093 offendit,
482 2004 543 2080 aed
565 2005 960 2078 sceleatammemtricem
981 2031 1084 2100 purus
1100 2023 1136 2080 et
1151 2009 1205 2080 in·

159 2109 330 2206 culpabilia
345 2135 405 2185 suo
425 2125 581 2184 contactu
594 2111 791 2204 purificavit.
808 2115 897 2186 eave
916 2113 1110 2207 injuriarum
1132 2139 1204 2186 me·

159 2219 306 2307 mineris,
327 2221 350 2290 ὃ
370 2221 483 2292 homo.
506 2217 663 2292 llrociflrn
684 2217 772 2290 illiue
793 2220 878 2290 nervi
896 2242 1009 2292 tumus
1030 2221 1169 2292 dicentia
1192 2252 1200 2294 ι

159 2326 315 2400 Rcuaitta
329 2323 413 2415 illo,
433 2347 509 2396 non
521 2323 621 2397 mon
640 2323 758 2396 acient
772 2321 1062 2422 mwdfaciuaw.
1080 2329 1175 2402 Dicet
1190 2352 1200 2396 :

159 2437 202 2504 dt
221 2433 389 2528 praeclusit
401 2433 500 2525 hujus
513 2429 579 2503 loci
593 2427 759 2522 retugium
772 2428 903 2522 legibue
913 2431 1056 2525 scriptis,
1077 2433 1202 2528 quibus

159 2541 221 2612 imo
240 2541 372 2612 irritum
392 2538 501 2612 lacere
516 2550 654 2614 conetrn
679 2550 739 2608 eat.
762 2541 810 2610 At
828 2559 920 2610 nunc
941 2539 1045 2632 reipsi
1063 2540 1199 2629 didicit,
1340 2542 1346 2554 '

157 2648 255 2742 quale
270 2648 315 2720 sit
327 2646 420 2742 qnod
433 2644 512 2718 lecit
530 2674 539 2718 ι
552 2658 586 2716 et
599 2658 729 2718 auomet
743 2641 832 2720 facto
845 2643 952 2736 legem
965 2671 1060 2721 auam
1075 2650 1202 2741 primns

157 2755 338 2848 abrogavit,
350 2753 459 2826 factus
475 2751 563 2823 urbia
578 2752 679 2822 totius
695 2752 941 2842 spectaculum:
956 2767 991 2822 et
1004 2753 1096 2828 sileat
1107 2756 1199 2843 licet,

156 2885 270 2933 omnen
285 2876 399 2934 tamen
418 2859 576 2930 admonet
586 2887 595 2928 a
606 2856 717 2930 Nolite
730 2857 802 2928 haec
817 2855 925 2928 iacere
934 2907 943 2943 ,
953 2881 1001 2930 ne
1015 2860 1125 2952 qualia
1139 2885 1202 2954 ego

156 2967 338 3062 patiamini.
362 2968 432 3040 Sui
446 2965 632 3038 calamitate
647 2962 728 3036 aliae
745 2963 859 3050 docet,
878 2962 1028 3034 etaltera
1052 2965 1116 3039 hoc
1131 2969 1202 3060 ipso
1251 2991 1253 2996 ·

155 3074 317 3151 illosnem
332 3097 374 3145 ex
395 3097 430 3146 ee
444 3070 654 3170 splendorem
674 3069 815 3157 emittit,
833 3092 871 3140 ac
888 3069 942 3142 vel
960 3070 1038 3144 hinc
1057 3085 1203 3147 tremen-

155 3180 236 3252 dum
248 3179 399 3269 videtur,
413 3177 508 3274 qnod
526 3177 658 3250 honam
677 3175 827 3248 vinctum
842 3176 1008 3250 contineat
1028 3207 1037 3250 ε
1053 3181 1204 3274 quando-

153 3287 290 3381 quidem
301 3300 338 3358 et
356 3285 455 3380 regiae
470 3281 593 3376 effigiei
607 3303 677 3356 non
701 3280 832 3358 tentetur
853 3297 988 3360 ornetue
1003 3307 1045 3357 ex
1063 3309 1104 3357 eo
1118 3311 1202 3361 coo·

154 3395 277 3488 tingat,
298 3419 326 3466 sa
314 3393 429 3467 aolio
450 3415 508 3466 rex
526 3389 662 3480 sublimi
678 3389 793 3462 cedent
810 3404 1011 3481 purpuratus
1030 3405 1066 3464 et
1089 3391 1204 3466 diade-

155 3517 242 3576 mata
264 3495 636 3602 redimitru,quanti1m
657 3494 767 3570 snauh
787 3493 928 3586 pedibus
950 3519 1086 3616 quoque
1107 3501 1204 3590 regiis

156 3607 288 3682 barbari
307 3588 462 3681 manibus
483 3617 559 3697 post
581 3616 671 3693 terga
694 3601 847 3672 revinctis
868 3601 965 3693 proni
989 3603 1207 3695 jaceantur

156 3717 248 3808 quod
265 3713 373 3788 verbis
388 3735 459 3788 non
476 3711 519 3784 sit
539 3731 617 3782 usus
638 3707 681 3781 ad
698 3705 962 3801 persuadendum
977 3709 1117 3801 paratis,
1135 3735 1207 3784 vos·
1278 3741 1281 3746 ·

157 3835 224 3894 met
237 3818 448 3894 festinatione
467 3817 576 3892 vestri
597 3839 636 3886 ec
656 3835 822 3888 concursu
843 3814 1052 3886 attestamini.
1075 3819 1206 3890 Etenim

193 3953 273 4001 'lma
289 3964 358 4012 arur,
377 3943 418 4012 dl.
527 3995 531 3999 .
1057 4025 1076 4086 8
