2982 4584
122 189 146 219 s*-

121 229 146 293 ‘p

137 327 144 370 l,

124 425 137 454 ‘¹
212 446 437 494 clausmors
458 447 615 493 neruoso
638 417 674 491 ui
696 445 903 491 concronruns
926 441 1092 491 euaserat.
1119 427 1182 490 433

145 549 329 620 fic'ncamur
351 578 360 618 z
377 546 539 640 intrepide
555 567 729 639 pergamus
744 543 787 614 ad
800 543 896 614 illurn
911 551 1098 616 sanctorum
1113 568 1185 615 coe-

146 667 239 741 tum,
256 656 486 748 justorumque
514 647 726 723 conventum.
749 649 874 719 Ibimus
896 652 986 720 enim
1010 651 1053 720 ad
1077 667 1185 744 patres

145 775 291 846 nostros,
318 761 437 830 ibimus
464 757 507 828 ad
530 757 604 827 illos
636 755 715 825 fidei
739 770 859 826 nostrae
886 772 1120 850 praeceptores,
1147 773 1187 829 ut

146 868 271 940 etiamsi
286 890 386 960 opera
400 865 530 951 desint,
549 862 631 933 fides
655 862 856 956 opituletur,
874 861 1073 934 defendatur
1086 867 1188 944 baere-

146 972 241 1063 ditas3
252 973 372 1042 ibimus
383 985 418 1041 et
431 970 492 1038 ubi
508 969 616 1042 sinum
629 991 727 1038 suum
741 969 909 1039 Abraham
923 981 1054 1041 sanctus
1069 991 1188 1065 expan-

146 1081 215 1167 dit,
233 1095 271 1150 ut
286 1079 439 1170 suscipiat
453 1100 625 1170 pauperes,
644 1077 727 1146 sicut
742 1078 885 1171 suscepit
900 1093 933 1149 et
950 1084 1108 1150 Lazarum
1124 1109 1131 1150 :
1153 1081 1189 1148 in

146 1211 214 1281 quo
227 1187 303 1258 sinu
319 1185 541 1278 requiescunt,
563 1183 670 1277 quiin
688 1184 752 1254 hoc
764 1183 885 1255 saeculo
901 1187 1010 1277 gravia
1026 1201 1125 1280 atque
1138 1211 1189 1256 as-

145 1317 225 1386 pera
249 1292 468 1385 pertulerunt.
489 1289 555 1362 Sed
572 1314 683 1376 nuuc,
707 1295 823 1378 Pater,
848 1294 948 1362 etiam
967 1307 1067 1386 atque
1090 1295 1190 1364 etiam

147 1399 288 1470 extende
313 1398 356 1468 ad
379 1395 622 1491 suscipiendum
642 1399 733 1468 hunc
748 1421 927 1491 pauperem
952 1423 1069 1470 manus
1093 1415 1187 1491 tuas,

148 1507 238 1598 aperi
251 1505 412 1598 gremium
428 1518 544 1590 tuum,
562 1505 710 1597 expande
722 1505 812 1574 sinus
828 1519 924 1591 tuos,
942 1521 981 1575 ut
991 1505 1101 1598 plures
1116 1529 1190 1576 sus-

151 1613 267 1704 cipite,
285 1612 361 1704 quia
375 1611 508 1704 plurimi
532 1612 568 1680 in
591 1611 770 1681 Dominum
791 1610 1044 1682 crediderunt...
1065 1614 1190 1682 Ibimus

66 1776 68 1780 .
149 1717 192 1787 ad
220 1740 275 1788 eos
299 1718 358 1810 qui
380 1717 575 1788 recumbent
598 1717 633 1785 in
659 1739 761 1806 regno
788 1717 890 1803 Dei‚..
917 1718 977 1786 ubi
1000 1718 1101 1786 nullae
1126 1743 1191 1800 nu<
1233 1703 1254 1727 ²
1308 1799 1311 1804 ,

148 1823 225 1910 bes,
246 1821 340 1892 nulla
364 1823 528 1908 tonitrua,
554 1820 657 1891 nullae
675 1824 938 1910 coruscationes,
963 1823 1056 1894 nulla
1079 1840 1192 1895 verito-

148 1954 225 1999 rum
254 1929 415 2024 procella,
453 1952 561 2024 neque
581 1929 744 2015 tenebrae,
778 1953 887 2023 neque
921 1953 1057 2023 vesper,
1083 1955 1192 2024 neque

149 2051 266 2123 aestas,
294 2060 403 2129 neque
428 2039 542 2126 hyems
577 2037 663 2107 vices
689 2037 866 2107 variabunt
888 2051 1087 2130 temporum.
1117 2043 1193 2110 Non

149 2143 270 2236 frigus,
299 2167 368 2214 non
390 2143 536 2235 grando,
559 2166 629 2214 non
650 2143 788 2235 pluviae,
818 2165 887 2213 non
916 2143 992 2213 solis
1018 2145 1109 2214 istius
1131 2145 1193 2214 crit

81 2288 88 2306 ·
149 2273 245 2336 usus,
259 2264 317 2319 aut
326 2249 427 2335 lunae,
439 2273 547 2344 neque
558 2249 726 2319 stellarum
740 2249 845 2340 globi,
862 2249 920 2320 sed
928 2249 1003 2346 ,sola
1012 2250 1074 2320 nei
1089 2251 1195 2342 fulge·
1220 2269 1222 2278 ’

149 2357 200 2426 bit
216 2355 384 2427 claritas...
406 2358 581 2449 Sequimur
595 2370 644 2438 te,
667 2357 807 2427 Domine
826 2359 905 2425 Jesu
920 2385 929 2428 ι
946 2357 1006 2426 sed
1019 2371 1058 2426 ut
1072 2381 1193 2450 sequa-

150 2485 242 2550 mur,
261 2464 398 2549 accersi,
414 2464 492 2558 quia
507 2463 577 2532 sine
593 2478 626 2534 te
639 2463 752 2532 nullus
761 2463 921 2546 ascendit.
945 2463 1002 2533 tu
1023 2465 1111 2534 enim
1130 2467 1192 2534 oeae
1269 2453 1271 2456 ⁵

152 2593 202 2656 es,
216 2571 366 2656 uerz'tas,
383 2571 500 2657 oz'ta1,
517 2569 725 2662 possibilitas,
743 2569 838 2656 fides,
855 2569 1039 2661 praemium.
1060 2572 1193 2664 suscipe

152 2699 213 2745 nos
224 2675 318 2767 quasi
326 2676 566 2760 oz'n,eonfirma
574 2677 668 2768 quasi
679 2676 963 2760 verr'tas,vivifica
971 2676 1064 2768 quasi
1072 2678 1190 2747 vita...

152 2779 266 2851 Pande
277 2779 363 2848 illud
377 2781 453 2850 vere
469 2781 596 2851 bonum
611 2796 749 2867 tuum,..
760 2782 796 2850 in
811 2804 879 2874 quo
892 2793 940 2850 est
954 2784 1082 2874 requies
1097 2807 1192 2874 pura,

153 2887 212 2974 lua
239 2887 447 2973 immortalis,
477 2889 580 2980 gratia
600 2903 778 2982 perpetua,
802 2889 975 2958 haereditas
997 2891 1193 2978 animarum,

153 2995 209 3086 pia
220 3007 255 3063 et
269 3016 382 3064 secura
397 2993 628 3088 tranquillitas,
640 3019 709 3066 nou
720 2995 820 3096 morti
834 2995 993 3088 subjecta,
1011 2998 1066 3066 sed
1084 2997 1202 3090 erepta

154 3099 197 3170 de
206 3114 325 3187 morte,
339 3100 402 3173 ubi.
410 3101 511 3170 nullae
522 3101 689 3192 lacrymae,
703 3102 815 3171 nullus
825 3115 873 3171 est
885 3102 994 3188 fletus,
1006 3101 1096 3172 unde
1108 3105 1197 3172 enirn
1256 3105 1258 3110 ’

154 3206 223 3277 illio
238 3207 352 3294 fletus,
369 3207 430 3275 ubi
444 3207 556 3277 nullus
572 3222 621 3278 est
638 3208 772 3301 lapsus?
788 3208 848 3278 ubi
864 3223 941 3278 sunt
956 3210 1060 3279 sancti
1075 3211 1125 3279 tui
1142 3233 1196 3278 er-

156 3317 286 3386 roribus
305 3330 339 3385 et
358 3314 652 3403 sollicitudinibus,
672 3315 858 3408 insipientia
876 3329 976 3408 atquc
990 3317 1194 3406 ignorantia,
1288 3401 1290 3408 Α

157 3425 275 3493 timore
291 3445 328 3492 ac
341 3437 450 3509 metu,
465 3422 701 3514 cupiditatibus
716 3434 815 3515 atque
826 3421 990 3512 corporeis
1002 3421 1199 3492 colluvioni-
1298 3413 1300 3420 '

158 3529 221 3599 bus
237 3544 270 3599 et
285 3529 490 3622 passionibus
498 3529 651 3616 absoluti,
669 3529 728 3599 ubi
740 3529 830 3621 regio
846 3527 1090 3599 viventiumest.
1106 3531 1149 3597 Et
1160 3525 1199 3597 ut

159 3637 328 3707 assertioni
339 3637 417 3706 huie
426 3635 642 3730 adjungamus
654 3635 895 3721 auctoritatem,
903 3634 1016 3704 dehoc
1026 3629 1199 3734 bonoPro-

157 3745 258 3836 pheta
268 3743 350 3812 dicit
370 3772 377 3813 :
403 3743 618 3815 Convertere
628 3743 756 3812 anima
769 3765 852 3811 mea
862 3744 900 3810 in
912 3742 1070 3831 requiem
1083 3755 1197 3830 tuam,

108 3916 121 3936 ,
159 3844 247 3941 quia
265 3848 445 3920 Dominus
464 3847 641 3947 benefecit
664 3844 750 3937 nbi,
773 3849 947 3940 qnoniam
973 3849 1103 3939 eripuit
1118 3851 1200 3920 ani-
1297 3911 1299 3916 ,
1417 3840 1420 3844 ’

195 3982 289 4034 ¹Joan.
303 3995 356 4047 xrv,
368 3979 394 4032 6.

279 4077 315 4126 rr.
1077 4059 1118 4122 28
