2992 4590
173 493 175 498 .
270 449 331 511 130
421 461 653 512 pannonicis,
678 442 827 526 annuum,
853 463 929 511 rens
952 465 994 527 11,
1021 465 1105 511 sucu.
1132 469 1155 510 1.

265 563 410 634 solutum
431 578 479 634 est
503 563 690 650 vinculum,
709 561 862 634 diabolus
886 563 1042 634 confusus
1060 579 1120 634 est.
1138 569 1311 635 Daemones

264 671 486 762 aufugerunt,
519 670 685 740 destructa
710 693 797 740 mors
829 687 899 756 est,
925 671 1093 763 paradisus
1122 685 1309 757 reseratus,

260 779 448 848 maledictio
467 777 577 846 deleta
598 792 662 862 est,
689 791 863 869 peccatum
884 777 903 846 ὲ
927 778 1037 848 medio
1057 777 1226 846 sublatum
1243 791 1309 864 est,

194 925 195 930 κ
261 884 390 954 ablatus
411 897 460 952 est
483 903 585 969 error,
602 883 720 966 veritas
744 882 862 968 rediit,
881 895 914 952 et
930 883 1059 976 pietatis
1080 907 1187 954 sermo
1202 885 1312 952 unde-

262 991 395 1083 quaque
408 989 635 1058 disseminatus
645 1003 705 1075 est,
723 1003 756 1057 et
768 989 930 1079 cucurrit3
941 991 1144 1059 conversatio
1154 989 1313 1060 Coelitum

185 1177 186 1180 Ἴ
260 1099 297 1166 in
316 1097 409 1166 terris
426 1095 571 1187 plantata
588 1107 653 1180 est,
681 1095 799 1186 Angeli
813 1100 890 1166 'cum
912 1097 1104 1166 hominibus
1125 1097 1313 1167 communi

261 1216 351 1286 eant,
369 1203 518 1270 homines
537 1223 613 1271 eum
626 1201 758 1293 Angelis
776 1203 940 1294 intrepide
956 1202 1204 1296 colloquuntur.
1224 1203 1314 1286 Quid

263 1312 331 1379 ita?
347 1313 504 1404 quoniam
525 1314 610 1378 Deus
626 1309 661 1377 in
677 1323 797 1378 terram
819 1310 928 1395 venit,
950 1325 983 1379 et
998 1311 1099 1380 homo
1120 1312 1155 1379 in
1171 1309 1311 1392 coelum3

262 1419 369 1488 omnia
387 1418 504 1508 passim
525 1417 701 1486 commixta
718 1429 808 1487 sunt.
834 1418 934 1486 Venit
954 1418 1044 1486 enim
1059 1419 1094 1487 in
1106 1420 1209 1503 terri,
1236 1417 1314 1486 citm

263 1537 352 1594 totus
369 1525 403 1591 in
419 1523 505 1592 coelo
522 1521 564 1592 sit
586 1551 593 1594 :
612 1523 757 1616 cquue
774 1537 864 1592 totus
879 1523 915 1590 in
930 1522 1016 1592 eoelo
1032 1521 1092 1610 sit,
1112 1535 1200 1593 totus
1216 1524 1315 1592 estin

266 1631 362 1700 terret.
381 1629 466 1700 Ciam
488 1643 571 1698 esset
594 1635 696 1713 Deus,
721 1629 829 1698 factus
846 1641 895 1698 est
910 1630 1029 1716 bomo,
1045 1652 1113 1699 non
1134 1653 1258 1722 negans
1281 1653 1315 1699 se

266 1739 375 1804 Deum·
385 1759 452 1804 esse
466 1765 474 1805 ε
488 1735 565 1805 elim
578 1750 662 1805 esset
673 1737 821 1804 Verbum
830 1734 1025 1828 impatibile,
1043 1735 1148 1806 lactus
1159 1751 1208 1806 est
1217 1751 1312 1806 caro:

266 1857 305 1913 ut
321 1843 486 1913 habitaret
503 1845 539 1912 in
555 1844 667 1928 nobis,
685 1865 761 1912 caro
784 1842 891 1913 sactus
911 1857 970 1912 est.
991 1847 1077 1912 Deus
1094 1845 1182 1913 enirn
1206 1841 1316 1913 lactus

267 1973 335 2019 non
359 1964 429 2038 est3
452 1947 511 2017 sed
535 1961 616 2016 erat.
641 1951 819 2040 Propterea
841 1971 916 2018 earo
935 1949 1041 2020 lactus
1065 1964 1130 2036 est,
1155 1963 1195 2019 ut
1216 1964 1317 2043 quern

268 2055 391 2125 coelum
407 2079 476 2124 uon
491 2055 658 2146 capiebat,
673 2053 771 2123 hodie
788 2055 985 2148 praesepium
1005 2058 1192 2150 susciperet.
1210 2061 1316 2149 Prop-

269 2165 357 2249 tered
371 2161 507 2253 ponitur
519 2161 554 2228 in
570 2161 741 2252 praesepi0‚
756 2176 794 2230 ut
807 2163 845 2246 is,
864 2163 883 2230 ὲ
899 2185 966 2255 quo
982 2163 1176 2232 nutriuntur
1192 2164 1316 2251 omnia,

269 2266 401 2370 pueruli
424 2265 617 2336 alimentum
642 2269 661 2335 a
682 2267 815 2358 Virgine
836 2283 941 2337 matre
965 2269 1114 2362 accipiat.
1142 2273 1327 2362 Proptere'a'

268 2374 462 2446 futurorum
483 2367 677 2442 saeculorum
698 2387 802 2464 pater,
821 2377 980 2467 tanquam
993 2376 1035 2444 ab
1057 2377 1160 2455 ubere
1172 2375 1320 2469 pendens

270 2481 398 2566 infanS,
413 2479 573 2569 virgineas
591 2480 726 2548 minime
747 2479 869 2571 refugit
884 2480 995 2570 ulnas,
1013 2497 1052 2552 ut
1071 2485 1174 2574 Magis
1189 2507 1322 2552 accessu

270 2587 374 2658 facilis
386 2589 454 2655 fiat.
475 2585 643 2678 Siquidem
663 2600 696 2655 et
711 2585 811 2656 hodie
829 2588 917 2680 Magi
929 2589 1146 2678 advenerunt,
1161 2606 1195 2660 et
1209 2606 1322 2681 tyran·

272 2717 354 2766 num
375 2693 559 2784 abnegandi
582 2694 713 2764 initium
736 2692 904 2782 lecerunt,
930 2711 964 2766 et
987 2699 1112 2768 eoelum
1144 2697 1319 2790 gloriatur,

274 2801 356 2872 'diam
379 2825 437 2894 per
453 2799 580 2872 stellam
601 2803 778 2870 Dominum
800 2827 897 2872 suum
920 2803 1065 2892 indicat,
1085 2821 1119 2875 et
1137 2830 1237 2899 super
1257 2829 1324 2874 nu-

274 2913 351 2982 bem
367 2907 474 2980 levem
490 2912 634 3001 corporis
649 2909 700 2977 sui
718 2909 833 3000 sedens
849 2911 1007 2980 Dominus
1027 2913 1130 2982 currit
1144 2913 1181 2981 in
1194 2917 1325 3006 AEgyp-

275 3019 349 3090 lum
364 3047 371 3088 :
389 3031 422 3087 et
437 3015 553 3108 lugere
572 3015 706 3110 quidem
723 3015 862 3087 Herodis
885 3017 1017 3088 videtur
1032 3021 1186 3107 insidias,
1207 3045 1243 3090 re
1262 3045 1324 3090 au-

238 3183 242 3191 .
275 3141 344 3197 tem
358 3127 436 3196 verat
467 3123 559 3216 quod
583 3121 625 3193 ab
653 3127 749 3192 Esaia
774 3123 900 3195 dictum
916 3125 1025 3197 fuerat
1046 3124 1215 3222 adimplet.
1237 3125 1325 3200 Erit

279 3233 392 3312 enim,
406 3232 533 3324 inquit,
556 3231 593 3298 in
615 3227 673 3300 die
688 3227 754 3300 illei
769 3229 896 3302 Israel
910 3234 1034 3304 tertius
1052 3237 1089 3304 in
1101 3237 1268 3330 Assyriis
1290 3249 1327 3305 et

278 3340 482 3438 AEgyptiis5
490 3337 927 3432 benedietuseritpopulus
937 3365 1036 3413 meus
1046 3343 1202 3428 interni,
1212 3367 1326 3436 quam

282 3447 467 3520 benedixit
479 3445 657 3516 Dominus
668 3443 848 3532 Sabaoth,
866 3445 1005 3518 dicens:
1021 3449 1244 3520 Benedictus
1259 3452 1327 3520 erit

278 3553 432 3650 populus
451 3574 552 3623 meus
567 3555 631 3642 qui
644 3554 681 3621 in
693 3553 879 3650 AEgypm,
901 3569 937 3622 et
959 3558 1023 3646 qui
1044 3557 1082 3626 in
1097 3557 1273 3651 Assyriis,
1292 3569 1327 3627 et

282 3665 389 3756 quiin
402 3659 528 3733 Israel
538 3658 562 3728 ¹.
576 3659 665 3741 Quid
679 3659 741 3745 ais,
759 3661 777 3728 J
781 3658 895 3729 udaee?
905 3662 963 3753 qui
980 3665 1103 3754 primus
1115 3677 1197 3750 eras,
1210 3661 1326 3734 tertius

281 3769 387 3840 factus
399 3772 455 3838 est
475 3765 623 3858 AEgyptii
638 3779 671 3834 et
682 3765 804 3856 Assyrii
814 3767 876 3835 tibi
892 3768 1024 3838 antelati
1040 3783 1133 3857 sunt,
1151 3785 1184 3840 et
1201 3772 1327 3864 primo·

283 3875 410 3966 genitus
427 3869 543 3959 Israel,
561 3893 699 3944 numero
714 3873 874 3966 posterior
888 3875 960 3945 estt
981 3878 1031 3946 lta
1047 3888 1110 3965 est,
1128 3877 1247 3948 me'ritd
1264 3879 1331 3949 ts-

319 3997 577 4068 ’Μῃψή
