2984 4580
229 432 330 483 CAPUT
352 437 399 483 VI·
418 435 460 480 BE
477 435 633 480 ΜΕΤΗΟΒΟ
657 435 693 477 ut
715 434 922 478 conmortuus
945 430 1112 482 sommus.
1139 419 1200 482 351
1300 478 1303 488 ,

163 550 308 628 spectare
322 536 423 608 lieet:
441 537 517 606 nhm
530 557 640 628 neque
652 535 783 603 trahere
799 548 944 603 aratrum
960 536 1077 627 potest,
1095 559 1205 631 neque

163 641 269 714 sulcos
284 642 483 736 imprimere,
500 666 569 712 nou
579 663 749 734 ,equorum
765 638 909 710 domitor
924 641 1006 727 fieri,
1024 666 1132 736 neque
1147 668 1205 715 ro-

143 748 335 830 bustorum
351 747 455 821 horim
474 748 542 818 vim
563 747 738 832 sustinere,
756 769 818 815 neo
832 747 930 816 aestds
949 747 1126 838 impetum,
1144 773 1207 830 neo¹

165 857 356 946 gravitatem
367 853 497 938 caloris,
516 876 577 924 nec
592 851 710 944 ligonis
725 851 867 944 pondus,
886 877 948 922 nee
968 852 1059 922 aliud
1078 856 1208 948 quidvis

47 969 49 973 ’
152 984 295 1054 eorum,
320 985 397 1054 quae
416 959 459 1031 ad
480 973 600 1028 terram
621 957 794 1028 colendam
818 973 897 1028 sunt
913 960 1016 1036 usui:
1008 959 1096 1029 ·sed
1118 961 1209 1030 domi

164 1067 330 1153 considet,
348 1079 382 1136 et
403 1064 534 1136 canitiei
555 1053 761 1134 excusatione
780 1087 815 1132 se
836 1078 960 1134 tuetur.
979 1070 1023 1134 ht
1038 1090 1106 1136 non
1118 1068 1164 1136 itt
1176 1091 1211 1136 sa

163 1174 289 1246 habent
303 1197 354 1243 res
367 1171 535 1258 Ecclesia,
554 1175 611 1245 sed
626 1171 684 1244 ubi
700 1173 948 1258 consenuerint,
971 1173 1028 1266 qui
1044 1199 1120 1244 oum
1143 1177 1211 1244 vir

164 1294 237 1350 tute
252 1281 354 1352 vitam
366 1277 558 1363 traducunt,
572 1292 653 1352 tunc
664 1277 809 1352 utiliores
821 1225 1006 1350 reddaritur
1021 1283 1211 1352 :nonenim

167 1387 314 1478 corporis
330 1385 453 1472 robur,
471 1385 528 1457 sed
549 1386 626 1456 ndei
648 1387 835 1478 prestantia
850 1387 1020 1478 quaeritur.
1042 1388 1126 1457 Talis
1142 1403 1213 1460 erat

167 1495 356 1580 Abraham,
383 1495 437 1566 oui
454 1493 539 1564 vires
557 1494 701 1585 corporis
721 1494 956 1586 elanguerant,
976 1495 1034 1564 sed
1049 1497 1119 1588 ipse
1134 1498 1213 1570 fidei

168 1601 285 1674 robore
301 1601 512 1672 confirmatus
527 1616 597 1670 erat
616 1630 624 1670 ι
641 1624 740 1670 senex
759 1617 848 1686 arat,
866 1601 975 1670 sedin
995 1607 1139 1673 extrema
1161 1629 1213 1675 se-

167 1720 302 1782 nectute
317 1730 394 1778 cum
411 1707 529 1778 natural
540 1707 712 1798 pugnabat
726 1721 759 1782 ot
775 1707 970 1798 praeclarum
986 1710 1028 1779 do
1042 1712 1080 1782 ed
1096 1714 1214 1782 trium-
1288 1725 1290 1730 ’

167 1814 271 1906 phura
284 1815 402 1904 agebat
419 1838 538 1884 :senex
553 1829 644 1902 erat,
659 1814 717 1885 sed
730 1815 895 1886 robustior
910 1813 1010 1903 ferro,
1027 1833 1126 1912 atque
1139 1821 1214 1891 ada·

86 1975 91 1985 .
167 1936 280 1994 manta
294 1923 420 1994 firmior
433 1926 458 1990 ¹.
479 1949 496 1987 ι

207 2032 264 2100 28⁰
275 2032 343 2100 Neo
359 2027 509 2120 Optutlo
517 2028 641 2099 Sanctis
650 2028 756 2098 aliena
766 2028 909 2116 videtur,
922 2032 986 2125 qul
995 2033 1097 2124 gratia
1106 2034 1215 2130 aliqua

167 2134 223 2208 vel
239 2135 342 2228 gloria
357 2135 476 2207 viridis
501 2138 667 2229 appetitur
682 2137 787 2224 votis,
804 2139 910 2234 qualis
930 2139 988 2210 illa
1008 2145 1040 2212 S.
1059 2145 1214 2235 Ephraern

168 2241 364 2312 exclamatio
380 2271 388 2312 :

218 2376 234 2414 a
253 2349 406 2436 Utinam,
424 2348 562 2419 Domine
579 2347 677 2434 Deus,
691 2333 773 2417 mihi
789 2351 936 2446 meisque
947 2354 1115 2446 contingat
1130 2355 1217 2426 inve·

168 2457 242 2526 nire
258 2457 371 2528 relicta
387 2456 499 2548 gratiae
518 2470 587 2530 tuae
601 2454 782 2526 l'hrustula
810 2484 827 2522 ιι

217 2563 304 2645 Quid
320 2578 428 2632 autem
449 2563 588 2632 sublime
600 2585 704 2655 magro
714 2577 772 2632 aut
791 2562 894 2656 magis
908 2565 1000 2656 pium
1021 2568 1121 2660 qulam
1133 2520 1219 2638 illud

170 2673 243 2740 tam
254 2669 341 2761 saepe
353 2668 524 2738 laudatum
536 2673 639 2738 saneti
656 2671 883 2758 Chrysostomi
904 2669 1140 2770 fragmentum,
1158 2675 1219 2745 ubi

171 2775 218 2844 de
233 2773 373 2844 vinculis
382 2772 482 2860 ⁴Pauli
495 2787 530 2842 et
544 2774 632 2845 Petri
648 2775 694 2842 ita
709 2773 837 2846 disserit
857 2805 864 2844 ι

121 2969 124 2975 ,
225 2909 240 2946 a
265 2879 355 2952 Nihil
378 2894 427 2949 est
452 2880 548 2973 aequh
572 2879 766 2972 praeclarum
795 2897 895 2975 atque
926 2883 1059 2963 vincula
1086 2900 1221 2978 propter

174 2988 347 3060 Christum
364 3002 464 3081 atque
478 3001 602 3056 catenae
622 2989 741 3057 sanetis
759 2991 913 3070 manibus
928 2992 1100 3084 impositae.
1118 2996 1220 3064 Vinc-

176 3113 250 3167 tum
261 3121 330 3166 esse
340 3112 475 3188 propter
488 3099 655 3194 Christum
669 3111 718 3166 est
729 3099 917 3190 praeclarius
928 3104 1030 3196 quhnt
1046 3127 1114 3172 esse
1128 3128 1224 3197 apos·

177 3203 302 3290 tolum,
321 3207 419 3298 qulam
437 3227 506 3272 esse
521 3203 707 3290 doctorem,
727 3209 824 3298 qulam
842 3231 910 3280 essa
926 3211 1169 3302 evangelistam.
1190 3213 1224 3284 si

179 3313 254 3406 quis
269 3325 356 3380 amat
365 3311 553 3395 Christum,
571 3311 663 3390 novit
671 3313 762 3405 quod
776 3313 898 3383 dieitur
913 3317 959 3384 asi
973 3319 1047 3410 quis
1062 3321 1097 3387 in
1113 3320 1222 3388 Domi·

180 3442 262 3493 num
272 3419 403 3504 insanit,
422 3419 535 3512 atejus
551 3441 662 3486 amore
677 3419 798 3502 uritur,
812 3421 905 3491 novit
919 3424 986 3492 vim
1002 3425 1219 3516 vinculorum.
1242 3437 1243 3440 ’

181 3525 334 3598 Maluerit
344 3549 414 3596 osse
428 3525 560 3597 vinetus
571 3527 895 3616 propteerrlstum,
911 3517 1011 3623 quam
1026 3533 1175 3602 habitare
1189 3533 1225 3604 in

182 3633 286 3703 omlis.
310 3635 431 3715 Quouis
456 3657 537 3703 auro
558 3630 793 3725 splendidiores
809 3637 854 3705 eis
877 3639 1069 3708 ostendebat
1086 3663 1223 3730 manus,

184 3753 217 3808 ot
228 3739 346 3832 quovis
356 3739 457 3832 regali
467 3739 667 3830 diademate3
681 3763 749 3810 non
757 3743 846 3816 eninr
853 3747 921 3814 thm
930 3745 1140 3838 splendidum
1148 3747 1241 3821 lauit·

211 3897 228 3924 «¹
242 3875 269 3938 S,
281 3887 363 3953 Chrys.
380 3887 467 3939 Homil.
484 3890 519 3938 De
534 3891 603 3940 Beat.
618 3886 709 3941 Abrah.
728 3905 754 3938 n.
777 3907 798 3940 ι.
811 3916 846 3960 ,-
860 3901 871 3928 ²
889 3895 915 3944 S.
928 3893 1047 3960 Ephrem.
1069 3897 1100 3949 da
1118 3899 1225 3953 Paradis.

185 3972 261 4024 Edem
275 3986 312 4036 ιι,
324 3985 350 4020 ιι.
361 3969 404 4020 ι6.
