2984 4580
239 381 339 427 canor
363 381 409 424 vr.
428 380 469 427 or
487 376 643 426 uernono
667 376 701 422 mr
723 373 931 424 commonicus
953 366 1119 420 onerarat.
1147 353 1207 418 tet
1290 391 1293 395 -

172 483 348 554 criminum
366 479 480 552 venia?
495 501 571 574 quae
595 476 699 568 major
720 471 894 564 voluptas,
919 475 1019 564 quim
1044 455 1213 544 fastidium

172 590 273 684 ipsius
287 587 482 684 voluptatis,
500 586 600 678 qnam
616 579 727 650 saeculi
747 579 856 650 totius'
869 592 1093 672 contemptus,
1112 582 1214 674 qu'am

173 719 249 768 vera
267 694 416 780 libertas,
434 693 536 788 quam
551 687 750 760 conscientia
764 686 908 776 integra,
925 688 1026 782 qubm
1041 686 1108 756 vita
1121 687 1215 758 sulli-

173 803 276 890 ciens,
300 803 401 898 qubm
417 798 531 870 mortis
552 797 652 866 timor
672 792 802 880 nullus,
821 793 912 887 qubd
931 792 1036 864 calcas
1057 791 1136 866 deos
1155 817 1216 866 ua·

174 910 319 999 tionum,
346 903 439 1003 qubd
462 902 625 1007 daemonia
641 898 790 994 expellis,
815 899 905 994 qubd
921 900 1100 972 medicinas
1115 899 1215 990 facis,

175 1015 268 1112 quod
282 1013 497 1086 revelationes
509 1011 608 1106 petis,
622 1008 714 1102 qubd
729 1013 798 1078 Deo
814 1009 917 1082 vivis?
934 1013 994 1102 Hae
1009 1010 1216 1102 voluptates,

175 1124 247 1192 haec
258 1117 445 1216 spectacula
457 1117 728 1202 Christianorum,
740 1129 864 1200 sancta,
876 1130 1046 1208 perpetua,
1058 1117 1217 1208 gratuita,

175 1231 212 1300 in
226 1231 278 1300 bis
294 1228 356 1300 tibi
377 1227 534 1314 circenses
546 1222 644 1296 ludos
659 1223 891 1316 interpretare,
909 1245 1023 1296 cursus
1041 1222 1152 1296 saeculi
1165 1224 1219 1294 in-

153 1383 159 1396 ·
177 1349 271 1406 tuere
283 1367 292 1424 3
306 1348 453 1426 tempora
462 1331 619 1410 labentia,
635 1329 738 1424 spatia
747 1328 932 1420 dinumera,
946 1343 1049 1400 metas
1060 1334 1218 1405 consum-

178 1441 329 1514 mationis
361 1451 516 1532 expecta,
550 1438 720 1510 societates
743 1435 954 1508 ecclesiarum
981 1436 1145 1528 defende,
1178 1437 1220 1510 ad

179 1549 308 1640 signum
324 1545 384 1616 Dei
398 1543 573 1632 suscitare,
590 1542 633 1614 ad
651 1541 766 1613 tubam
787 1541 896 1634 angeli
911 1542 1053 1633 erigere,
1073 1543 1116 1614 ad
1131 1567 1220 1618 mar·

181 1667 291 1742 tyrum
304 1649 427 1746 palmas
448 1648 596 1742 gloriare.
624 1649 657 1720 Si
673 1649 838 1734 scientiar,
853 1646 1013 1722 doctrinae
1037 1649 1220 1738 delectant,

181 1759 256 1830 satis
271 1757 367 1830 nobis
378 1756 565 1830 litterarum
582 1769 648 1840 est,
662 1755 738 1824 satis
750 1777 905 1827 versuum
917 1769 986 1842 est,
1001 1757 1078 1828 satis
1088 1772 1222 1830 senten·

179 1867 313 1952 tiarum,
332 1865 408 1938 satis
419 1865 520 1934 etiam
535 1863 740 1936 canticorum
751 1915 761 1952 ,
774 1863 850 1937 satis
866 1886 986 1934 vocum
1001 1893 1009 1936 ι
1024 1888 1085 1936 nec
1100 1865 1223 1938 fabulae

121 1980 124 1992 '
182 1971 242 2046 sed
253 1972 418 2058 veritates,
435 1993 496 2042 nec
508 1972 664 2062 strophae,
679 1967 986 2064 sed'simplicitates.
999 1971 1056 2044 Vis
1067 1987 1100 2044 et
1115 1969 1225 2066 pugil-

69 2111 71 2118 ·
182 2081 267 2154 latus
287 2095 320 2152 et
335 2079 503 2154 luctatus?
522 2079 645 2152 Praestb
667 2092 745 2152 suut
759 2101 828 2148 nou
847 2103 952 2171 pauca
973 2079 1071 2154 simul
1091 2082 1225 2176 :aspice

181 2187 423 2282 impudicitiam
433 2186 623 2280 dejectamb
635 2185 794 2271 castitate,
808 2185 978 2280 perfidiam
988 2210 1104 2258 caesam
1116 2191 1135 2258 a
1145 2189 1223 2276 lide,

184 2294 368 2366 saevitiamb
384 2293 605 2365 misericordia
618 2305 801 2378 contusam,
812 2291 1026 2386 petulantiam
1036 2298 1055 2366 l
1067 2297 1227 2368 modestid

184 2400 426 2472 adumbratam.
454 2403 498 2472 Et
519 2397 599 2468 tales
619 2413 696 2470 sunt
716 2397 807 2494 apud
825 2422 885 2470 nos
908 2423 1039 2491 agones,
1057 2403 1227 2497 inquibus
1306 2413 1311 2418 '

185 2508 246 2599 ipsi
269 2529 478 2580 coronamur.
508 2506 563 2576 Vis
579 2519 691 2578 autem
712 2519 746 2574 et
767 2507 933 2597 sanguinis
956 2506 1104 2604 aliquid?
1127 2511 1228 2598 babes
1266 2527 1270 2536 ‘

186 2613 320 2686 Christi.
339 2611 443 2696 Quale
456 2624 566 2682 autem
579 2610 801 2701 spectaculum
816 2613 852 2680 in
866 2615 1014 2706 proximo
1026 2630 1090 2704 est,
1109 2617 1230 2688 adven·

187 2733 242 2790 tus
258 2717 389 2788 Domini
400 2717 468 2812 jbm
486 2714 685 2802 indubitati,
697 2715 767 2810 j‘am
782 2717 930 2808 superbi,
940 2721 1010 2812 jlnn
1025 2723 1231 2815 triumphan-

189 2825 250 2894 tis?
266 2828 348 2908 Qum
364 2821 420 2892 illa
441 2821 598 2892 exultatio
618 2822 831 2911 angelorum?
848 2847 924 2917 quar
942 2825 1043 2916 gloria
1056 2852 1230 2922 resurgen-

190 2931 273 3004 tium
289 2931 502 3000 sanctorum?
517 2927 614 3022 quale
634 2950 774 3020 regnum
795 2929 912 3016 exindb
922 2932 1107 3025 justorum?
1128 2939 1233 3032 qualis

190 3039 303 3110 civitas
334 3060 419 3108 nova
444 3035 671 3110 Hierusalem?
696 3037 829 3110 dteuim
853 3057 1028 3132 supersunt
1051 3044 1115 3116 alia
1134 3071 1230 3140 spec·
1340 3081 1346 3086 ·
1423 3051 1427 3056 “

191 3145 318 3218 tacula:
340 3143 397 3212 ille
413 3143 548 3214 ultimus
565 3158 597 3214 ct
620 3160 798 3238 perpetuus
812 3146 928 3242 judicii
949 3149 1037 3240 dies,
1053 3153 1109 3226 itte
1124 3158 1231 3228 natio·

169 3297 175 3310 ·
191 3253 290 3322 nibus
305 3253 506 3343 insperatus,
530 3249 586 3318 ille
602 3251 745 3337 derisus,
760 3252 836 3320 cino
856 3268 947 3325 tanta
965 3259 1076 3328 saecuti
1091 3277 1233 3336 vetustas

192 3375 226 3434 et
234 3375 285 3434 tot
296 3362 366 3458 eJ'us
376 3356 562 3428 nativitates
573 3379 641 3430 uno
654 3359 729 3450 igne
740 3359 945 3450 hauriantur.
959 3367 1041 3446 Quae
1053 3379 1133 3438 tunc
1144 3392 1234 3461 spec-

194 3470 296 3540 taculi
308 3466 470 3540 latitudo?
480 3463 562 3559 quid
573 3465 733 3536 admirer?
741 3466 822 3562 quid
834 3465 956 3542 rideam
965 3471 1045 3544 tubi
1054 3473 1233 3565 gaudeam?

195 3577 255 3648 ubi
266 3575 641 3668 exultem‘trotspectans
651 3595 754 3668 reges,
765 3576 823 3668 qui
834 3577 869 3646 in
878 3576 1001 3650 coelum
1010 3584 1133 3674 recepti
1144 3608 1255 3658 nun„
1348 3584 1350 3590 ’

196 3681 375 3767 tiabantur,
387 3705 463 3754 cum
475 3683 546 3774 ipso
558 3683 640 3754 love
653 3693 686 3750 et
700 3681 776 3774 ipsis
784 3683 850 3756 suis
866 3684 1004 3756 testibus
1017 3687 1052 3760 in
1061 3689 1133 3759 imis
1143 3706 1235 3764 tene·

196 3789 264 3858 bris
274 3789 559 3880 congemiscentes.
577 3793 660 3861 Item
670 3789 837 3881 praesides,
848 3809 1069 3884 persecutores
1079 3798 1237 3878 dominici

198 3895 546 3983 nominis,saeri0ribus
555 3899 654 3990 quino
663 3897 723 3992 ipsi
734 3901 1236 4008 contrbChristianossaevidrunt
