2930 4582
217 419 319 466 utana
343 427 388 466 v1.
408 426 449 466 nu
465 426 621 468 massono
644 428 678 470 ru
702 429 910 472 concremans
934 423 1100 473 annuum.
1127 414 1190 480 227

151 544 264 616 causas
273 537 306 591 et
317 505 456 596 rationes
468 523 562 592 sactis
571 526 1192 622 praeposuerimus3..deniquesiperso-

150 651 208 696 nas
218 631 448 699 convenientes
460 631 498 700 iis
510 655 586 722 quae
599 629 688 698 credi
699 629 863 715 volumus,
871 621 1190 704 conitituerimus¹.»

196 736 257 804 Hic
273 751 341 805 erat
357 737 446 829 apud
462 735 617 828 profanos
633 751 777 806 oratores
794 739 978 833 praecipuus
991 742 1191 812 Narrationis

151 864 242 928 usus,
256 858 294 912 ut
309 843 454 912 dilucide
470 857 687 936 exponeretur
702 839 838 930 sactum,
857 843 899 912 de
914 869 981 938 quo
998 847 1193 938 proferenda

151 962 220 1017 erat
231 951 402 1018 sententia.
422 948 522 1040 Apud
538 964 667 1018 nostros
681 964 790 1022 autem
807 965 950 1020 oratores
965 951 1008 1020 ad
1019 955 1194 1024 coufirma-

152 1053 278 1124 tionem
298 1055 406 1148 potilrs
422 1055 614 1140 adhibetur,
636 1059 736 1150 quam
753 1055 795 1124 ad
810 1056 1055 1150 expositionem.
1074 1063 1195 1136 Narra-

151 1161 258 1230 tiones
283 1177 394 1230 autem
416 1161 504 1253 apud
522 1175 649 1230 sanctos
672 1167 783 1230 Patres
800 1161 846 1230 ita
869 1159 1060 1262 frequenter
1079 1188 1196 1246 oecur-

152 1283 249 1352 runt‚
268 1283 306 1338 ut
321 1267 431 1336 nullus
443 1265 510 1335 fere
521 1268 709 1360 perlegatur
724 1269 790 1339 tim
813 1268 920 1338 brevis
935 1293 1060 1358 sermo,
1077 1273 1196 1370 inquo

153 1395 222 1442 non
237 1373 363 1464 aliquid
374 1365 469 1466 hujus
482 1374 606 1464 generis
621 1375 768 1444 invenire
780 1371 932 1447 delectet.

201 1479 303 1546 Porro
319 1479 515 1547 Narrationis
539 1479 627 1569 apud
640 1478 713 1548 illos
739 1480 862 1572 speeies
885 1481 1025 1572 triplex,
1053 1480 1218 1576 quarum¹

109 1625 112 1638 ι
155 1584 260 1674 prima
278 1583 401 1652 factum
417 1583 550 1676 aliquod
569 1609 700 1672 verum,
718 1609 814 1664 sensu
829 1587 927 1670 obvio
943 1602 976 1656 et
991 1591 1134 1666 naturali
1146 1591 1197 1664 in-

154 1689 370 1780 telligendum
381 1693 526 1782 exponit,
537 1705 570 1758 et
581 1690 1039 1784 dieitursimplear;secunda
1051 1712 1198 1772 versatur

134 1797 238 1866 ¹circa
263 1799 423 1890 quosdam
443 1813 580 1868 eventus
606 1799 770 1868 subtiliori
795 1801 1063 1892 interpretatione
1083 1807 1200 1904 praeci-
1232 1795 1236 1804 ’
1267 1893 1275 1904 ¹

152 1903 227 1996 puis
244 1903 322 1970 fidei
338 1905 499 1992 mysteriis
515 1903 826 2000 accommodandos,
844 1921 878 1974 et
892 1905 1093 2004 allegorica
1105 1934 1200 1980 voca·

153 2025 225 2100 tur3
251 2009 347 2086 tertia
367 2009 510 2102 denique
526 2010 674 2104 jucunda
694 2010 792 2081 simul
813 2025 847 2080 ct
868 2011 978 2098 utilia,
1001 2013 1079 2084 licet
1097 2015 1197 2104 l'alsa,

153 2116 300 2206 effingit,
320 2115 441 2208 quibus
460 2117 495 2182 in
518 2116 739 2206 cognitionem
761 2117 906 2190 veritatis
929 2117 1143 2209 inducamur,
1165 2137 1200 2194 et

154 2236 367 2312 nuncupatur
375 2218 606 2312 parabolica.
768 2294 771 2298 ,

197 2333 225 2396 Ι.
247 2327 389 2417 Simplex
406 2341 515 2395 autem
529 2319 671 2394 narratio
686 2327 797 2395 rursirs
811 2329 846 2398 in
862 2326 1196 2424 demonstrativam,
1288 2323 1290 2327 ’

154 2448 187 2503 et
210 2431 475 2530 tropologicam
498 2431 673 2522 dividitur3
698 2434 775 2502 nam
798 2433 824 2500 si
845 2433 887 2501 ad
910 2435 1115 2526 probandam
1136 2441 1199 2510 ali.
1308 2491 1310 2496 ,

154 2565 255 2634 quam
269 2541 439 2609 veritatem
456 2553 597 2631 spectat,
613 2536 917 2625 dornonrtratioa,
932 2541 959 2610 si
975 2543 1017 2612 ad
1034 2548 1200 2638 corrigen-

155 2647 215 2717 dos
240 2646 395 2715 adhibitis
417 2644 570 2736 exemplis
593 2670 715 2732 mores,
745 2645 971 2742 tropologica
994 2646 1195 2738 nominatur.
1275 2658 1277 2662 ’

157 2755 209 2824 Sic
226 2753 302 2822 edm
320 2753 360 2818 ad
380 2750 644 2820 confirmandum
660 2749 870 2818 sanctissimae
887 2753 1051 2823 Trinitatis
1064 2756 1195 2848 dogma,

152 2859 238 2928 illud
255 2857 424 2950 Evangelii
449 2854 573 2925 lactum
599 2853 724 2948 refero,
751 2879 840 2946 quo,
860 2857 1028 2948 Baptizato
1043 2859 1195 2952 Christo,

154 2965 287 3036 videtur
302 2965 439 3056 Spiritus
455 2976 585 3032 sanctus
598 2959 618 3028 e
630 2960 728 3046 eoelo,
738 2959 841 3029 veluti
852 2962 1194 3060 columba,delapsus,

142 3088 187 3142 ‘et
199 3097 263 3142 vox
277 3070 373 3140 simul
388 3075 491 3139 Patris
503 3067 637 3136 auditur
649 3067 785 3136 dicentis
799 3065 890 3137 :Hic
901 3083 954 3138 est
969 3069 1088 3142 Filius
1098 3099 1198 3148 meus

155 3177 307 3248 dilectus
319 3183 349 3262 ²,
369 3177 469 3244 habes
483 3175 708 3245 Narrationem
722 3173 755 3241 iu
772 3195 890 3264 genere
903 3173 1196 3268 dentoustrotiom

154 3268 428 3378 Habes'ejusdem
445 3283 570 3372 generis
586 3279 824 3365 Narrationem,
843 3282 976 3378 eumad
993 3291 1198 3378 probandam

155 3392 335 3483 Religionis
345 3387 1016 3480 christianaeveritatem,praecipuaChristi
1026 3395 1196 3485 miracula,

151 3501 293 3606 ⁴ejusque
309 3493 469 3588 stupenda
494 3492 667 3560 emortuis
688 3493 880 3560 resurrectio
901 3495 977 3562 ante
994 3497 1105 3568 oculos
1121 3501 1197 3572 des·
1221 3570 1225 3575 ,

157 3606 262 3698 cripta
278 3615 498 3672 recensentur.
517 3597 686 3668 Narrando
702 3597 823 3689 pariter
837 3599 1056 3688 demonstrat,
1071 3607 1128 3698 qui
1140 3631 1199 3676 ex·
1258 3681 1261 3686 ¹
1314 3672 1318 3680 ,
1358 3685 1368 3697 ῃ

157 3711 270 3804 positis
286 3708 428 3778 historiae
439 3705 661 3775 ecclesiasticae
672 3703 777 3789 factis,
792 3705 934 3773 subitam
949 3708 1200 3808 mirandamque

159 3819 235 3886 fidei
257 3815 544 3908 propagationem,
561 3821 825 3902 martyrum'pro
848 3811 984 3882 veritate
1002 3823 1198 3892 certantium

138 3931 141 3940 ,
196 3958 203 3986 ¹
221 3945 334 4009 Quinctil.
349 3943 392 3994 lib.
406 3957 441 4006 rr,
454 3957 477 3994 c.
491 3953 517 3992 2.
531 3965 562 3978 ···
581 3940 691 3992 ’Mattn
705 3955 767 4004 aru,
779 3939 804 3989 6.
840 3977 844 3983 .

1043 4028 1093 4092 15.
