2992 4590
199 425 300 472 CAPUT
323 431 369 472 v1.
395 429 436 472 DE
459 429 614 472 Muuuono
638 429 672 472 IN
688 423 893 472 CONCIONIBUS
908 424 1074 474 Anulum.
1108 415 1169 473 177

133 527 203 618 ipso
223 527 374 616 gessisse,
391 525 572 595 ostendam.
590 528 666 596 Non
683 526 772 594 eninr
793 525 904 616 probis
918 527 995 596 viris
1020 527 1173 619 exiguam

133 631 263 701 laudem
288 633 384 701 affert
407 655 614 702 summorum
639 631 786 700 virorum
809 631 862 701 vel
885 655 984 723 parva
1009 635 1169 706 incitatio.

133 744 254 810 Annon
273 741 360 808 enirn
380 739 598 832 philosophiae
613 737 699 806 illius
720 735 930 806 simulacrum
949 741 1120 830 perspicue
1138 744 1174 811 in

133 871 166 916 se
181 849 251 940 ipso
268 848 448 940 expressit?
466 852 539 938 Ipse
560 846 695 938 quoque
710 845 744 914 in
762 844 891 914 deserto
910 844 1082 932 habitavit.
1101 853 1174 940 Ipse

132 957 266 1049 quoque
280 955 395 1039 noctis,
409 967 448 1023 ut
462 953 590 1037 lateret,
604 953 843 1043 hominumque
856 951 987 1042 lugeret
1003 954 1172 1041 notitiam,

131 1063 245 1153 asperat
256 1075 345 1131 veste
361 1074 467 1129 tectus
482 1072 542 1128 est.
560 1063 634 1149 lpse
649 1059 781 1150 quoque
792 1057 881 1126 idern
898 1057 964 1126 cibi
980 1081 1084 1147 genus
1100 1061 1176 1131 ada-

131 1169 256 1252 mavit,
279 1173 348 1236 Deo
372 1164 526 1234 videlicet
542 1185 599 1254 per
623 1163 858 1232 continentiam
874 1186 908 1231 se
923 1185 1078 1253 purgans.
1100 1170 1174 1258 lpse

130 1273 268 1365 quoque
281 1271 400 1360 dignus
416 1271 513 1338 etiam
526 1269 655 1337 habitus
665 1282 727 1353 est,
742 1269 801 1361 qni
815 1269 934 1340 Christi
947 1291 1054 1360 praeco
1066 1273 1171 1360 lieret,

130 1378 262 1448 etiamsi
277 1399 344 1446 non
358 1398 556 1468 praecursor3
578 1390 678 1467 atque
694 1374 828 1444 adeum
849 1373 1088 1464 egredicbatur,
1106 1403 1176 1448 non

130 1483 243 1554 sollrm
261 1484 365 1577 omnis
386 1483 522 1550 finitima
541 1483 641 1571 regio,
667 1482 725 1550 sed
747 1483 846 1550 etiam
869 1495 1001 1550 externa
1020 1499 1053 1554 et
1076 1485 1175 1576 longe

129 1591 256 1660 dissita.
277 1595 349 1680 Ipse
363 1589 497 1681 quoque
511 1588 598 1656 iuter
613 1587 682 1656 duo
704 1592 909 1656 Testamenta
925 1586 1073 1675 medius,
1088 1589 1175 1662 illius

128 1695 284 1782 videlicet
299 1694 440 1764 litteram
458 1708 618 1780 evertens,
637 1695 734 1786 hujus
746 1707 856 1764 autem
869 1694 1018 1785 spiritum
1033 1697 1066 1766 in
1085 1699 1175 1790 pub·

129 1802 234 1872 licum
250 1801 405 1888 efferens3
424 1824 461 1868 ac
487 1823 546 1891 per
569 1813 711 1868 externae
731 1814 765 1868 et
781 1799 914 1869 visibilis
933 1798 1014 1890 legis
1032 1805 1174 1874 eversio-

130 1931 221 1992 nem,
239 1904 403 1975 occultam
422 1904 528 1994 legem
548 1902 699 1995 implens.

180 2044 194 2078 s
222 2013 371 2082 Imitatus
387 2024 435 2080 est
451 2011 539 2082 Petri
555 2009 679 2094 zelum,
695 2009 789 2078 Pauli
805 2012 1021 2080 constantiam
1033 2015 1176 2085 etfirmi·

131 2133 246 2203 tatem,
262 2143 299 2188 ac
311 2119 495 2210 utriusque,
513 2114 739 2200 tirmnomine‚
758 2115 830 2186 tiun
844 2117 984 2186 nominis
993 2122 1177 2192 mutatione

131 2224 322 2308 clarissimi,
338 2225 439 2292 fidem
452 2225 462 2260 ¹
477 2253 487 2310 3
500 2219 644 2290 filiorum
662 2220 812 2290 Zebedaei
828 2221 1148 2316 grandiloquentiam
1165 2257 1173 2297 :

131 2328 375 2424 Discipulo‘rum
386 2330 536 2400 omnium
546 2326 769 2417 frugalitatem
777 2341 810 2398 et
820 2330 1059 2419 superfluarum
1069 2356 1178 2402 rerum
1280 2315 1286 2325 ¹

132 2453 374 2530 contemptum.
390 2436 582 2527 Propterea,
604 2431 735 2504 claves
749 2432 867 2526 ‘etiam
886 2437 991 2530 regni
1003 2435 1186 2521 coelorum,

132 2544 203 2636 ipsi
226 2544 498 2613 committuntur
522 2546 564 2626 ²,·
594 2543 662 2622 Nec
692 2536 754 2608 Ab
780 2537 1012 2634 lerosolyma‘
1034 2546 1176 2614 tantum

133 2653 245 2744 usque
262 2648 315 2721 ad
327 2648 518 2743 Illyricum
536 2651 561 2734 ³,
579 2648 637 2717 sed
652 2650 807 2740 majorem
823 2647 983 2718 circulum
998 2654 1177 2744 Evangelio

131 2758 401 2853 comprehendit3
418 2770 453 2826 et
468 2755 554 2824 filius
570 2754 719 2838 tonitrui,
734 2777 802 2822 non
817 2753 953 2845 quidem
972 2760 1174 2846 nominatur,

131 2867 189 2939 sed
214 2868 378 2956 efficitur3
400 2879 500 2958 atque
524 2863 567 2936 ad
588 2867 666 2932 lesu
691 2875 805 2953 peetus
823 2859 982 2952 ‘positus-,p
997 2861 1088 2932 illinc
1110 2867 1176 2934 vim

132 2973 265 3046 dicendi
284 2987 318 3042 et
333 2974 569 3043 sententiarum
584 2967 844 3062 profunditatem
860 2968 981 3036 haurit.
999 2972 1082 3040 Nam
1102 2975 1176 3042 Ste-

132 3084 263 3175 phanus
278 3080 571 3172 fieri,'quauqu¹am
584 3076 620 3156 id
635 3089 749 3169 parato
758 3094 842 3144 esset
856 3075 978 3161 animo,
991 3078 1177 3168 prohibitus
1209 3164 1213 3169 ,

133 3206 180 3262 est
196 3192 229 3280 ⁴3
247 3189 375 3282 pudore
389 3183 547 3256 nimirum
561 3209 600 3254 ac
615 3183 796 3254 reverentia
815 3205 999 3274 compresso
1023 3185 1177 3277 lapidan-

133 3297 218 3366 tium
232 3297 372 3388 impetu.
395 3297 506 3385 Atque
524 3291 640 3370 etiam,
658 3311 700 3357 ne
713 3287 841 3377 singula
857 3311 1051 3380 persequar,
1071 3293 1113 3362 de
1127 3296 1178 3364 his

134 3405 233 3472 rebus
251 3400 382 3470 brevius
400 3397 509 3468 adhirc
524 3411 558 3466 et
573 3393 837 3484 compendiosits
848 3391 940 3484 loqui
953 3417 1096 3484 possum.
1117 3399 1177 3468 Ille

135 3511 223 3578 enim
239 3509 421 3591 bonorum,
438 3503 501 3572 alia
523 3500 659 3595 quidem
674 3499 815 3582 invenit,
835 3495 897 3566 alia
913 3497 1086 3570 aemulatus
1107 3519 1174 3592 est,

136 3615 198 3686 alia
212 3614 389 3708 superavit.
404 3617 443 3680 In
453 3623 615 3704 quantum
632 3619 741 3688 autern
754 3628 811 3696 por
824 3627 920 3674 omne
932 3605 1059 3674 virtutis
1076 3631 1178 3699 genus
1253 3627 1255 3632 ’

173 3773 180 3798 ¹
205 3766 260 3812 Act.
279 3776 314 3824 rr,
333 3757 348 3809 8
369 3764 395 3807 ct
406 3773 465 3822 seqq
484 3765 539 3790 -²
559 3752 644 3803 ltattlr.
666 3767 727 3813 un,
746 3767 811 3798 1.-
831 3748 923 3800 ³Roro.
940 3767 979 3814 rr,
1004 3769 1025 3800 r.
1045 3777 1072 3790 -·
1088 3753 1100 3800 t
1119 3758 1175 3808 Act,

137 3863 180 3912 vn,
196 3846 237 3898 58.

97 3941 101 3948 '
258 3945 293 3989 n.
969 4007 971 4011 ,
1001 3920 1038 3979 tt
