2984 4580
280 440 345 502 tro
388 465 393 476 ·
428 453 606 502 aaaromct
629 451 655 499 s.
682 451 835 524 struma,
860 453 937 501 atus
959 457 1003 518 11,
1028 457 1119 502 sucu,
1139 459 1163 499 1.

277 556 361 628 ditm
378 557 501 628 scilieet
516 559 535 626 a
550 569 642 650 patre
665 568 699 624 et
713 555 794 625 hero
818 555 1018 652 quandoque
1040 557 1208 651 objurgari
1224 558 1324 628 satius

278 678 344 751 est,
366 667 467 759 qu'am
487 663 587 736 domo
612 663 686 758 ejici
709 691 718 733 ι
742 676 776 732 et
799 663 916 754 exiguo
932 662 1107 757 splendore
1129 665 1320 756 perstringi,

277 773 379 865 quim
394 770 526 864 prorsirs
541 768 722 842 obscurari.
734 768 941 839 Prudeutum
957 772 1054 862 porrd
1068 784 1102 840 et
1113 765 1325 841 cordatorum

277 877 424 948 virorum
439 891 507 964 est,
532 890 572 946 ut
589 876 626 945 in
645 875 741 946 bonis
756 873 893 944 meliora
909 889 943 945 et
956 874 1206 964 excellentiora,
1227 877 1274 947 iu
1289 877 1325 946 in

277 983 370 1054 malis
395 983 523 1054 minora
548 996 581 1052 et
601 981 724 1053 leviora
743 979 873 1072 eligere.
900 983 1062 1065 Quocirca
1087 1005 1130 1055 ne
1152 983 1324 1076 tantopere

277 1091 506 1186 purgationem
522 1088 690 1161 formides.
704 1092 753 1159 Ea
765 1089 872 1175 enim,
887 1113 963 1183 quae
977 1091 1066 1161 recte
1081 1105 1115 1162 et
1133 1113 1212 1162 cum
1226 1089 1324 1161 laude

198 1286 200 1294 Ι
278 1199 433 1290 gerimus,
448 1201 467 1267 a
479 1199 569 1292 justo
581 1210 615 1266 et
632 1195 777 1287 benigno
792 1219 904 1264 rerum
915 1212 1102 1268 nostrarum
1113 1199 1225 1292 judice
1237 1221 1324 1268 sem·

193 1311 196 1320 '
276 1327 337 1398 per
358 1305 399 1376 ad
416 1303 493 1375 vitae
517 1316 637 1373 nostrae
658 1301 767 1396 studia
783 1303 1074 1396 atque-instituta,
1098 1306 1258 1398 tanqulm
1282 1303 1322 1374 ad

277 1413 430 1483 amussim
446 1409 643 1507 quamdam,
658 1405 846 1501 exiguntur.
864 1415 974 1503 Atque
988 1411 1035 1481 ita
1053 1412 1251 1506 plerumque
1268 1435 1324 1482 ac-

276 1520 377 1608 cidit,
396 1533 435 1590 ut
450 1519 508 1614 qui
523 1519 559 1588 in
574 1517 661 1588 civili
673 1517 749 1606 ‚viti
764 1530 797 1586 et
820 1517 855 1586 in
871 1517 980 1612 medio
994 1521 1101 1612 posita
1124 1519 1251 1613 aliquid
1263 1521 1325 1591 ho·

277 1630 370 1700 n'este
380 1643 414 1698 et
424 1653 463 1699 ex
474 1627 596 1698 virtute
612 1625 739 1712 fecerit,
752 1625 788 1694 in
799 1623 926 1696 meliori
942 1629 1039 1696 causa
1053 1628 1107 1715 sit,
1121 1631 1222 1721 quim
1238 1628 1324 1722 quii

279 1735 420 1831 publicis
435 1735 628 1806 muneribus
642 1732 788 1820 feriatus,
807 1733 917 1804 officio
932 1756 992 1804 suo
1002 1757 1071 1805 non
1085 1736 1324 1830 usquequaque

278 1845 473 1940 perfunctus
488 1842 610 1914 luerit:
631 1840 929 1936 quemadmodum,
954 1856 993 1913 ut
1012 1867 1086 1913 mea
1106 1843 1170 1913 fert
1192 1839 1322 1937 opinio,

279 1952 462 2024 mirabilius
490 1967 539 2022 est
560 1951 727 2020 homiuem
757 1949 973 2043 compedibus
997 1952 1147 2022 vinctum
1171 1951 1324 2024 nonnihil

278 2061 445 2155 progredi,
468 2063 569 2154 quam
584 2054 678 2129 nullo
693 2081 793 2128 onere
814 2058 1028 2152 impeditum,
1046 2083 1180 2132 currere
1199 2091 1207 2133 ι
1224 2063 1324 2134 nrira·

277 2167 378 2239 bilius
388 2169 480 2254 item,
498 2189 586 2254 eum,
597 2167 655 2262 qui
670 2190 729 2260 per
740 2189 875 2236 coenum
886 2166 1031 2255 incedat,
1049 2163 1167 2239 leviter
1182 2171 1321 2263 aspergi,

276 2279 379 2370 quim
395 2299 490 2362 eum,
508 2275 566 2369 qui
581 2276 664 2368 puri
678 2274 731 2344 vit
745 2275 807 2344 iter
820 2273 938 2363 faciat,
952 2299 1074 2368 purum
1086 2278 1129 2347 ab
1141 2277 1233 2348 omni
1250 2301 1323 2346 ma·

276 2383 351 2454 culi
366 2407 511 2454 manere.
523 2388 729 2475 Argumento
742 2395 791 2452 est
803 2382 919 2454 Rahab
934 2383 1099 2470 meretrix,
1117 2385 1189 2471 cui,
1200 2384 1323 2478 alioqui

275 2491 392 2582 parum
408 2489 571 2575 laudatae,
592 2486 796 2580 hospitalitas
816 2480 884 2558 s'ola
896 2489 1030 2581 justitiae
1041 2488 1175 2560 laudem
1191 2490 1320 2581 attulit3

276 2609 310 2664 et
322 2594 534 2680 Publicanos,
551 2615 652 2687 quem
667 2616 735 2662 una
750 2593 879 2662 tantum
893 2594 1059 2674 humilitas
1072 2596 1212 2684 extulit,
1229 2596 1322 2667 nullo

184 2745 187 2752 ·
276 2702 340 2773 alio
353 2703 486 2772 nomine
498 2699 767 2772 commendatum
778 2732 788 2791 3
801 2714 840 2770 ut
858 2699 919 2770 tibi
933 2699 1134 2774 documento
1146 2703 1206 2792 sit,
1225 2727 1268 2776 ue
1279 2703 1322 2775 de

274 2812 333 2882 tui
342 2807 446 2882 salute
462 2810 584 2880 temere
599 2807 760 2902 desperes.

321 2945 338 2986 s
364 2917 501 3016 Verum,
515 2915 602 2986 dicet
615 2915 789 3008 quispiam,
801 2913 885 3006 quid
899 2913 1030 2985 mihies
1044 2917 1082 2986 ei
1091 2940 1125 2986 re
1138 2918 1317 3005 accesserit,

275 3027 303 3097 si
319 3049 377 3119 per
390 3024 595 3116 Baptismum
613 3034 863 3114 praeoccupatus
874 3021 981 3108 suero,
1000 3037 1100 3118 atque
1115 3049 1231 3096 omnes
1242 3027 1319 3098 vitae

275 3133 449 3204 suavitates
465 3129 546 3198 mihi
560 3127 677 3222 ipsiob
692 3130 882 3222 hujusmodi
894 3130 1094 3201 celeritatem
1102 3123 1316 3228 praeclusere,

275 3239 353 3312 ciam
373 3235 598 3331 voluptatibus
617 3235 749 3306 interim
764 3236 937 3329 indulgere
955 3238 1064 3325 liceat,
1079 3255 1180 3336 atque
1194 3241 1242 3311 itt
1257 3241 1318 3311 ‹le-

274 3348 367 3418 mirm
383 3346 519 3438 gratiam
532 3344 681 3438 assequi?
692 3347 807 3438 Neque
818 3343 919 3430 enim,
932 3345 991 3438 qui
999 3347 1142 3438 priores
1153 3349 1192 3416 in
1207 3349 1318 3417 otiaeci

275 3454 491 3527 lobordrunt
505 3456 535 3539 ¹,
556 3451 684 3522 meliori
703 3451 827 3523 idcircd
844 3451 1033 3544 conditione
1048 3451 1203 3543 luerunt,
1221 3457 1318 3550 aequi
1395 3457 1400 3462 '

255 3638 259 3648 „
273 3564 392 3658 nempe
407 3559 558 3633 mercede
575 3561 745 3653 postremis
759 3561 894 3653 quoque
909 3559 1086 3653 persoluti.
1106 3563 1247 3654 Negotio
1263 3585 1316 3632 mc

169 3753 173 3762 ,
272 3671 429 3757 liberisti,
440 3668 586 3764 quisquis
602 3664 734 3735 tandem
751 3687 796 3750 es,
815 3665 873 3758 qui
888 3665 964 3736 talia
980 3665 1126 3760 profers,
1141 3667 1223 3738 dom
1239 3693 1316 3762 pro·

272 3777 510 3848 crastinationis
531 3773 623 3844 istius
654 3794 809 3842 areanum
825 3773 912 3863 aegre
935 3763 1071 3846 tandem
1090 3774 1234 3844 extulisti
1256 3790 1316 3846 :et

271 3885 419 3981 quamvis
437 3880 563 3965 consilii
579 3880 629 3950 tui
646 3879 892 3975 perversitatem
910 3877 1114 3976 improbem,
1136 3906 1177 3956 eo
1203 3896 1315 3955 umen

307 4013 414 4068 ruauh.
429 4029 470 4079 xx,
486 4027 509 4077 r,
523 4016 626 4078 etseqq.
