2992 4590
239 415 340 464 oreon
356 421 402 464 vr.
423 419 466 462 nn
488 417 645 466 maranno
668 417 704 461 ιιι
724 411 942 462 οοιιυιοιιιιιιιιΙ
957 411 1125 462 ansramt.
1153 399 1216 462 12⁷

176 493 309 610 quidem
322 520 504 608 synagoga
519 527 580 600 est,
594 515 753 608 possessio
766 515 846 585 verb
858 513 1024 587 Ecclesiae.
1036 513 1218 586 illatabol·
1315 527 1321 540 ·
1348 596 1351 603 Ι

176 621 221 692 las
235 621 467 710 invenit,bseo
486 619 698 712 margaritam
720 618 874 690 invenit:
896 617 953 690 illa
968 619 1078 692 lanam
1099 619 1215 708 tinxit,

173 729 245 798 haee
258 743 348 802 reste
363 729 530 823 purpurei
548 740 598 796 eat
619 725 750 795 indute.
775 723 946 819 Siquidem
967 725 1084 798 tumr
1105 727 1215 819 ipsunt

173 839 318 929 peperit,
343 851 378 908 rt
398 837 489 908 orbis
503 849 666 906 terrarum
684 833 794 926 ipsum
809 832 950 924 excepit.
974 835 1145 924 synagoga
1166 834 1220 927 ip·

174 965 247 1012 sum
262 942 345 1013 aluit
363 957 398 1014 et
412 941 566 1012 educmst
584 969 593 1010 ε
610 935 756 1010 Ecclesia
769 939 880 1031 iprum
893 938 1018 1026 tenuit,
1036 960 1144 1032 eoque
1158 961 1219 1032 po—

146 1109 148 1112 .
173 1047 233 1120 tite
255 1063 316 1119 est.
342 1051 444 1142 Apud
457 1047 548 1118 iilam
570 1045 696 1139 palmes
715 1045 808 1132 vitis,
832 1059 866 1115 et
888 1045 979 1138 apud
999 1055 1054 1116 me
1071 1055 1221 1116 racemus

173 1149 330 1224 veritatis.
347 1153 409 1224 Illa
424 1168 592 1223 racemum
610 1150 841 1238 vindemiarit,
857 1164 893 1220 et
911 1164 1026 1243 gentes
1046 1151 1220 1241 mysticam

172 1262 345 1353 potionem
359 1261 494 1330 bibrmt.
518 1257 579 1328 Ilia
595 1281 733 1350 granum
757 1255 914 1328 frumenti
933 1258 969 1328 in
984 1255 1102 1328 tudaes
1121 1257 1221 1330 renti-

173 1367 289 1456 narit3
305 1379 340 1436 et
363 1378 475 1456 gentes
496 1361 574 1434 fidei
594 1363 678 1436 falce
698 1377 842 1455 segetem
860 1364 1078 1436 messuerunt.
1099 1365 1221 1438 Gentes

172 1471 347 1564 rosampib
361 1470 611 1565 decerpserunt,
628 1479 663 1540 et
682 1469 772 1561 apud
785 1467 919 1542 Judaeor
932 1469 1025 1561 rpiua
1040 1468 1220 1540 increduii-

174 1578 252 1648 tntis
267 1577 423 1648 remansit
443 1605 452 1648 r
474 1575 585 1670 pullus
600 1576 759 1662 evolavit,
778 1591 812 1648 et
833 1575 977 1648 assident
996 1574 1077 1648 nido
1098 1575 1191 1647 stulti
1208 1605 1218 1650 ι

170 1681 256 1754 folia
271 1681 389 1754 litterae
403 1683 705 1777 interpretabantur
720 1681 848 1770 Iudaei,
863 1696 898 1752 et
912 1680 1060 1754 fructum
1081 1683 1221 1777 Spiritiu

170 1802 287 1879 gentes
302 1787 496 1881 decerpunt.
514 1786 617 1860 Ecce
641 1787 761 1886 Virgo
775 1790 815 1860 in
830 1801 934 1884 actem
953 1790 1142 1890 concipiet.
1161 1790 1221 1862 nio
1264 1849 1268 1858 .

170 1893 276 1980 mihi,
294 1893 427 1981 Judaee,
449 1891 502 1964 dic
519 1893 602 1964 mibi
624 1897 723 1986 porro
741 1915 842 1988 quem
862 1896 1012 1988 peperit?
1033 1894 1099 1964 fide
1122 1895 1219 1983 milri,

170 1999 289 2072 saltem
310 2015 350 2072 ut
364 1999 499 2072 Herodi.
520 1999 587 2072 sed<
597 2024 666 2072 non
689 2001 774 2074 fidia
799 2003 874 2074 Scio
888 2025 990 2096 quam
1005 2003 1050 2074 ob
1065 2025 1220 2095 causam,

170 2121 310 2200 propter
332 2106 475 2178 insidias.
500 2106 664 2180 Iiberrim
687 2109 807 2194 dixisti,
833 2123 873 2180 ut
892 2133 970 2182 eum
994 2109 1219 2182 baterfioeretr

170 2215 256 2288 mibi
269 2215 437 2290 rerbxnon
452 2213 550 2299 dicis,
565 2227 605 2282 ut
623 2235 666 2283 ne
681 2235 759 2284 eum
776 2215 922 2288 adorem.
939 2219 1126 2298 Quemnam
1142 2218 1222 2287 verb

171 2323 322 2414 peperit?
347 2322 554 2402 Quemnam?
575 2323 702 2390 baturus
728 2322 918 2392 Dominum.
945 2322 1037 2394 Licet
1065 2323 1154 2394 enim
1184 2335 1223 2394 tu

172 2427 289 2515 sileas,
305 2427 427 2500 elamat
440 2440 559 2498 natura
575 2449 585 2496 ι
603 2429 731 2520 peperit
745 2427 845 2514 onim,
867 2442 906 2500 ut
921 2426 1027 2500 voluit
1041 2439 1139 2524 partu
1154 2429 1238 2516 edi·

171 2537 236 2630 qui
247 2551 347 2629 partu
360 2549 410 2606 est
424 2533 543 2606 editus.
556 2536 632 2607 No'n
643 2535 732 2604 enim
742 2534 778 2606 id
788 2537 812 2606 b
823 2539 942 2607 nature
956 2538 1221 2630 permittebatur,

91 2687 95 2692 -
173 2641 423 2713 sedatustmae
435 2641 607 2726 Dominus,
620 2639 813 2711 inusitatum
829 2643 1008 2716 nativitatis
1021 2641 1225 2716 mudumin-

173 2749 285 2836 vexit,
303 2763 342 2818 ut
357 2747 509 2819 ostendat
521 2768 557 2816 se
571 2745 739 2814 hominem
761 2742 888 2814 santum
915 2769 984 2816 non
999 2761 1038 2816 ut
1055 2748 1224 2846 hominem

174 2869 278 2950 partu
301 2855 371 2944 edi,
392 2853 451 2925 aed
468 2867 507 2924 ut
525 2857 633 2924 neum
655 2851 755 2922 nasci.
779 2849 984 2942 lix'Virgine
1003 2852 1102 2943 igitur
1125 2853 1225 2948 bodie

174 2962 318 3056 prodiit,
334 2985 412 3055 quae
426 2974 578 3031 naturam
593 2957 685 3047 vicit,
701 2973 737 3029 et
752 2959 884 3052 nuptias
896 2959 1073 3052 superavit.
1092 2959 1226 3030 Etenim
1345 2969 1347 2972 ’

120 3163 123 3166 ¹
174 3069 359 3141 amentatis
382 3067 598 3162 dispensatori
621 3066 855 3153 conveniebat,
883 3080 1030 3160 utputo
1054 3082 1089 3141 et
1111 3079 1226 3138 sancto

176 3163 279 3271 partia
293 3177 330 3247 in
349 3176 460 3248 lucem
479 3174 647 3250 ederetur.
670 3178 746 3268 Ipse
764 3194 910 3268 namque
929 3189 995 3262 est,
1017 3175 1115 3269 quib
1140 3176 1227 3257 terri
1292 3191 1293 3194 ’

176 3286 307 3378 virgine
322 3283 491 3380 quondam
504 3281 658 3354 formarit
671 3280 849 3367 adamum,
867 3304 907 3350 ex
920 3281 1051 3352 Adamo
1061 3276 1142 3354 vero
1157 3284 1227 3354 sine

160 3393 319 3462 muliere
338 3389 512 3461 mulierem
536 3387 734 3472 efformavit.
760 3387 852 3458 Sicut
878 3386 967 3458 enim
992 3387 1064 3460 sint
1089 3386 1228 3462 muliere

178 3495 320 3592 protulit
335 3496 508 3566 mulierem
525 3493 687 3581 ridemus,
700 3493 748 3564 sic
761 3493 861 3563 etiam
878 3492 978 3582 Virgo
996 3493 1067 3564 sine
1080 3493 1151 3566 viro
1169 3494 1230 3564 hu·

179 3607 305 3676 minem
324 3603 424 3674 hodie
450 3601 588 3694 peperit.
616 3603 725 3669 Homo
748 3600 837 3668 enim
857 3611 923 3684 eet,
949 3597 1077 3694 inquit,
1102 3599 1229 3691 etquis
1324 3619 1327 3624 ·

181 3725 359 3804 cognoscet
368 3711 467 3780 neum?
479 3709 563 3780 Nam
578 3705 735 3799 quoniam
749 3703 939 3778 hominibus
951 3725 1054 3796 genus
1068 3703 1230 3774 muliebre

181 3819 383 3902 beneficium
406 3815 573 3901 debebat,
600 3812 717 3906 utpote
743 3810 967 3904 quadratam
996 3812 1066 3886 sine
1091 3809 1230 3885 muliere

183 3925 357 3998 mulierem
379 3918 581 4020 produxerat
603 3919 801 4014 :pmptsret
825 3919 929 4011 Virgo
948 3919 1020 3994 'sine
1036 3919 1109 3998 vitu
1130 3919 1231 3996 hodie
1377 3950 1379 3957 ·
