2982 4584
231 409 331 477 etrum
356 435 400 477 vr.
428 433 468 476 na
491 429 649 476 naraono
674 432 706 474 m
726 431 933 474 concionibus
950 427 1115 474 tentatus.
1142 413 1206 476 509

165 533 321 603 uiuentes
332 527 489 625 postbu‘c
504 553 578 600 non
593 525 763 620 sibiipsis
776 530 917 613 cicant,
928 525 1208 621 sedilliquipro

166 641 216 709 eis
237 653 398 709 mortuus
422 651 474 708 est
498 647 534 707 et
553 633 787 706 resurrexim.
808 631 928 702 Vidisti
947 633 1115 726 quomodd
1132 635 1208 726 jure

164 745 247 815 dixit
264 775 271 815 :
289 744 436 815 Detinet
445 765 513 812 nos
536 735 702 808 charitas
722 733 870 808 Christi.
889 736 934 809 Si
952 737 1048 808 enim
1068 761 1136 831 pro
1148 763 1208 810 no·

167 850 237 938 bis,
254 853 382 947 inquit,
401 843 567 920 omnibus
590 837 751 914 mortuus
768 857 840 925 est,
862 857 1016 936 propter
1031 840 1099 914 lzoe
1115 869 1210 916 mor·

165 973 245 1029 tuus
257 974 322 1044 est,
334 971 373 1026 ut
387 954 624 1024 norvicentes
634 947 791 1044 posttea
803 972 876 1019 non
890 947 995 1020 nobis
1011 951 1099 1042 ipses
1114 952 1213 1022 uica-

87 1091 89 1096 ·
163 1091 262 1152 mus,
280 1061 348 1133 sed
361 1063 397 1132 ei
406 1061 470 1150 qui
484 1083 554 1153 pro
570 1057 674 1130 nobis
688 1070 850 1128 mortuus
865 1071 918 1127 est
945 1072 980 1128 et
1001 1059 1209 1130 resurrexit.
1300 1081 1303 1084 ·

163 1170 372 1264 decipiamus
384 1168 485 1258 igitur
500 1165 710 1259 apostolicam
723 1165 1001 1253 admonitionem,
1014 1181 1047 1238 et
1062 1191 1132 1239 non
1147 1191 1213 1239 no·-

164 1277 216 1346 bis
230 1276 307 1370 ipsis
319 1275 479 1357 vivamus,
488 1270 545 1342 sed
555 1273 585 1340 ei
593 1273 651 1365 qui
661 1295 721 1365 pro
732 1271 828 1342 nobis
839 1287 990 1343 mortuus
1002 1287 1051 1344 est
1061 1288 1095 1346 et
1104 1297 1212 1346 resur-

165 1385 259 1454 rexit.
277 1386 322 1452 Et
344 1380 530 1474 quomodd,
548 1377 636 1448 dicet
651 1379 833 1471 quispiam,
849 1379 1030 1472 poterimus
1054 1405 1123 1452 non
1148 1406 1212 1452 no·

166 1491 218 1561 bis
235 1490 312 1584 ipsis
331 1481 468 1560 vivere?
489 1487 579 1557 Audi
605 1488 740 1570 beatum
753 1486 863 1557 virum
882 1487 1002 1558 iterium
1019 1489 1209 1562 dicentem:

171 1597 215 1670 V
213 1598 269 1668 ino
289 1609 424 1682 autem,
439 1593 604 1690 nonjdm
620 1617 687 1690 ego
704 1619 713 1662 :
730 1594 817 1681 vr'cit
829 1607 952 1662 eutem
967 1595 1005 1663 in
1019 1618 1078 1664 me
1092 1593 1214 1669 Claris-

165 1711 254 1792 tuse
274 1703 357 1772 Vide
372 1700 542 1796 quomodd
553 1724 652 1794 super
662 1716 787 1770 terram
797 1701 971 1771 ambulans
988 1717 1021 1772 et
1036 1726 1135 1772 carne
1149 1705 1215 1774 cir-

165 1809 356 1895 cumdatus,
384 1809 478 1903 quasi
493 1807 617 1878 coelum
640 1806 828 1876 inhabitans
846 1822 890 1891 et,
906 1808 992 1877 inter
1004 1809 1214 1903 incorporeas

165 1919 303 1988 virtutes
314 1938 446 1992 ¹versans
462 1914 625 1984 afficiatur
636 1916 651 1982 Ρ
663 1912 806 1982 Proinde
822 1907 902 1982 aiibi
917 1915 1037 1983 iteriim
1053 1915 1185 1988 dicebat
1204 1947 1211 1987 :

172 2025 249 2122 Qui
259 2038 382 2094 autem
402 2019 541 2092 Christi
553 2035 653 2110 sunt,
672 2045 823 2112 curnem
838 2046 944 2091 suum
956 2023 1216 2119 crucpiudrunt

168 2156 253 2204 cum
274 2128 531 2228 affectionibus
546 2143 582 2200 et
609 2129 938 2221 eoricupzscenti't's⁸.
964 2133 1036 2200 Hoc
1052 2131 1152 2222 igitur
1167 2147 1216 2202 est

166 2239 308 2311 nonsibi
322 2238 399 2332 ipsis
411 2239 519 2308 vivere
534 2290 544 2324 ,
562 2238 619 2308 sed
634 2238 665 2306 ei
680 2237 738 2332 qui
754 2261 815 2329 pro
836 2237 932 2306 nobis
948 2253 1100 2308 mortuus
1116 2255 1165 2310 est
1183 2254 1216 2308 et

167 2346 365 2433 resurrexit,
383 2346 519 2440 quandd
531 2344 625 2438 quasi
637 2343 760 2414 mortui
776 2367 889 2413 sumus
901 2345 1054 2434 praesenti
1070 2343 1165 2430 vitae,
1184 2359 1217 2414 et

166 2453 250 2525 nihil
265 2476 403 2540 eorum,
418 2476 494 2547 quae
506 2451 677 2539 videntur,
695 2451 899 2543 suscipimus.
915 2452 998 2520 Nam
1014 2447 1138 2520 ideireb
1153 2456 1218 2520 Do-

167 2563 277 2630 minus
297 2575 410 2632 noster
424 2559 600 2631 crucifixus
621 2571 686 2645 est,
701 2571 740 2627 ut
755 2558 840 2627 hanc
856 2557 957 2627 vitam
973 2581 1034 2651 pro
1049 2555 1106 2626 illa
1123 2583 1216 2630 com-

168 2679 355 2752 mutemus3
372 2662 439 2732 imb
449 2666 615 2754 perhanc,
629 2663 719 2728 illam
730 2663 826 2728 nobis
837 2665 1056 2749 negotiemur.
1072 2670 1217 2736 Praesens

170 2772 259 2840 enim
275 2770 342 2839 vita
353 2821 361 2853 ‚
374 2770 400 2836 si
415 2768 569 2840 volumus
580 2787 649 2834 esse
671 2764 772 2833 sobrii
788 2778 822 2832 et
837 2764 966 2854 vigiles,
991 2767 1083 2836 ducit
1099 2793 1158 2837 nos
1174 2771 1217 2839 ad

170 2875 362 2944 fruitionem
371 2876 447 2945 vitae
459 2886 721 2966 aetcrnae3atque
733 2873 925 2964 poterimus,
936 2874 963 2943 si
974 2897 1151 2968 parumper
1162 2903 1219 2948 vo·

171 2980 330 3052 lucritnus
344 2981 479 3072 vigilare
494 2993 527 3050 et
546 2979 669 3068 aperire
684 2979 803 3048 mentis
824 2978 980 3066 oculum,
995 2981 1114 3076 quietis
1130 2982 1218 3054 illius
1277 2975 1280 2980 ¹

171 3111 301 3181 semper
315 3087 406 3180 apud
421 3111 481 3159 nos
496 3079 699 3177 meminisse3
728 3099 762 3156 et
789 3086 835 3158 ita
855 3087 1028 3180 praesentia
1051 3092 1219 3184 praeterire

148 3257 149 3262 ,
173 3221 211 3268 ac
224 3195 470 3290 praetervolare,
487 3193 530 3264 ad
542 3195 654 3266 futura
664 3209 778 3266 autem
786 3210 820 3265 et
829 3219 958 3290 semper
969 3197 1122 3270 durantia
1130 3223 1221 3272 men·

173 3319 242 3374 tem
254 3299 438 3385 intendere,
450 3301 534 3370 sieut
542 3305 661 3374 Beatus
669 3301 724 3369 ifle
735 3323 796 3370 nos
808 3303 964 3388 erudivit,
972 3303 1099 3374 dicens:
1113 3301 1223 3404 Quod

175 3401 302 3479 cauterii
315 3430 410 3478 nunc
425 3405 505 3476 vico
520 3406 558 3475 in
573 3428 704 3492 earne,
718 3404 756 3474 in
764 3403 842 3500 fide
853 3407 933 3476 vt'co
948 3405 1040 3478 Filii
1051 3409 1143 3498 Dei,
1157 3411 1222 3502 qui

176 3513 305 3586 dilexit
320 3539 389 3597 me,
407 3527 442 3584 et
458 3509 611 3588 tradidit
625 3513 855 3604 semetipsum
869 3537 939 3604 pro
953 3537 1011 3584 me
1023 3517 1048 3585 ⁴.

197 3689 200 3697 .
223 3650 240 3688 »
258 3621 343 3692 Vide
359 3623 502 3692 animam
519 3621 595 3711 igne
610 3643 815 3707 succensam,
832 3620 908 3691 vide
920 3635 1064 3692 mentem
1078 3623 1215 3713 al'atam,
1240 3653 1243 3659 ·
1321 3615 1325 3622 ¹

177 3729 253 3801 vide
265 3728 424 3800 rationem
440 3730 607 3798 incensam
623 3726 683 3795 Dei
695 3746 817 3798 amore.
841 3724 960 3822 Quod,
975 3729 1103 3823 inquit,
1124 3749 1218 3804 nunc

178 3837 258 3909 vico
266 3889 279 3923 ‚
290 3835 334 3904 'in
344 3832 425 3931 fide
443 3835 533 3906 eico.
553 3837 627 3906 Non
642 3832 750 3918 enim,
766 3833 891 3927 inquit,
909 3835 1030 3927 putetis
1045 3860 1097 3907 me
1113 3837 1221 3911 iacere

215 3968 391 4030 ¹200mtv,
407 3957 1126 4032 15.-²Galat.n,aot-·³1d.v,2d.-41d.u‚ao.
