2982 4584
264 452 366 500 carun
381 455 428 498 vr.
448 451 489 496 na
512 433 668 495 urrunnu
691 449 726 492 rn
748 443 956 491 concremans
977 437 1143 488 tnumrrt.
1170 423 1233 488 50⁵

196 555 293 624 utus?
304 547 368 622 Sed
383 555 469 620 Deus
484 547 618 642 quidem
632 544 754 616 Filium
766 565 863 612 suum
880 539 1015 640 tradidit
1028 571 1037 612 z
1050 554 1088 612 tu
1098 541 1178 612 verb
1193 564 1236 610 ne

194 681 315 754 panem
336 657 470 753 quidem
485 657 543 726 das
565 655 595 724 ei
611 653 670 746 qui
686 675 748 744 pro
763 664 797 722 te
819 648 959 720 traditus
973 663 1007 718 et
1031 649 1159 720 occisus
1171 663 1233 720 est.

195 772 292 838 Pater
303 780 437 859 propter
456 778 490 832 te
506 761 635 836 illinon
650 759 813 853 pepercit,
830 757 909 828 crim
922 757 1000 830 vere
1018 755 1121 827 Filius
1135 757 1235 848 ipsius

194 887 277 944 esset
295 884 360 944 :tu
376 873 456 942 verb
470 865 566 936 illurn
592 868 681 938 lame
694 867 916 947 tabescentem
936 863 1141 949 contemnis,
1159 863 1237 932 crim

194 995 362 1074 sumptum
378 976 526 1048 facturus
537 975 579 1046 sis
596 976 639 1056 ab
649 974 772 1069 iisqnae
783 973 958 1043 illiussnnt
969 1003 978 1061 3
989 971 1091 1065 idque
1101 983 1237 1064 propter

192 1101 226 1157 te
234 1088 383 1158 facturus
394 1083 446 1155 sis.
455 1082 614 1166 Quidhtc
623 1081 795 1174 iniquitate
803 1079 946 1152 deterius
958 1077 1237 1148 sueritl’Traditus
1253 1171 1257 1184 1

193 1207 242 1262 est
251 1205 387 1286 propter
396 1205 441 1278 te,
453 1191 579 1261 occisus
589 1204 723 1284 propter
733 1204 778 1275 te,
790 1188 941 1259 circumit
949 1189 1093 1257 esuriens
1103 1199 1238 1279 propter

193 1315 288 1389 te3ex
296 1300 334 1368 iis
342 1321 417 1392 quae
426 1298 515 1367 illius
525 1297 979 1390 suntdas,utipseutilitatem
989 1285 1142 1387 accipias:
1151 1306 1185 1363 at
1194 1315 1237 1362 ne

130 1467 136 1473 .
193 1409 240 1476 ira
251 1405 386 1500 quidem
398 1405 604 1489 dasQuibns
612 1405 778 1498 lapidibus
793 1428 859 1475 non
871 1403 1067 1502 stupidiores
1078 1415 1168 1485 sunt,
1177 1401 1236 1495 qui

193 1525 244 1583 tot
260 1513 357 1581 rebus
372 1535 407 1582 se
421 1512 686 1604 pertrahentibus
700 1511 737 1580 in
751 1509 914 1580 diabolica
925 1508 982 1577 itta
995 1508 1237 1578 inhumanitate

113 1700 116 1706 1
194 1621 353 1687 manent?
366 1622 481 1714 Neque
495 1618 583 1686 eninr
599 1619 675 1688 satis
693 1616 748 1688 ille
764 1617 881 1716 hahuit
896 1637 1028 1684 crucem
1043 1627 1077 1683 ct
1095 1625 1236 1682 mortem

193 1723 322 1813 subire3
339 1725 447 1794 sedet
466 1747 592 1818 pauper
610 1724 682 1794 ficri
695 1717 819 1809 voluit,
836 1737 869 1792 et
884 1721 1095 1814 peregrinus,
1113 1742 1186 1790 erro
1203 1731 1237 1788 et

127 1847 142 1872 ⁴
191 1830 319 1917 nudus,
333 1847 434 1924 atque
450 1833 485 1900 irr
503 1853 667 1900 carcerem
678 1829 819 1926 conjici,
836 1829 1127 1920 infirmitatemque
1143 1826 1234 1920 pati,

192 1950 232 2006 ut
246 1936 300 2007 vel
314 1939 360 2006 sic
378 1950 413 2006 te
436 1935 622 2006 advocaret.
651 1936 685 2008 Si
700 1936 782 2006 mihi
798 1959 867 2006 non
882 1935 1055 2022 retribuis,
1072 1947 1112 2004 ut
1126 1957 1187 2026 pro
1203 1947 1236 2027 te

192 2065 308 2135 passo,
325 2043 559 2112 misereremei
576 2055 687 2112 tamen
701 2057 835 2136 propter
848 2053 1088 2134 paupertatem.
1104 2039 1138 2111 si
1151 2039 1236 2111 nolis

191 2163 327 2241 propter
344 2163 569 2241 paupertatem
580 2150 738 2236 misereri,
749 2163 884 2242 propter
897 2149 1055 2218 morbum
1070 2145 1124 2218 vel
1135 2169 1237 2240 prop-

191 2269 243 2324 ter
254 2251 418 2326 carcerem
433 2255 586 2325 flectaris.
603 2257 636 2326 si
648 2279 690 2325 ne
705 2257 778 2325 haec
793 2256 930 2349 quidem
944 2255 986 2324 ad
997 2255 1236 2324 humanitatem

191 2363 410 2454 pertrahunt,
438 2383 547 2432 annue
574 2363 618 2431 ob
634 2362 800 2454 petitionis
822 2362 1028 2432 tenuitatem.
1053 2357 1188 2431 Nihila
1203 2373 1237 2430 tc
1271 2394 1273 2400 r

190 2475 423 2562 sumptuosum
444 2482 540 2560 peto,
563 2467 621 2538 sed
636 2491 776 2561 panem,
796 2481 941 2555 tectum,
960 2468 1138 2539 verborum
1152 2489 1236 2538 con-

191 2575 396 2668 solationem.
412 2575 445 2646 Si
457 2578 569 2666 postea
582 2575 691 2645 adhdc
707 2575 800 2646 ferox
814 2599 958 2663 maneas,
973 2573 1088 2646 saltem
1101 2588 1237 2668 propter

191 2701 329 2769 regnum
345 2679 506 2748 coelorum
517 2679 633 2748 melior
648 2683 809 2765 efficiaris,
828 2683 942 2751 saltem
958 2682 1003 2752 ob
1015 2681 1148 2774 praemia
1159 2704 1236 2774 quae

191 2786 337 2878 promisi.
346 2783 471 2854 Venim
484 2807 527 2854 ue
537 2786 659 2855 horum
674 2785 811 2886 quidem
823 2785 926 2854 ullam
937 2789 1098 2862 rationem
1113 2787 1236 2856 habes?
1327 2807 1329 2814 ’

194 2889 317 2960 Saltem
328 2904 463 2982 propter
476 2905 629 2960 naturam
641 2903 675 2958 tc
690 2887 835 2983 frangas,
846 2889 977 2960 nudum
988 2892 1113 2979 videns,
1126 2907 1160 2962 et
1170 2915 1236 2963 me·

192 3009 305 3067 mento
322 2995 481 3068 nuditatis
499 3019 582 3080 ureae
597 2997 633 3065 in
649 3019 769 3084 cruce,
791 3001 892 3092 quam
917 3011 1053 3094 propter
1074 3013 1109 3068 te
1124 3019 1236 3092 passus

192 3123 277 3171 sum.
297 3103 330 3172 Si
344 3102 431 3174 illius
449 3103 554 3190 nolis,
573 3116 606 3173 at
622 3103 714 3174 istius
733 3106 800 3199 qua
815 3118 989 3198 pauperet
1011 3102 1121 3174 nudus
1147 3129 1232 3177 sum.

192 3206 332 3276 Vinctus
343 3220 425 3278 tunc
439 3209 489 3278 fni
505 3223 697 3302 propterte,
715 3227 748 3280 et
763 3213 965 3282 nuncetiam
980 3227 1115 3306 propter
1129 3227 1183 3305 tc3
1197 3227 1236 3283 nt

191 3315 259 3385 sive
285 3312 368 3401 illis,
393 3315 460 3386 sive
478 3317 529 3385 his
546 3331 656 3386 motus
678 3318 835 3404 vinculis,
862 3317 988 3410 aliquid
1006 3320 1259 3390 misericordias«

191 3421 273 3490 mihi
285 3435 440 3514 prestare
454 3420 546 3492 velis.
564 3425 701 3516 JeJ'unns
718 3421 768 3492 sui
780 3437 915 3516 propter
930 3438 986 3511 te,
1004 3425 1116 3496 rursirs
1129 3429 1237 3499 esurio

190 3541 368 3621 propterte
386 3558 394 3599 ε
412 3529 499 3600 sitivi
525 3528 560 3598 in
576 3551 673 3598 cruce
688 3528 857 3623 pendens,
876 3551 935 3623 per
960 3537 1120 3626 pauperes
1147 3557 1237 3606 nunc

191 3636 286 3718 sitio,
302 3649 342 3706 nt
353 3636 407 3707 vel
422 3659 462 3706 ex
472 3635 535 3706 illis
547 3634 601 3705 vel
612 3657 651 3704 ex
668 3638 717 3707 his
733 3652 766 3708 te
783 3636 826 3708 ad
841 3661 895 3708 me
906 3639 1016 3731 ipsum
1030 3639 1189 3730 alliciam,
1203 3655 1238 3713 et

190 3767 252 3837 pro
266 3743 371 3814 salute
386 3747 444 3814 tul
469 3743 652 3836 benignum
667 3757 700 3814 te
716 3745 864 3816 reddam.
885 3747 966 3817 lded
986 3761 1040 3833 te,
1060 3746 1151 3817 mille
1175 3750 1237 3819 de·

134 3935 138 3940 ,
190 3853 340 3922 vinctum
355 3851 540 3940 beneficiis,
559 3852 665 3923 vicem
685 3852 768 3922 mihi
781 3852 942 3946 rependas
959 3876 1040 3946 rogo
1058 3882 1066 3923 :
1081 3876 1151 3925 uon
1166 3861 1237 3927 uta

191 3958 333 4030 debente
349 3957 463 4050 exigo,
482 3959 539 4029 sed
557 3974 593 4031 ut
603 3958 798 4053 largientem
810 3983 954 4050 corono,
972 3975 1006 4030 et
1021 3983 1082 4054 pro
1096 3963 1237 4036 modicis
1342 4047 1344 4055 .
