2930 4582
272 437 336 496 306
394 459 397 465 ·
426 447 605 495 nunnonrct
629 446 655 492 s.
681 445 830 510 nornen,
853 445 933 504 ¹atas
955 449 999 508 11,
1024 448 1107 492 anca.
1134 451 1158 493 1.

269 553 357 637 hinc,
368 550 471 622 altero
484 565 593 621 autem
606 547 698 619 illinc
709 548 751 618 ad
761 549 886 618 caedem
899 526 1140 619 attrabentibus
1148 546 1311 620 infantes?

269 663 489 728 Accurrat-no
504 655 546 726 ad
562 656 673 724 recens
685 669 821 742 natum,
841 657 1019 726 obscurum
1036 655 1145 725 adhirc
1158 669 1191 724 et
1206 655 1310 725 indis-

268 765 410 835 tinctum
424 755 595 856 ploratum·
602 763 827 831 emittentem?
842 766 885 832 At
894 763 1064 832 inhibetur
1074 762 1116 831 ab
1129 763 1233 832 altero
1240 765 1311 856 jbm

267 870 443 965 loquente,
460 892 498 938 ac
512 891 593 938 voce
614 867 813 937 balbutienti
826 883 965 940 matrem
981 892 1058 938 cum
1076 868 1231 958 lacrymis
1244 871 1319 939 im·-

268 977 430 1070 plorante.
458 975 548 1060 Quid
573 978 675 1066 agat?
698 977 766 1068 qub
794 975 934 1046 evadat?
954 979 1022 1070 quo
1049 999 1083 1044 sc
1108 980 1240 1046 vertat?
1267 977 1311 1047 ad

244 1115 246 1126 ⁴
268 1083 374 1154 utrius
382 1103 496 1154 vocem
511 1081 688 1152 clamorem
703 1079 823 1151 referat
835 1085 849 1151 ἱ)
863 1083 971 1152 utrius
985 1082 1121 1172 gemitui
1135 1082 1311 1174 oppleret?

258 1192 375 1261 utrius
393 1190 492 1260 morti
509 1188 792 1278 illacrymabitur,
814 1188 892 1260 cirin
916 1213 954 1260 ex
975 1211 1072 1282 aequo
1097 1203 1226 1259 naturae
1249 1191 1309 1262 sti·

268 1299 365 1368 mulis
380 1299 553 1391 utriusque
568 1299 744 1388 urgeatur¹
757 1300 798 1366 l»
894 1317 896 1322 ¹
1056 1379 1062 1387 Ι

311 1409 379 1476 Nec
392 1427 525 1496 possum
547 1417 730 1500 temperare
751 1403 833 1497 quin
850 1416 883 1472 et
900 1405 986 1473 hanc
1002 1403 1112 1478 adbtic
1127 1403 1216 1474 beati
1231 1407 1308 1474 Gre-

267 1510 350 1602 gorii
364 1511 559 1582 Nazianzeni
574 1509 829 1602 descriptionem
844 1507 983 1578 referam
1000 1561 1009 1596 ,
1025 1512 1093 1603 ‘qua
1114 1511 1160 1580 sic
1175 1512 1222 1581 ob
1231 1535 1309 1592 ocu·

201 1623 204 1627 ’
265 1618 315 1688 los
330 1614 424 1710 ponit
438 1617 705 1688 blachabaeorum
721 1617 833 1685 matris
854 1618 1074 1686 constantiam
1089 1631 1128 1684 ut
1151 1641 1224 1688 eam
1239 1643 1308 1690 non

265 1724 373 1796 solum
385 1737 538 1816 agentem
551 1776 560 1809 ,
575 1723 633 1792 sed
646 1737 680 1792 et
690 1723 882 1816 loquentem
893 1713 1089 1793 ⁴mirabiliter
1102 1723 1260 1796 inducat:

313 1861 329 1899 a
354 1839 396 1903 tt
415 1835 492 1902 verb
507 1827 638 1905 str'enua
653 1847 772 1918 tnater,
795 1847 828 1901 et
850 1833 926 1901 vere
941 1831 1073 1902 illorum
1095 1835 1188 1902 tantt
1201 1849 1234 1903 et
1249 1833 1306 1904 tali

252 1943 387 2010 ¹virtute
411 1938 624 2031 praeditorum
649 1961 782 2028 parens,
805 1937 881 2024 illa,
908 1941 1062 2032 inquam,
1091 1939 1247 2031 praeclara
1272 1955 1307 2010 et

264 2046 473 2138 magnanima
488 2045 575 2137 legis
584 2038 736 2132 alumna,
754 2044 844 2138 priris
867 2047 1002 2140 quidem
1017 2047 1137 2136 gaudio
1153 2047 1253 2117 simul
1268 2071 1306 2119 ac

264 2153 381 2221 timore
397 2152 620 2236 afficiebatur,
639 2165 672 2220 ot
693 2152 787 2223 anxia
798 2151 882 2221 duos
894 2153 979 2222 inter
995 2153 1132 2223 affectus
1143 2155 1303 2231 haerebat.

148 2305 152 2316 ι
264 2263 347 2331 nan
365 2274 403 2328 ut
422 2281 536 2342 corupr
553 2257 768 2343 firrtitudine,
795 2274 895 2354 atque
908 2261 945 2329 iis
960 2285 1036 2354 quae
1051 2261 1227 2348 cernebat,
1246 2263 1307 2332 de·

254 2366 445 2436 :lactabatur
460 2399 468 2456 3
486 2368 531 2435 ita
544 2365 674 2452 nuruis,
690 2367 766 2436 cltm
777 2369 937 2436 incertum
951 2391 1070 2460 pugnae
1084 2385 1242 2440 eventum
1252 2371 1307 2440 in-

256 2474 522 2566 credibilemque
543 2487 783 2556 tormentorum
805 2476 1066 2566 magnitudinem
1082 2500 1194 2546 secum
1209 2501 1306 2571 repu-

263 2595 369 2666 taret,
392 2582 509 2650 timore
528 2581 733 2670 angebatur,
759 2603 797 2650 ac
817 2578 957 2674 proinde
980 2581 1089 2676 pullos
1113 2607 1210 2670 suos,
1235 2607 1306 2656 non

262 2685 355 2764 sectis
368 2699 467 2779 atque
483 2685 627 2772 avicula,
646 2700 818 2778 strepente
842 2713 970 2780 angue,
996 2705 1053 2759 aut
1071 2689 1133 2760 alit
1148 2693 1307 2785 quapiam

261 2793 413 2866 nisidiosat
428 2791 497 2862 tera
510 2847 518 2877 ‚
533 2793 805 2888 circumvolabat,
824 2795 1002 2881 stridebat,
1017 2798 1227 2885 obsecrabat,
1237 2801 1306 2868 una

259 2927 337 2975 oum
353 2904 430 2995 ipsis
446 2902 602 2970 certabat.
618 2901 703 2984 Quid
721 2903 808 2970 enim
824 2904 895 2972 tbm
907 2906 1022 2988 verbo,
1034 2905 1106 2974 tiun
1121 2929 1222 3000 opere
1235 2931 1306 2977 non

245 3013 346 3102 egit,
360 3024 399 3077 ut
411 3007 484 3076 illos
501 3007 542 3076 ad
559 3008 727 3076 victoriam
742 3011 919 3099 paratiores
934 3011 1173 3107 alacrioresque
1189 3013 1306 3084 redde·

78 3127 79 3130 ’
198 3203 199 3208 ¹
263 3120 335 3184 ret?
351 3113 483 3185 Cruoris
499 3127 606 3202 guttas
619 3114 784 3204 rapiebat,
803 3113 987 3208 fragmenta
1002 3120 1231 3189 membrorum
1247 3145 1306 3189 ex·
1352 3117 1358 3121 ’

221 3220 239 3275 s
260 3221 424 3312 cipiebat‚
448 3217 600 3311 reliquias
626 3221 864 3312 venerabatur,
881 3223 971 3292 bunc
996 3223 1188 3314 colligebat,
1207 3225 1305 3295 illum

259 3327 466 3420 porrigebat,
486 3324 586 3393 alium
604 3327 750 3418 parabat.
770 3329 930 3396 Omnibus
944 3330 1146 3400 acclamabat
1162 3362 1169 3402 :
1184 3335 1301 3424 Euge,

259 3433 318 3503 lilii
334 3434 414 3518 mei,
434 3455 539 3524 cuge,
559 3432 683 3501 strenui
703 3435 769 3502 mei
786 3433 921 3524 milites,
939 3457 1039 3527 euge,
1057 3438 1090 3504 in
1110 3440 1303 3531 corporibus

258 3541 363 3610 ferme
377 3531 562 3631 incorporei
576 3570 585 3628 3
602 3561 704 3628 euge,
722 3540 820 3628 legis,
834 3565 991 3634 canaeque
1006 3545 1183 3614 senectutis
1196 3568 1300 3630 meae,

259 3662 360 3739 atque
369 3645 523 3730 civitatis,
542 3667 689 3736 quaeras
712 3645 812 3731 aluit,
834 3647 923 3714 etad
939 3671 1011 3716 earn
1029 3649 1159 3720 virtutis
1172 3652 1302 3741 magni·

260 3753 408 3828 tudinem
423 3751 541 3832 evenit,
554 3749 743 3842 praesidium
759 3777 796 3820 ac
809 3755 1107 3844 propugnaculum.
1123 3757 1301 3826 Paulultm

258 3858 387 3942 atlhitc,
415 3873 448 3925 et
470 3855 618 3925 vicimus.
647 3851 874 3946 Delatigantur
893 3861 1081 3948 carnifices,
1105 3865 1168 3933 boc
1193 3887 1300 3932 unua

168 4050 174 4062 ι
295 3993 303 4018 ¹
323 3987 347 4034 S.
359 3987 456 4048 Gregor.
469 3984 535 4047 Nyso.
551 3983 626 4033 Serm.
641 3983 664 4032 in
676 3985 731 4033 Nat.
750 3983 836 4034 Glrrist.
