2992 4590
280 435 343 496 160
433 444 612 500 nnnuorma
635 446 663 492 s.
688 444 838 509 resnou,
863 443 939 493 atas
961 449 1009 508 11,
1033 445 1119 492 suen.
1144 449 1168 490 1.

278 573 360 642 opus
371 548 528 635 haberet,
545 545 826 642 quemadmodirm
841 570 903 617 nec
917 546 1031 618 labore
1048 559 1183 640 propter
1197 546 1320 635 ingenii

278 655 568 748 magnitudinem,
603 653 648 723 sic
672 666 783 722 tamen
806 668 986 745 utrumque
1017 655 1252 745 conjunxerat,
1280 665 1320 722 ut

276 785 345 834 non
368 762 443 832 satis
462 761 624 854 liqueret,
643 773 718 830 utro
739 761 871 830 nomine
888 759 1110 829 admirabilior
1126 773 1220 830 esset.
1238 759 1319 842 Quis

278 869 314 938 in
329 868 508 953 rhetorica,
522 865 594 953 illa,
619 867 777 960 inquam,
802 866 869 936 vim
888 865 972 956 ignis
995 866 1158 958 spirante,
1176 889 1254 959 cum
1279 889 1318 935 eo

277 974 517 1068 comparandus
532 1027 541 1060 ,
569 974 698 1043 tametsi
713 971 801 1042 illius
816 994 922 1042 mores
943 974 962 1040 a
977 972 1146 1041 rhetorum
1172 971 1319 1042 moribus

277 1080 495 1152 dissiderent?
515 1080 595 1162 Quis
617 1081 653 1148 in
668 1078 892 1168 grammatici,
910 1101 985 1171 quae
1000 1077 1147 1168 linguam
1163 1077 1205 1146 ad
1225 1081 1319 1147 Grac·

279 1188 418 1258 cismum
441 1185 581 1274 format,
603 1185 754 1256 historias
781 1185 925 1276 colligit,
943 1185 1055 1254 metris
1081 1200 1222 1277 praeest,
1244 1210 1318 1256 car·

279 1294 423 1363 minibus
443 1293 531 1383 leges
553 1290 760 1384 praescribit?
788 1292 868 1373 Quis
891 1291 925 1358 in
946 1290 1172 1383 philosophia,
1195 1291 1320 1362 excelsa

279 1398 396 1492 prochl
413 1399 516 1468 dubio
529 1398 673 1482 scientia,
689 1411 722 1465 et
733 1395 862 1464 sursum
883 1395 1063 1488 gradiente,
1081 1397 1148 1468 sive
1163 1421 1235 1472 eam
1247 1422 1321 1490 par·

278 1521 346 1576 tem
368 1519 512 1598 specteS‚
533 1529 609 1598 quae
634 1505 670 1572 in
697 1503 825 1572 actione
843 1516 877 1571 et
892 1502 1113 1595 speculatione
1128 1505 1233 1596 posita
1248 1519 1317 1590 est,

278 1613 345 1684 sive
371 1636 460 1698 eam,
480 1635 555 1706 quac
579 1613 614 1680 in
636 1609 750 1701 logicis
770 1607 1101 1680 demonstrationibus
1116 1625 1175 1679 aut
1189 1613 1321 1704 opposi-

278 1721 424 1790 tionibus
437 1733 471 1788 et
484 1716 782 1787 concertationibus
796 1729 955 1803 versatur,
973 1739 1074 1809 quam
1086 1712 1321 1788 dialecticam

279 1839 419 1916 vocant3
436 1826 471 1894 in
487 1826 553 1917 quai
569 1818 651 1892 adeo
667 1820 831 1915 excelluit,
848 1835 887 1891 ut
901 1823 959 1908 iis,
978 1825 1036 1916 qui
1051 1848 1128 1892 cum
1143 1848 1183 1894 eo
1209 1824 1321 1917 dispu-

279 1933 416 2018 tabant,
431 1929 559 2001 lacilius
580 1943 663 1998 esset
682 1930 700 1997 e
718 1928 913 2015 labyrinthis
928 1952 996 1999 sese
1019 1933 1198 2018 extricare,
1217 1935 1320 2025 quam
1433 1945 1437 1954 '

279 2053 547 2130 argumentorum
571 2039 640 2129 ejus
655 2033 788 2129 laqueos
808 2037 976 2128 effugere,
995 2037 1023 2106 si
1048 2037 1182 2130 quaudb
1198 2062 1248 2108 res
1271 2041 1335 2108 ita,

279 2146 481 2242 postularet?
497 2146 649 2215 Jamverb
675 2143 926 2230 astronomiam,
950 2147 1184 2235 geometriam,
1202 2171 1321 2217 nume-

279 2279 392 2327 rorum
405 2253 631 2346 proportiones
647 2250 805 2320 hactenhs
819 2249 971 2320 didicisse
986 2266 1176 2341 contentus,
1198 2267 1320 2325 utnon

280 2364 322 2433 ab
337 2363 397 2448 iis,
415 2362 472 2454 qui
487 2361 522 2429 in
536 2356 725 2452 hujusmodi
739 2359 838 2427 rebus
852 2358 923 2428 sciti
940 2373 974 2428 et
988 2360 1109 2430 eruditi
1121 2374 1199 2430 sunt
1215 2362 1322 2453 exagi-

240 2516 245 2525 ·
280 2485 425 2560 taretur3
443 2466 606 2562 quidquid
623 2479 801 2559 supererat,
819 2479 858 2535 ut
871 2467 999 2558 pietatis
1015 2467 1196 2538 cultoribus
1211 2467 1320 2539 inhu-

281 2576 442 2671 giserum,
461 2573 676 2664 contempsit,
691 2571 773 2641 adeb
789 2585 846 2657 ut,
861 2571 898 2642 id
908 2572 1000 2666 quod
1012 2573 1130 2664 elegit,
1148 2576 1250 2665 magis
1266 2575 1321 2644 ad-

279 2683 390 2754 mirari
405 2704 442 2751 ac
455 2678 632 2774 praedicare
647 2677 755 2761 liceat,
768 2679 869 2770 qnam
884 2677 976 2771 quod
985 2679 1134 2772 reliquit,
1145 2694 1178 2750 et
1193 2679 1318 2767 rursiu,

279 2793 315 2862 id
330 2788 421 2886 quod
437 2787 579 2882 reliquit,
597 2784 713 2878 majori
728 2784 827 2852 lande
842 2784 971 2871 efferre,
986 2789 1086 2879 quam
1099 2784 1191 2880 quod
1206 2787 1318 2878 elegit.

279 2903 362 2972 Nam
388 2895 602 2978 medicinam,
624 2915 699 2985 quae
720 2889 936 2983 philosophiae
954 2904 988 2960 et
1011 2890 1131 2962 laboris
1146 2907 1245 2987 atque
1266 2894 1322 2962 in-

279 3006 414 3088 dustriae
431 3003 557 3072 fructus
572 3012 637 3084 est,
660 2997 805 3089 corporis
821 2999 977 3082 morbus,
996 3022 1034 3069 ac
1045 3000 1154 3070 morbi
1169 3001 1318 3089 curatio,

279 3111 491 3184 necessariam
511 3107 573 3198 ipsi
589 3102 797 3193 reddiderat,
822 3103 913 3172 unde
929 3127 1081 3192 exorsus,
1099 3106 1141 3176 ad
1162 3109 1239 3177 artis
1254 3110 1320 3178 ha-

278 3221 384 3290 bitum
398 3214 532 3286 tandem
547 3211 706 3305 pervenit.
716 3214 799 3279 Eam
811 3213 910 3303 porrb
924 3212 1002 3281 artis
1017 3219 1143 3304 partem
1154 3215 1317 3307 intelhgo,

252 3361 253 3368 ¹
279 3351 348 3398 non
367 3347 443 3419 quae
463 3321 549 3392 circi
569 3318 740 3412 perspicua
764 3316 932 3411 oculisque
959 3319 1107 3413 subjecta
1132 3336 1166 3392 et
1180 3323 1320 3393 humilia
1380 3327 1382 3334 ’

278 3447 448 3519 versatur,
471 3427 529 3500 sed
551 3451 627 3522 quas
649 3425 684 3494 in
706 3424 855 3495 doctrina
877 3440 911 3495 et
932 3426 1139 3520 philosophiis
1157 3431 1318 3512 consistit.

281 3541 345 3616 Sed
360 3537 442 3636 quid
462 3539 556 3622 haec,
575 3533 701 3605 tametsi
724 3556 843 3624 magna
858 3546 891 3602 et
906 3533 1077 3626 praeclara,
1096 3537 1123 3605 si
1145 3561 1221 3608 cum
1244 3562 1321 3609 mo·

279 3675 354 3723 rum
369 3649 457 3720 illius
468 3643 622 3743 ,doctrina
637 3641 873 3711 conferantur?
889 3643 954 3725 Qui
968 3642 1097 3713 virtutis
1113 3645 1214 3738 ipsius
1230 3648 1322 3740 peri-

278 3759 392 3828 culum
409 3754 578 3834 fecerunt,
601 3747 747 3818 Minoem
771 3746 866 3816 illum
885 3771 922 3816 ac
943 3748 1234 3823 Rhadamanthum
1258 3777 1322 3846 pro

278 3865 374 3955 nugis
388 3861 535 3943 habent,
559 3878 642 3948 quos
659 3855 759 3945 pratis
776 3853 953 3946 asphodelo
978 3855 1123 3946 refertis,
1143 3873 1176 3929 et
1195 3861 1321 3952 campis

277 3970 396 4063 Elysiis
414 3966 519 4041 Graeci
533 3963 704 4039 donandos
719 3960 887 4034 duxerunt
899 4015 909 4051 ,
923 3963 1064 4056 paradisi
1074 3964 1227 4040 videlicet
1237 3991 1320 4040 nos-
