2930 4582
209 431 312 479 orror
335 437 381 480 vr.
400 434 441 479 nu
458 433 614 478 ιιιιιιοιιο
637 434 673 478 ιιι
695 399 903 480 couciorrmus
926 427 1092 480 ιιιιιιιιιι.
1118 411 1184 480 269

144 537 288 606 rectione
297 536 417 606 Christi
428 535 623 628 praedictum
636 547 736 626 atque
744 533 945 626 completum
955 550 1015 621 est,
1026 535 1185 630 loquente

145 641 272 713 Psalmo
291 667 329 711 ex
344 644 485 713 Personat
500 644 586 736 ejus,
603 640 692 732 priris
714 640 756 708 de
776 641 932 710 traditore
947 655 980 712 et
994 657 1185 734 persecuto·
1242 623 1255 653 ’

144 749 234 818 ribus
249 749 320 842 ejus
337 779 345 818 :
358 745 659 846 Egrediebnntui
658 742 774 844 foreis
788 760 823 815 et
835 745 1074 838 loquebantur
1080 747 1188 819 simul

145 855 182 924 in
205 879 315 924 unum
324 886 342 940 ,·
358 853 551 925 adversum
572 877 632 922 me
651 850 893 922 susurrabant
903 875 1028 924 omnes
1051 855 1188 924 inimici

144 963 226 1048 mer',
248 959 442 1031 adversum
468 967 526 1030 nie
548 956 762 1055 cogitabant
782 957 884 1028 muln
909 957 1017 1047 milri,
1039 959 1187 1030 verbum

144 1067 306 1160 iniquum
317 1065 570 1160 disposuerunt
584 1062 775 1136 adversum
789 1070 878 1136 me¹.
897 1066 971 1153 Ubi,
987 1081 1025 1138 ut
1038 1067 1187 1138 ostende·

144 1187 194 1242 ret
213 1173 297 1242 nihil
322 1197 377 1242 eos
403 1172 542 1242 valuisse
558 1170 737 1242 occidendo
753 1188 1026 1260 resurrecturum,
1049 1175 1188 1266 subjecit
1266 1159 1270 1168 ’

144 1295 245 1374 atque
261 1281 308 1348 ait
328 1309 335 1349 :
350 1277 394 1351 N
393 1265 615 1371 umqur'dqui
624 1276 757 1348 dormit
767 1304 840 1350 non
853 1277 1004 1378 adjiciet
1019 1295 1059 1350 ut
1073 1306 1189 1352 resur⁴

143 1381 240 1484 gat?
255 1390 299 1455 Et
314 1386 414 1479 pauld
430 1400 519 1478 post,
537 1386 614 1455 erim
630 1385 672 1455 de
687 1387 758 1478 ipso
773 1410 833 1457 suo
853 1388 1009 1458 traditore
1024 1411 1083 1482 per
1095 1412 1187 1458 eam-

146 1491 224 1560 dem
240 1493 447 1583 Prophetiam
465 1489 676 1584 praedixisset,
693 1492 785 1584 quod
800 1494 836 1561 in
854 1493 1034 1584 Evangelio
1054 1495 1187 1587 quoque

147 1598 361 1690 scriptumest
376 1626 383 1666 :
404 1597 480 1691 Qui
486 1592 617 1665 edebat
623 1620 742 1689 panes
755 1621 865 1685 meos,
876 1597 1067 1691 ampliavit
1081 1623 1190 1692 super

144 1727 204 1772 me
218 1701 464 1791 calcaneum,
477 1704 541 1772 hoc
557 1717 616 1788 est,
630 1703 836 1774 conculcavit
848 1729 922 1795 me,
937 1705 1095 1775 continui)
1110 1707 1187 1775 sub-

144 1811 252 1880 didit:
272 1810 329 1881 Tu
345 1826 480 1896 autem,
493 1809 662 1897 Domine,
677 1812 846 1880 miserere
862 1817 943 1897 mci,
962 1825 997 1881 et
1013 1815 1188 1883 resuscita

144 1941 228 1996 me,
256 1932 291 1986 et
315 1915 470 1987 reddam
492 1914 562 1986 illis
587 1918 610 1984 ³.
643 1917 821 2010 Impletum
848 1932 896 1987 est
922 1919 1002 2009 hoc,
1034 1919 1190 1990 dormivit

144 2025 295 2094 Christus
310 2038 344 2092 et
355 2022 530 2114 evigilavit,
554 2024 617 2093 hoc
636 2037 696 2110 est,
714 2025 874 2110 surrexit,
888 2027 946 2119 qui
969 2049 1028 2118 per
1039 2026 1189 2095 eamdem

145 2132 358 2223 Prophetiam
373 2131 409 2199 in
425 2130 490 2198 alio
512 2129 641 2201 Psalmo
662 2131 706 2200 ait
729 2161 737 2200 :
759 2130 845 2226 Ego
865 2125 1019 2203 dormiri
1036 2146 1072 2202 et
1093 2157 1189 2203 som-

144 2261 234 2306 num
250 2237 353 2328 cepi,
372 2249 407 2304 et
421 2238 614 2326 exterreret,
632 2236 806 2325 quoniam
820 2236 999 2307 Dominus
1022 2240 1191 2330 suscipiet

144 2345 236 2413 meh
246 2343 369 2412 Verum
378 2343 442 2412 hoc
450 2365 519 2411 nou
526 2341 662 2428 vidistis,
680 2344 735 2410 sed
751 2343 868 2412 videtis
879 2345 947 2435 ejus
960 2343 1136 2414 Ecclesiam
1147 2344 1190 2412 de

144 2451 215 2544 qual
232 2449 382 2518 similiter
402 2448 526 2521 dictum
552 2462 585 2518 et
608 2448 782 2541 impletum
805 2463 853 2519 est
879 2479 887 2518 ι
909 2449 1067 2520 Domine
1089 2449 1191 2520 Deus

145 2580 249 2626 meus
266 2553 321 2625 ad
346 2569 520 2650 tegentes
535 2555 679 2624 uenient
694 2552 743 2624 ab
765 2569 927 2624 extremo
943 2570 1065 2644 terroe,
1082 2571 1117 2628 et
1135 2553 1191 2626 di-

145 2677 247 2733 cent:
259 2661 301 2732 V
299 2662 358 2730 ere
371 2659 566 2730 mendacia
579 2659 768 2751 coluerunt
774 2677 901 2753 patres
916 2665 1033 2734 nostri
1044 2658 1153 2733 simul
1179 2705 1190 2719 ·

145 2795 230 2856 cra,
249 2783 284 2838 et
295 2792 368 2838 non
381 2781 435 2837 est
450 2769 487 2836 in
503 2764 573 2836 illis
588 2765 727 2836 utilitas
741 2771 765 2835 ⁵.
787 2772 857 2836 lloo
872 2770 959 2837 certe
970 2761 987 2854 ,¹
1001 2772 1068 2839 sive
1084 2771 1190 2840 velitis

145 2876 218 2945 sive
234 2874 355 2960 nolitis,
374 2874 514 2967 aspicitis
527 2905 536 2962 3
549 2873 675 2942 etiamsi
696 2872 804 2942 adhlrc
819 2872 963 2966 aliquam
978 2875 1100 2967 putatis
1123 2899 1191 2945 esse

145 2981 205 3052 vel
219 2979 318 3050 fuisse
337 2981 373 3049 in
394 2979 573 3050 simulacris
596 2977 788 3066 utilitatem,
807 2981 894 3050 certe
911 2994 1020 3050 tamen
1036 2981 1191 3051 innume-

147 3111 204 3157 ros
217 3087 365 3178 gentium
377 3085 518 3179 populos
534 3085 671 3170 relictis,
697 3085 750 3155 vel
766 3086 919 3179 abjectis,
944 3087 998 3156 vel
1020 3087 1194 3158 confractis

147 3192 342 3286 hujusmodi
358 3192 569 3278 vanitatibus,
587 3193 721 3261 audistis
737 3191 845 3261 dicere
861 3222 868 3262 :
887 3192 930 3264 V
928 3194 987 3263 ere
999 3193 1194 3264 urendacia

150 3298 339 3370 coluerunt
353 3298 488 3368 Patres
497 3300 614 3368 nostri
627 3297 837 3382 simulacra,
857 3313 892 3367 et
908 3315 1047 3370 nonest
1066 3304 1103 3370 in
1123 3300 1178 3370 illi

151 3405 292 3476 utilitas
298 3437 316 3491 ,·
338 3407 372 3475 si
379 3404 505 3501 faciet
520 3401 627 3472 homo
643 3402 749 3489 deos,
773 3417 807 3472 et
824 3427 907 3472 ecce
926 3405 998 3496 ipsi
1017 3429 1090 3475 non
1112 3421 1195 3476 sunt

152 3513 245 3583 dii...
264 3517 343 3584 Non
361 3510 486 3583 vidistis
503 3512 594 3604 quod
617 3508 813 3602 praedictum
837 3523 871 3578 et
892 3509 1065 3602 impletum
1085 3526 1134 3581 est
1153 3512 1195 3581 de

153 3619 341 3690 ascensione
359 3617 480 3688 Christi
511 3646 518 3687 :
539 3614 729 3687 Exultnre
743 3640 852 3708 super
865 3614 975 3686 coelos
996 3616 1098 3688 Deus
1106 3649 1124 3703 ,·
1138 3617 1196 3688 sed

191 3793 200 3820 ¹
214 3785 276 3842 Psal.
287 3802 325 3849 ιι,
338 3801 351 3850 7
366 3791 468 3854 etseqq.
483 3811 514 3820 -
530 3793 541 3822 ²
562 3783 623 3834 lbid.
638 3798 687 3850 103
701 3790 727 3836 et
743 3787 812 3838 Joan.
830 3799 880 3849 xm,
898 3783 938 3837 ιθ.
958 3809 992 3821 -
1013 3781 1144 3851 ³Psal.xr‚
1154 3801 1193 3838 ιι.

129 3869 133 3878 ⁴
154 3869 212 3921 -lr
222 3873 257 3924 ld.
269 3890 309 3938 ιιι,
319 3870 346 3922 6.
357 3867 409 3908 -5
422 3873 513 3923 Jerem.
527 3887 629 3938 xvr,19.
1052 3861 1054 3865 ¹
