2992 4590
256 365 320 430 164
354 394 357 398 ·
402 379 582 430 narramur
604 372 635 430 s.
657 379 810 448 sarnum,
834 378 912 430 raas
935 386 982 446 11,
1006 383 1092 430 sacr.
1117 386 1142 426 1.

253 482 503 570 contemnebat,
519 479 636 576 utpote
650 483 708 575 qui
727 483 922 554 sententiam
936 484 1041 570 hanc,
1059 511 1076 550 a
1092 479 1212 553 Modus
1227 502 1300 551 om·

254 588 305 658 nis
324 589 486 682 optimus,
505 607 522 656 a
540 588 697 682 imprimis
719 587 927 676 laudaverit,
943 611 981 660 ac
997 612 1056 683 per
1072 610 1203 659 ornnem
1222 587 1299 658 vitae

253 718 388 766 cursum
420 695 652 768 observaverit.
686 699 758 788 Ego
784 708 912 784 tamen,
937 697 1086 790 utrisque
1109 693 1296 788 perpensis,

253 801 372 896 nempe
385 815 418 872 et
431 803 488 891 iis,
501 803 561 898 qui
575 801 743 872 brevitatis
758 802 915 872 nimirirm
929 790 1066 872 studiosi
1081 815 1176 887 sunt,
1190 813 1224 870 et
1238 799 1297 886 iis,

252 908 313 1004 qui
323 907 417 1004 nulla
431 909 578 982 oratione
589 908 726 979 saturari
737 922 886 1002 possunt,
899 909 990 978 hunc
1004 907 1074 978 fere
1090 905 1221 978 dicendi
1232 929 1301 991 rno-

255 1015 337 1086 dum
351 1017 483 1087 tenebo.
502 1016 568 1087 Alii
585 1016 649 1086 alio
660 1015 806 1110 quodam
821 1017 951 1088 vlrtutis
971 1015 1081 1086 officio
1101 1013 1298 1107 funguntur.

252 1121 413 1196 Nonnulli
436 1123 536 1193 etiam
560 1144 601 1191 ex
627 1121 779 1214 pluribus
800 1123 931 1194 virtutis
951 1121 1125 1215 generibus
1147 1119 1300 1215 quaedam

253 1239 486 1322 assequuntur.
503 1231 607 1300 Nemo
619 1241 730 1298 autem
741 1241 802 1316 est,
814 1229 873 1323 qui
886 1251 945 1322 per
957 1229 1068 1300 omnia
1080 1227 1124 1298 ad
1134 1251 1301 1298 summurn
1369 1267 1373 1272 ·

253 1335 360 1430 usque
380 1350 540 1426 grassatus
554 1336 607 1422 sit,
622 1358 738 1406 eorum
754 1334 889 1429 quidem
908 1336 1009 1421 certe,
1033 1336 1092 1430 qui
1112 1335 1208 1405 nobis
1230 1334 1302 1404 noti

254 1457 343 1519 sunt.
367 1443 493 1514 Verirm
507 1443 541 1512 'is
563 1441 653 1536 apud
677 1467 737 1514 nos
758 1445 1044 1536 praestantissimus
1063 1456 1131 1530 est,
1157 1441 1232 1536 qui,
1248 1439 1303 1513 vel

254 1551 356 1644 quam
377 1549 520 1642 plurima
534 1549 740 1642 praestiterit,
758 1549 812 1620 vel
838 1573 942 1619 unum
969 1550 1070 1644 quam
1095 1547 1235 1618 maxime
1269 1560 1304 1616 et

253 1656 529 1750 praestantissime.
544 1656 595 1727 ‘At
610 1655 747 1726 Basilius
761 1656 808 1725 ita
823 1657 932 1726 omnia
946 1656 1142 1749 peragravit,
1157 1654 1247 1724 utin
1262 1677 1304 1724 eo

255 1763 368 1856 gloriae
384 1765 554 1842 materiam
566 1763 753 1858 quaesivisse
769 1777 886 1844 natura
901 1761 1063 1833 videatur.
1076 1760 1116 1832 Id
1131 1776 1242 1832 autem
1255 1762 1302 1832 sic

254 1869 500 1964 perspiciamus.
517 1861 647 1939 laudat
666 1869 830 1963 quispiam
850 1869 1091 1962 possessionum
1110 1869 1301 1961 penuriam,

254 1979 425 2072 vitamque
443 1975 653 2072 supellectilis
675 1990 861 2070 expertem,
880 1991 914 2046 et
935 1977 1182 2072 supervacaneis
1205 1977 1305 2047 rebus

256 2087 414 2157 vacuam?
437 2083 491 2154 llli
505 2083 583 2155 vero
603 2083 687 2176 quid
707 2085 855 2178 unquam
875 2080 955 2171 fnit,
973 2071 1092 2178 praeter
1108 2109 1243 2178 corpus,
1266 2107 1305 2155 ac

255 2191 437 2264 necessaria
461 2192 567 2274 carnis
589 2191 836 2284 integumenta?
858 2192 986 2262 Divitiae
1005 2206 1116 2262 autern
1138 2191 1187 2262 illi
1212 2205 1307 2262 erant

256 2299 342 2371 nihil
356 2298 496 2386 habere,
515 2311 550 2368 et
564 2321 667 2386 crux,
684 2321 761 2368 cum
781 2299 849 2392 qua
863 2297 932 2368 sold
950 2299 1050 2392 ipsius
1070 2300 1137 2370 vita
1152 2299 1307 2370 versaba-

258 2421 334 2496 tur,
352 2421 386 2477 et
409 2427 510 2499 qnam
532 2405 702 2498 majoriis
723 2406 829 2498 pretio
853 2407 1017 2495 habebat,
1040 2409 1141 2501 quarn
1156 2407 1307 2500 ingentes

258 2513 410 2609 pecuniae
419 2535 561 2582 acervos.
574 2515 690 2605 Neque
704 2511 792 2582 enim
804 2517 1016 2608 quemquam,
1028 2515 1154 2584 etiarnsi
1165 2515 1307 2584 maxime

177 2654 183 2659 ·
260 2620 393 2714 cupiat,
417 2619 528 2689 omnia
551 2617 686 2711 adipisci
706 2641 819 2712 posse,
842 2642 937 2712 posse
958 2633 1068 2690 autem
1092 2621 1203 2697 omnia
1222 2643 1307 2691 con-

261 2743 421 2814 temnere,
432 2727 544 2820 sicque
557 2726 712 2825 omnibus
722 2726 1088 2820 rebus‘praestantiorem
1098 2750 1132 2796 se
1143 2729 1304 2820 praebere.

263 2837 333 2909 Halo
356 2835 456 2931 porrd
480 2848 594 2909 mente¹
610 2831 784 2927 praeditus,
806 2848 906 2926 atque
929 2834 976 2904 ita
1000 2841 1238 2928 comparatus,
1251 2837 1309 2906 aral

263 2945 399 3040 quidem
415 2966 498 3036 opus
518 2965 587 3014 non
601 2940 719 3010 habuit
731 2963 819 3032 ,nec
840 2940 930 3010 inani
953 2939 1071 3032 gloria,
1090 2965 1151 3012 nec
1170 2941 1308 3034 publico

263 3051 323 3124 illo
349 3048 515 3145 praeconio
540 3075 548 3118 ε
569 3073 585 3112 a
605 3048 717 3116 Grates
746 3049 910 3116 Gratetem
937 3049 1132 3119 Thebanum
1154 3047 1309 3119 libertate

100 3181 106 3190 ’
212 3236 214 3239 ,
265 3161 407 3230 donat.»
421 3159 497 3226 Non
508 3152 596 3220 enirn
608 3151 751 3244 optimus
763 3151 878 3239 videri,
893 3151 951 3222 sed
966 3177 1045 3242 esse,
1056 3155 1221 3226 studebat.
1239 3160 1309 3228 Nec

246 3285 249 3289 ’
264 3267 344 3342 verb
356 3266 392 3334 in
403 3261 505 3348 dolio,
516 3273 616 3354 atque
629 3260 666 3329 in
681 3259 791 3332 medio
803 3259 875 3336 foro
884 3261 1072 3350 habitabat,
1086 3279 1125 3334 ut
1140 3263 1231 3358 apud
1240 3287 1310 3335 om·

265 3399 324 3448 nes
339 3373 454 3442 luxum
468 3391 506 3438 ac
521 3365 652 3438 delicias
665 3367 728 3437 sibi
745 3383 964 3460 compararet,
983 3371 1129 3464 inopiam
1147 3373 1182 3442 in
1197 3395 1311 3442 rerum

206 3502 210 3516 '
266 3481 396 3574 copiam
415 3497 507 3574 novo
523 3473 623 3543 modo
648 3488 841 3544 convertens
859 3504 867 3544 ι
885 3475 1001 3546 veriam
1022 3477 1064 3546 ab
1086 3477 1177 3548 omni
1196 3477 1310 3570 gloriae

267 3583 447 3680 cupiditate
467 3581 603 3668 alienus,
621 3603 745 3673 pauper
760 3595 830 3650 erat
844 3595 878 3652 et
898 3581 1060 3674 incultus3
1083 3587 1311 3678 atqucromni-

238 3692 241 3699 ’
267 3695 331 3764 bus
355 3688 583 3773 facultatibus,
611 3709 692 3779 quas
710 3690 857 3780 unquam
876 3688 1051 3775 habuerat,
1077 3715 1174 3784 aequo
1197 3692 1309 3762 anirno

202 3827 208 3834 ·
268 3800 439 3896 projectiS,
453 3796 568 3864 leviter
583 3793 744 3887 lacilbque
759 3797 835 3864 vitae
850 3795 983 3886 pelagus
1001 3800 1249 3869 transmittebat.

325 3935 340 3974 a
366 3903 567 3977 Admiranda
592 3927 641 3972 res
673 3903 894 3989 continentia,
922 3919 955 3973 ct
981 3927 1081 3998 parvo
1113 3923 1310 3980 contentum
