2984 4580
304 424 369 490 402
455 437 683 508 sennonteus·
708 437 862 502 terruit,
887 405 1035 502 etus-11,
1059 441 1144 491 ster·
1170 445 1195 490 ι.

299 543 386 616 suasi
399 541 544 631 fuerint,
562 555 597 614 et
611 542 655 614 de
666 541 778 634 seipsis
794 537 883 612 etde
895 541 992 614 nobis
1007 541 1093 615 bend
1106 537 1347 615 merebuntur:

181 701 192 726 ¹·
300 653 329 722 si
343 674 412 724 nou
433 650 558 724 fuerint
569 649 719 744 'persuasi
735 647 936 742 supplicium
951 649 1014 722 sibi
1030 663 1196 724 accerseut
1214 651 1350 724 inevita-

300 755 385 844 bile,
407 758 505 828 nobis
524 771 636 828 autem
651 779 693 828 ne
708 754 874 826 tantillirm
889 757 1025 851 quidem
1037 780 1157 830 nocere
1175 770 1347 850 poterunt.

302 863 399 948 Quod
413 865 501 938 enim
516 865 619 937 nostri
632 864 778 938 muneris
792 860 876 951 fuit,
897 863 1128 958 praestitimus,
1146 863 1225 934 crim
1239 865 1350 936 consi·

301 967 383 1043 lium
395 968 582 1044 dederimus
595 1000 603 1044 ι
617 971 710 1066 quod
724 971 752 1042 si
763 971 907 1063 persuasi
921 994 991 1047 non
1011 968 1154 1058 luerint,
1171 971 1255 1042 nihil
1271 970 1349 1042 inde
1393 982 1396 988 ’

301 1101 475 1170 possennus
495 1100 612 1170 capere
627 1077 829 1150 detrimenti.
849 1077 1020 1171 Siquidem
1039 1079 1167 1151 crimen
1186 1091 1257 1165 est,
1282 1081 1350 1148 hon

301 1185 328 1254 si
346 1185 481 1256 minime
496 1183 709 1278 persuaseris,
726 1181 785 1256 sed
800 1183 826 1258 si
842 1183 979 1256 minime
998 1183 1175 1256 consilium
1189 1182 1318 1256 dederis
1337 1212 1345 1257 r

301 1291 361 1362 ubi
374 1293 452 1362 verb
466 1291 695 1365 cohortatione
717 1289 921 1385 consilioque
943 1290 1347 1386 conunuofrequentique

302 1395 469 1490 perfuncti
489 1395 668 1484 fuerimus,
690 1419 759 1468 non
774 1398 844 1490 jem
858 1397 1005 1484 anobis,
1029 1397 1087 1470 sed
1102 1399 1144 1469 ab
1164 1397 1229 1468 illis
1247 1398 1348 1468 ratio

301 1508 473 1574 nemDeus
482 1503 600 1598 exiget.
613 1501 742 1574 Vellem
751 1502 907 1596 equidem
917 1503 1089 1578 evidenter
1102 1526 1198 1576 nosse
1207 1527 1266 1588 ros
1274 1502 1347 1575 illos

301 1609 428 1684 assidue
440 1613 644 1684 cohortanho
662 1633 880 1704 perseverare,
896 1625 934 1684 'et
950 1611 1035 1682 nirm
1046 1611 1207 1684 ineddem
1220 1621 1347 1706 semper

299 1717 349 1788 illi
375 1717 575 1812 negligentiis
597 1719 791 1812 persistant,
815 1743 876 1792 nec
902 1721 1026 1812 unqhm
1050 1719 1145 1790 vobis
1164 1718 1346 1790 molestiam

301 1825 582 1919 exhiberemrjim
590 1827 823 1898 rerotimeone
834 1827 963 1898 inertiae
972 1826 1335 1921 incuriaequevestrarvi

303 1932 350 2004 tio
360 1946 515 2002 maneant
523 1933 708 2004 incorrecti.
720 1935 835 2025 Neque
844 1932 934 2004 enim
944 1932 1017 2004 [ieri
1030 1946 1150 2025 potest,
1162 1947 1202 2003 ut
1222 1933 1346 2028 quico-

301 2039 493 2109 hortatione
508 2038 724 2131 doctrinaque
741 2036 931 2131 frequenter
940 2039 1083 2125 fruatur,
1095 2038 1211 2111 melior
1218 2040 1346 2112 studio-

300 2146 431 2238 siorque
441 2146 585 2238 nonfiat.
600 2149 648 2216 hc
659 2143 795 2236 vulgare
807 2144 946 2238 quidem
962 2159 1011 2218 est
1024 2145 1110 2216 illud
1120 2146 1345 2238 proverbium,

325 2249 393 2322 uod
406 2251 554 2324 dicturus
564 2275 650 2338 sum,
661 2253 965 2324 verumtamenhoc
980 2253 1090 2345 ipsum
1105 2265 1255 2326 testatur.
1276 2253 1348 2324 Stil-

299 2277 370 2430 lula
385 2360 486 2446 enim,
496 2360 619 2453 inquit,
636 2357 744 2430 mollis
764 2383 859 2453 aquae
877 2383 990 2430 saxum
1008 2359 1138 2432 assiduo
1154 2375 1250 2432 cavat
1264 2361 1343 2432 ictu.

294 2461 441 2538 'Tametsi
452 2467 535 2560 quid
546 2468 631 2560 aqui
643 2465 797 2538 mollius?
812 2465 979 2560 quidsaro
988 2467 1127 2538 durius?
1143 2481 1291 2540 attamen
1300 2493 1347 2540 as-

301 2572 437 2644 siduitas
449 2587 600 2642 naturam
612 2573 726 2642 vineit.
740 2573 840 2656 Qubd
851 2573 877 2642 si
888 2587 1042 2644 naturam
1052 2575 1155 2647 vincit
1165 2575 1345 2663 assiduitas,

299 2677 408 2777 multb
423 2677 525 2770 magis
541 2676 748 2750 voluntatem
765 2681 888 2772 poterit
902 2704 1068 2773 superare.
1090 2686 1165 2755 Non
1178 2681 1280 2754 ludus
1300 2697 1346 2754 est
1428 2681 1430 2686 ’

301 2786 586 2873 Christianismus,
604 2784 740 2872 Dilecti‚
765 2810 826 2858 nec
842 2811 892 2858 res
906 2812 1158 2882 supervacanea.
1180 2791 1347 2863 uouunuo

303 2891 365 2966 ista
379 2892 520 2971 dicimus
532 2906 592 2990 ‚let
607 2893 691 2962 nihil
704 2895 904 2985 proficimus.
1063 2883 1070 2892 ⁹

346 3028 363 3068 rr
375 3004 544 3086 Quantum
561 2999 640 3069 mihi
658 3001 795 3070 censetis
810 3001 959 3072 dolorem
971 3002 1071 3090 inuri,
1095 3002 1173 3074 ciem
1188 2997 1370 3076 recordor*

180 3142 181 3145 ¹
298 3105 388 3176 lestis
409 3105 545 3200 quidem
576 3103 694 3176 diebus
727 3120 817 3176 vasta
841 3109 940 3178 maris
969 3132 1103 3202 aequora
1132 3109 1347 3182 collectarum

299 3211 413 3282 turbas
428 3210 560 3297 imitari,
567 3212 637 3302 jhm
651 3212 730 3282 verb
744 3235 786 3282 ne
798 3215 986 3308 quotamvis
1003 3214 1140 3308 quidem
1151 3230 1283 3310 partem
1294 3219 1347 3288 hic

298 3315 386 3400 illius
401 3315 623 3388 multitudinis
639 3321 858 3411 congregari?
874 3321 939 3391 Ubi
955 3345 1045 3396 nune
1060 3337 1158 3410 sunt,
1176 3325 1236 3418 qui
1251 3325 1348 3396 nobis

300 3425 335 3496 in
350 3425 612 3499 solemnitatibus
634 3426 819 3500 molestiam
842 3429 1017 3500 exhibent?
1039 3429 1118 3501 Illos
1134 3432 1297 3524 requiro,
1315 3445 1348 3502 et

299 3532 434 3606 illorum
449 3535 546 3606 causei
561 3533 676 3624 lugeo,
694 3533 775 3606 ditm
791 3537 876 3606 mihi
887 3537 978 3608 venit
993 3539 1029 3608 in
1037 3553 1183 3610 mentem
1196 3591 1205 3626 ,
1219 3553 1346 3634 quante

300 3655 412 3735 pereat
428 3664 542 3712 eorum
554 3640 748 3727 multitudo,
762 3642 820 3734 qui
836 3642 917 3714 salvi
928 3658 1038 3731 erant,
1051 3659 1210 3739 quantam
1226 3645 1345 3718 faciam

300 3748 440 3824 fratrum
450 3751 635 3844 jacturam,
653 3751 753 3842 quim
775 3751 932 3844 exiguum
948 3753 982 3820 in
997 3776 1171 3824 numerum
1188 3753 1344 3847 redigan-
1363 3793 1369 3800 ·

300 3870 367 3942 tur,
381 3859 438 3952 qui
451 3857 591 3930 salutem
604 3856 847 3950 adipiscuntur,
863 3872 903 3934 ut
912 3861 1018 3954 major
1032 3885 1107 3954 pars
1118 3863 1264 3956 eorporis
1280 3867 1344 3934 Ee-

301 3963 406 4035 elesiae
421 3969 552 4035 mortuo
564 3979 597 4034 et
612 3965 772 4036 immobili
790 3967 918 4058 corpori
931 3967 1138 4040 assimiletur.
1153 3969 1244 4053 Quid
1259 3969 1343 4042 illud
