2984 4580
267 403 333 467 too
422 417 600 466 nannomet
624 416 651 463 s.
677 415 825 481 rtrnuar,
851 417 926 466 stes
949 419 1101 480 ωηατ.
1126 420 1151 462 1.

207 593 209 597 ,
266 505 436 613 oporteat,
453 518 647 589 ‘absentium
665 519 849 602 occasione,
870 531 1068 610 praesentes,
1091 530 1131 588 ut
1148 515 1214 586 suis
1228 537 1303 585 rur·

267 627 341 698 sirm
367 627 499 697 monitis
526 624 569 696 ad
584 623 768 705 sermonem
793 624 960 697 adducant
979 649 1055 714 eos,
1087 625 1146 722 qui
1167 621 1305 697 verbum

266 733 326 806 Dei
338 747 587 804 contemnentes
600 731 767 804 declinant
782 763 790 803 ι

314 870 331 907 o
355 839 459 927 Nihil,
486 855 524 910 ut
541 838 695 928 videor,
717 839 813 910 nobis
835 836 982 933 proluit,
1009 837 1102 931 quod
1123 859 1307 908 sermonem

267 949 353 1018 bene
369 948 507 1040 longum
531 969 638 1042 nuper
660 947 891 1035 habuerimus,
908 961 948 1018 ut
962 961 1107 1018 vestrum
1129 946 1173 1016 ad
1187 945 1310 1018 collec-

268 1068 319 1125 tas
333 1053 487 1126 veniendi
502 1052 649 1126 studium
667 1054 892 1124 excitaremus.
911 1052 1036 1124 Rursirs
1056 1055 1146 1124 enim
1159 1053 1253 1124 vobis
1266 1053 1309 1122 fi-

268 1161 320 1233 liis
342 1162 408 1232 suis
427 1161 575 1232 Ecclesia
596 1161 753 1232 destituta
770 1176 819 1231 est
836 1191 844 1232 :
862 1185 930 1256 quo
951 1161 1003 1252 srt,
1026 1173 1065 1234 ut
1077 1161 1189 1231 rursirs
1210 1161 1309 1230 etiam

270 1270 376 1363 gravis
391 1291 428 1338 ac
443 1267 600 1350 molestus
614 1269 719 1339 videri
735 1293 847 1362 cogar,
865 1269 934 1340 sive
943 1269 1024 1339 diam
1052 1282 1228 1362 praesentes
1243 1293 1311 1340 cas·

270 1378 359 1469 tigo,
377 1375 445 1446 sive
460 1369 542 1444 ditm
557 1376 708 1446 absentes
719 1375 925 1469 reprehendo
940 1405 949 1446 ι
964 1374 1038 1446 illos
1053 1375 1206 1470 quidem,
1220 1375 1314 1470 quod

271 1483 437 1578 pigritiam
448 1505 517 1552 nou
531 1483 746 1570 excusserint,
759 1506 818 1554 vos
827 1484 906 1553 verb
917 1480 1009 1576 quod
1020 1483 1160 1553 salutern
1174 1482 1315 1555 fratrum
1345 1489 1349 1498 '

263 1605 342 1662 'nou
357 1589 488 1660 curetis.
508 1590 621 1660 Gravis
637 1613 675 1660 ac
690 1589 846 1660 molestus
857 1587 963 1660 videri
974 1611 1086 1683 cogor,
1099 1613 1168 1662 uon
1180 1589 1316 1660 meivcl

273 1721 422 1769 mearum
435 1698 686 1791 possessionum,
699 1699 872 1768 sedvesno
882 1698 1061 1793 salutisque
1071 1715 1188 1771 vestrae
1203 1701 1313 1784 causti,

274 1805 341 1900 qud
356 1803 437 1874 mihi
451 1803 536 1874 nihil
555 1817 604 1878 est
625 1803 803 1899 antiquius.
821 1806 922 1897 AEgre
938 1803 1033 1893 lerat,
1055 1809 1113 1900 qui
1124 1811 1232 1894 volet,
1251 1809 1316 1877 im-

243 2007 247 2016 ·
273 1925 457 2006 portunum
472 1911 767 2005 impudentemque
781 1911 940 2004 appellet,
958 1935 1019 2006 ego
1031 1918 1111 1986 vero
1122 1916 1317 2008 semperblc

275 2019 424 2089 decausa
441 2017 622 2088 molestiam
637 2018 792 2088 exhibere
803 2043 870 2090 non
879 2018 1027 2091 desinam
1039 2053 1049 2113 3
1060 2021 1144 2092 nihil
1162 2023 1318 2092 enimhdc
1348 2101 1350 2104 ,

276 2123 480 2217 impudentid
504 2123 586 2193 mihi
608 2123 808 2196 fructuosius
824 2149 892 2196 esse
915 2141 1034 2221 potest.
1053 2129 1204 2200 Fortasse
1223 2153 1319 2222 nam-

276 2232 363 2326 que,
382 2228 538 2317 sortasse,
565 2231 721 2302 siminus
748 2232 880 2304 alterius
900 2235 965 2323 rei,
993 2235 1109 2306 saltem
1137 2238 1236 2331 hujus
1261 2259 1320 2308 vos

277 2338 434 2433 pudebit,
464 2353 570 2408 utne
598 2361 726 2432 semper
754 2339 905 2411 eamdem
936 2343 980 2412 ob
1007 2367 1138 2414 causam
1172 2343 1321 2416 molestia

277 2445 371 2516 vobis
386 2445 602 2531 exhibeatur,
624 2459 659 2514 et
672 2467 785 2515 curam
806 2443 922 2518 fratres
936 2463 1060 2522 vestros
1071 2452 1212 2546 juvandi
1222 2453 1322 2522 susci·

277 2547 384 2643 pictis.
402 2549 491 2632 Quid
506 2549 595 2645 enim
609 2551 691 2619 mihi
705 2552 818 2624 laudes
827 2570 977 2647 prosunt,
989 2558 1066 2628 cirm
1077 2581 1136 2630 vos
1150 2559 1187 2629 in
1201 2559 1323 2644 virtute

278 2655 386 2727 lacere
401 2677 588 2749 progressus
603 2679 671 2728 non
687 2659 841 2754 videam?
856 2662 955 2747 Quod
969 2668 1048 2736 verb
1066 2667 1149 2736 mihi
1163 2667 1323 2738 damnum

280 2763 384 2833 oritur
399 2786 438 2833 ex
459 2762 590 2835 silentio
601 2765 804 2854 auditorum,
815 2769 892 2839 crim
910 2785 1050 2844 vestram
1067 2775 1180 2867 augeri
1195 2777 1325 2868 conspi-

279 2870 365 2940 ciam
376 2865 558 2964 pietatem?
569 2876 654 2944 Laus
665 2873 789 2967 quippe
799 2873 937 2948 dicentis
952 2893 1021 2966 est,
1042 2903 1110 2952 non
1126 2881 1322 2975 applausus,

281 2977 339 3048 sed
355 2977 543 3048 auditorum
553 2977 589 3047 in
605 2979 727 3072 pietate
743 2980 831 3052 zelus
846 3007 884 3055 ac
899 2987 1046 3058 studium
1058 3020 1068 3080 3
1082 3013 1151 3061 non
1161 2990 1324 3061 tumultus

282 3085 459 3168 excitatus,
486 3105 554 3176 quo
573 3097 722 3178 tempore
750 3111 856 3161 sermo
875 3092 1026 3181 auditur,
1048 3097 1107 3167 sed
1129 3097 1277 3170 studium
1292 3109 1325 3166 et

282 3189 453 3282 diligentia
476 3215 552 3285 quae
576 3194 836 3290 omnitempore
859 3202 1032 3272 exhibetur
1056 3233 1064 3274 :
1089 3203 1267 3298 applausus
1286 3229 1324 3274 ex

283 3317 340 3366 ore
364 3295 461 3368 simul
484 3296 652 3390 egreditur
676 3315 710 3373 et
731 3303 766 3374 in
786 3308 895 3376 aie'rem
918 3308 1058 3380 diffusus
1078 3311 1212 3403 interit3
1234 3309 1324 3407 quod

284 3417 395 3476 autern
427 3405 577 3478 meliores
608 3411 690 3482 fiant
725 3413 911 3503 auditores,
942 3418 1167 3512 incorruptam
1199 3434 1233 3490 et
1263 3421 1325 3490 im-

283 3513 457 3584 mortalem
472 3515 549 3584 chm
564 3515 705 3604 dicenti,
724 3519 796 3589 tirm
811 3511 1116 3616 obtemperantibus
1139 3525 1324 3598 mercedem

283 3619 393 3690 affert.
416 3619 574 3720 clamoris
600 3624 696 3691 vestri
721 3629 964 3701 commendatio
987 3631 1198 3704 illustriorem
1214 3647 1324 3706 orato-

260 3740 353 3832 ⁸rent
373 3727 427 3795 hic
438 3727 546 3798 reddit
561 3758 569 3798 ι
586 3743 620 3797 at
636 3731 753 3801 animes
768 3749 883 3806 vestrae
896 3738 998 3830 pietas
1008 3740 1148 3812 multam
1165 3743 1255 3836 apud
1265 3744 1325 3814 tri-

285 3831 388 3901 bunal
401 3833 521 3903 Christi
536 3834 664 3918 doctori
676 3837 833 3910 fiduciam
845 3845 996 3938 acquirit.
1015 3851 1129 3942 ltaque
1141 3851 1168 3920 si
1182 3851 1257 3944 quis
1272 3874 1325 3921 eos

284 3937 343 4032 qui
363 3959 546 4010 sermonem
563 3940 705 4030 habent,
727 3942 863 4038 diligat,
880 3972 949 4023 nou
971 3955 1167 4048 applausus,
1185 3955 1244 4028 sed
1259 3958 1326 4029 uti-
