2982 4584
282 482 384 530 carun
407 485 453 530 vr.
478 483 520 528 nn
542 483 700 530 massono
724 483 983 528 incommonitus
999 477 1166 528 lnnsarrl.
1193 463 1258 528 ωδ

212 589 283 681 ejus
303 608 442 678 regnum
455 583 616 656 coelorum
635 595 694 652 est.
714 586 834 652 Factus
848 605 882 652 es
895 583 990 668 mihi,
1003 583 1144 652 Domine
1160 587 1257 672 Iesu,

175 685 177 690 ’
214 693 278 764 Fili
295 693 371 778 Dei,
384 693 449 762 vita
464 692 588 762 vitaret
602 687 814 773 illuminatio,
831 689 994 781 bansique
1009 711 1068 780 per
1083 711 1137 760 me
1151 689 1261 783 ipsum
1381 757 1418 776 ,,

213 825 252 870 ex
267 814 326 869 tuo
340 797 433 868 sonte
449 797 554 879 dona,
574 793 694 886 plenus
708 793 884 865 desiderio.
907 799 1008 864 Facta
1021 809 1070 864 est
1083 809 1141 865 tua
1157 799 1262 888 gratia
1373 795 1376 798 ’

211 908 248 976 in
263 905 362 977 corde
378 903 463 973 servi
482 900 532 969 tui
547 899 604 968 lux
617 913 717 994 atque
735 899 870 986 laetitia,
884 899 1014 970 dulcior
1024 901 1060 970 in
1074 925 1133 970 ore
1144 902 1261 973 famuli

211 1015 261 1086 tui
277 1033 375 1102 super
389 1007 454 1078 mel
467 1021 500 1076 et
510 1005 635 1078 favum.
644 1012 745 1078 Facta
756 1021 806 1077 cst
817 1009 920 1098 gratia
936 1021 994 1078 tua
1006 1008 1042 1076 in
1055 1010 1164 1078 animd
1178 1011 1263 1080 servi

74 1157 86 1172 κ
211 1105 262 1187 tui
277 1103 370 1189 velit
392 1116 587 1198 thesaurus,
608 1127 836 1206 paupertatem
860 1115 1000 1202 ditavit,
1028 1129 1206 1207 egestatem
1229 1131 1263 1188 et

176 1237 179 1244 '
212 1221 426 1318 putredinem
443 1221 584 1315 depulit.
602 1226 704 1294 Facta
719 1235 770 1294 est
790 1222 893 1313 gratia
908 1236 966 1293 tua
981 1245 1077 1294 servo
1092 1237 1152 1322 tuo
1171 1223 1263 1294 relu-

212 1333 305 1424 gium
327 1344 360 1401 et
374 1329 497 1414 virtus,
514 1329 677 1421 protectio
690 1342 725 1400 ct
742 1329 917 1417 exaltatio,
944 1330 1097 1422 gloriatio
1117 1343 1152 1401 ct
1167 1330 1263 1402 cibus

212 1441 314 1512 totius
329 1440 418 1512 vitae.
429 1437 607 1522 Quomodo
623 1441 701 1530 ergo
717 1461 828 1510 scrvus
840 1454 935 1532 tuus,
946 1439 1098 1526 Domine,
1109 1461 1263 1530 magnam

212 1545 430 1620 charitatisct
448 1545 561 1638 gratiae
580 1558 647 1614 tuae
663 1544 875 1616 dulcedinem
888 1545 985 1614 silere
996 1547 1137 1637 poterit?
1153 1545 1263 1639 Indig-

211 1675 294 1726 num
311 1675 474 1726 osmeum
490 1652 627 1744 aperui,
644 1651 703 1722 sed
714 1676 782 1745 quo
798 1665 896 1745 pacto
912 1651 1026 1743 lingua
1036 1673 1110 1721 mea
1124 1651 1263 1744 largito·

211 1785 281 1832 rem
297 1762 463 1836 bonorum
479 1785 540 1853 pro
555 1759 717 1852 dignitate
730 1759 868 1830 laudaro
877 1773 910 1829 et
924 1759 1106 1851 glorificare
1120 1761 1263 1852 poterit?

212 1882 271 1940 aut
283 1867 452 1961 quomodo
466 1866 577 1938 rursirs
589 1889 651 1958 ego
663 1881 816 1958 peccator
825 1865 998 1938 excludere
1010 1865 1141 1937 audebo
1150 1869 1263 1958 gratiae

212 1991 280 2049 tuac
296 1977 417 2050 fluctus
432 1977 467 2046 in
482 1974 583 2046 corde
597 1997 673 2046 meo
684 1974 902 2067 pullulantes,
919 1999 959 2045 ac
975 1976 1135 2046 suavitate
1150 1975 1264 2047 multi-

211 2083 349 2178 plicium
369 2083 535 2154 donorum
558 2081 698 2176 plenos?
713 2085 839 2156 Canam
859 2083 996 2174 gloriam
1012 2082 1176 2153 coelorum
1193 2087 1262 2155 Do·

213 2193 317 2279 mino,
335 2192 395 2285 qui
410 2190 535 2264 l'amulo
550 2214 611 2262 suo
620 2190 707 2262 dona
719 2189 866 2262 coelestia
878 2215 937 2284 per
951 2189 1169 2264 multiformia
1184 2213 1262 2261 mu-

214 2323 294 2376 nera
325 2313 375 2370 est
399 2297 548 2390 largitus.
579 2298 799 2390 Magnificabo
831 2298 968 2388 gratiam
994 2311 1108 2383 tuam,
1134 2298 1264 2398 Christe
1358 2365 1361 2370 .

187 2446 189 2450 ·
215 2406 357 2478 salvator
371 2437 379 2479 ι
391 2408 425 2480 in
437 2407 500 2480 hac
515 2405 636 2480 etenim
652 2406 894 2498 magnificanda
909 2428 971 2498 ego
985 2403 1055 2497 ipse
1069 2406 1263 2496 magnilica-

108 2603 110 2609 ,
214 2515 288 2584 bor.
308 2517 382 2587 Non
396 2517 542 2604 cessabo,
561 2514 713 2602 Domine,
723 2513 837 2606 lingua
850 2515 923 2582 mel
938 2513 1074 2603 gratiam
1086 2526 1178 2586 tuam
1193 2513 1264 2586 col·
1346 2499 1354 2512 ’

213 2619 373 2707 laudare3
390 2645 458 2690 non
473 2622 582 2690 silebit
602 2646 674 2716 mea
690 2622 814 2692 cithara
830 2620 1006 2692 modulans
1024 2621 1151 2690 cantica
1165 2623 1263 2716 spiri-
1285 2679 1288 2690 χ

213 2725 327 2797 tualia.
346 2724 400 2804 ld
414 2739 459 2811 te,
480 2725 642 2811 Salvator,
659 2727 718 2820 qui
731 2726 833 2818 gloria
849 2749 883 2793 es
898 2728 975 2795 vitae
990 2750 1084 2812 meae,
1101 2726 1263 2801 desiderio

214 2833 265 2903 tui
279 2834 392 2902 trahor
405 2865 415 2923 3
437 2845 494 2900 tua
516 2831 619 2922 gratia
634 2845 778 2901 mentem
799 2855 908 2901 meam
924 2833 967 2901 ad
980 2832 1187 2926 sequendum
1202 2849 1259 2924 te,

194 2970 196 2980 r
215 2937 391 3009 dulcedine
403 2939 558 3034 qnidam,
572 2937 684 3006 trahit.
697 2937 771 3007 Fiat
781 2939 843 3007 tibi
858 2961 916 3008 cor
931 2961 1043 3008 meum
1056 2952 1142 3007 terra
1158 2940 1259 3030 bona,

213 3070 289 3140 quae
305 3070 417 3116 semen
432 3047 559 3116 bonum
572 3044 750 3138 suscipiat,
767 3044 926 3140 illamque
941 3067 1015 3114 rore
1031 3044 1110 3114 vitae
1126 3058 1261 3116 aeternae

211 3150 392 3244 perfundat
403 3153 506 3244 gratia
521 3167 598 3224 tua:
617 3150 800 3245 eademque
817 3152 932 3243 gratia,
952 3149 1159 3244 manipulum
1177 3154 1261 3246 opti·

212 3281 305 3326 mum
322 3258 439 3326 eterra
455 3259 562 3328 cordis
577 3271 681 3327 metat
695 3259 999 3350 compunctionem,
1018 3258 1257 3349 adorationem,

213 3365 522 3451 sanctificationem,
549 3364 736 3458 cujusmodi
751 3387 880 3457 semper
896 3365 957 3432 tibi
974 3378 1052 3435 sunt
1067 3365 1256 3456 gratissima.

212 3474 376 3544 Converte
387 3493 495 3541 meam
511 3472 654 3541 animam
665 3494 742 3540 cum
751 3473 813 3542 o've
827 3469 885 3540 itte
899 3471 1033 3554 inventd
1045 3471 1088 3542 ad
1104 3472 1190 3543 ovile
1205 3498 1260 3568 pa·
1362 3533 1365 3538 .

212 3578 311 3648 radisi
325 3578 518 3649 deliciarum
537 3608 544 3648 :
566 3579 675 3648 anima
690 3602 763 3650 mea
780 3579 816 3649 in
835 3576 894 3648 illo
912 3578 1039 3651 lumine
1053 3581 1258 3677 inveniatur3

213 3699 246 3754 et
258 3686 343 3756 sicut
358 3710 454 3757 ovem
470 3685 562 3756 illam
575 3685 745 3758 inventam
760 3687 796 3756 in
812 3688 967 3758 humeros
981 3702 1058 3758 tuos
1074 3689 1233 3761 sustulisti
1248 3745 1258 3780 ,

211 3794 258 3862 ita
270 3794 403 3886 quoque
414 3794 585 3886 indignam
597 3794 683 3864 hanc
699 3817 806 3864 meam
822 3796 965 3865 animam
982 3796 1024 3866 ad
1037 3809 1070 3865 te
1085 3819 1186 3866 manu
1201 3801 1260 3870 tut

132 3947 135 3952 -
212 3900 324 3986 trahe,
340 3900 524 3996 offeresque
539 3915 719 3996 utrumque
733 3901 946 3974 immaculato
966 3902 1066 3998 atque
1078 3903 1259 3976 immortali

212 4007 322 4098 Patri3
338 4021 378 4077 ut
386 4030 463 4078 cum
477 4009 629 4104 omnibus
644 4008 763 4082 sanctis
778 4009 815 4080 in
829 4009 955 4082 deliciis
969 4008 1033 4082 illis
1044 4009 1186 4104 paradisi
1201 4011 1260 4084 di·
1302 4005 1310 4014 “
