2984 4580
215 398 316 448 otrus
339 391 618 448 ramesiensem
642 401 677 444 rra
700 397 908 444 tenerorum
931 395 1097 446 tentaret.
1124 381 1188 446 tot

148 503 274 592 literis,
297 527 336 574 ea
359 526 440 598 qum
450 525 518 596 prae
536 501 690 570 manibus
706 512 784 568 sunt
798 498 930 590 negotia
946 498 1053 570 facilia
1070 501 1132 571 tibi
1159 517 1192 573 et

149 612 299 704 expedita
312 609 432 680 reddi?
448 605 666 680 Saecularibus
677 607 765 685 curis
775 605 957 696 premeris?
969 624 1081 678 earnm
1091 609 1192 701 igitur

149 721 247 792 causat
261 720 327 789 bric
338 719 474 802 ventita,
492 729 542 801 ut,
553 713 632 784 ciam
647 712 710 782 tibi
723 714 784 782 Dei
799 712 1065 787 benevolentiam
1078 720 1191 788 eonci-

149 827 303 914 liaveris,
326 824 419 920 qnbd
441 824 496 892 hic
519 820 818 908 versatusttreris,
846 821 893 891 itt
920 843 997 892 cnm
1020 826 1193 895 securitate

148 933 313 1023 discedas,
337 945 377 1001 ut
400 929 496 1000 illum
520 929 644 998 habeas
666 925 880 1020 adjutorem,
898 939 938 997 ut
958 931 1101 1002 coelestis
1127 955 1195 1002 ma·

115 1031 116 1035 ¹
149 1040 211 1110 nas
237 1037 359 1110 auxilio
386 1048 515 1128 septus,
533 1030 741 1104 daemonibus
763 1035 821 1104 fias
842 1035 995 1107 invictus.
1024 1039 1057 1108 Si
1082 1053 1194 1132 pater-

87 1136 90 1139 *
149 1147 201 1216 nis
224 1144 379 1238 precibus
414 1140 554 1228 fruaris,
577 1141 604 1210 si
632 1142 816 1212 communis
843 1144 1000 1231 orationis
1025 1147 1194 1240 ‘particeps

149 1254 225 1340 fias,
252 1253 280 1322 si
305 1249 448 1344 Eloquia
474 1269 565 1320 sacra
594 1247 778 1334 audiveris,
809 1249 836 1317 si
862 1250 922 1318 Dei
948 1249 1011 1320 tibi
1037 1253 1196 1324 auxilium

149 1357 410 1452 comparaveris,
428 1355 455 1425 si
475 1355 526 1424 his
542 1354 640 1423 armis
662 1353 885 1426 communitus
900 1375 1048 1446 egressus
1071 1357 1193 1440 fueris,
1226 1443 1230 1448 ⁵

152 1489 197 1536 ne
212 1463 365 1536 diabolus
373 1460 510 1556 quidem
523 1460 592 1552 ipse
602 1461 717 1530 contra
726 1473 760 1530 te
770 1461 924 1555 deinceps
934 1462 1048 1534 oculos
1061 1463 1196 1536 audebit
1262 1517 1265 1520 -

110 1621 118 1639 .
150 1568 323 1658 attollere,
336 1569 621 1640 nedirmbomines
632 1569 788 1661 improbi,
807 1570 928 1662 quibus
944 1571 1133 1642 studioesse
1144 1595 1195 1644 so·

148 1679 215 1765 let,
243 1692 282 1747 ut
307 1675 513 1757 contumeliis
533 1687 669 1746 caeteros
689 1688 724 1744 et
748 1673 921 1746 calumniis
940 1691 1192 1771 persequantur.

149 1782 286 1866 Quodsi
306 1806 345 1854 ex
367 1781 494 1852 aedibus
510 1782 546 1850 in
567 1780 679 1851 forum
703 1803 861 1872 egressus,
874 1783 1034 1874 ejusmodi
1050 1783 1195 1867 nudatus

45 1912 49 1916 ·
149 1892 248 1960 armis
262 1889 462 1973 offendaris,
484 1887 635 1957 omnium
650 1887 708 1980 qni
718 1899 753 1961 te
767 1888 982 1970 contumeliis„
992 1887 1197 1962 infestabunt

149 1997 245 2077 facile
259 1995 441 2072 vincendus
456 1993 584 2086 patebis
605 1993 803 2064 incursibus.
822 1993 948 2065 Idcirco
960 2007 994 2066 et
1015 1997 1048 2068 in
1064 1997 1197 2090 privatis

149 2118 183 2174 et
198 2104 234 2174 in
248 2103 391 2196 publicis
403 2099 523 2174 nostris
534 2100 669 2192 negotiis
681 2103 892 2194 nequaquam
904 2123 945 2170 err
956 2103 1057 2174 animi
1068 2117 1196 2175 senten·
1310 2149 1313 2156 ι

148 2211 195 2280 tia
207 2210 304 2280 nobis
313 2207 419 2278 multa
430 2205 633 2294 succedunt,
648 2205 740 2299 qndd
750 2207 930 2299 spiritualia
939 2231 1008 2279 non
1023 2210 1113 2302 prius
1125 2224 1196 2281 stu·

148 2307 242 2387 diost
260 2315 522 2388 accuraverimus
530 2365 543 2400 ,
561 2335 598 2384 ac
618 2311 740 2382 deinde
755 2311 942 2402 saecularia,
964 2315 1022 2384 sed
1046 2317 1195 2387 ordinem

59 2497 61 2500 .
148 2424 388 2496 inverterimus.
408 2419 761 2512 Idcircbnegotiornm
775 2420 911 2515 quoque
927 2421 1024 2492 series
1035 2443 1073 2492 ac
1088 2435 1198 2492 rectus

150 2529 235 2623 ordo¹
243 2530 417 2601 invertitur
428 2581 438 2616 ,
450 2543 484 2599 et
497 2529 608 2600 omnia
617 2527 715 2620 plane
726 2527 916 2598 turbantur.
935 2535 1104 2612 Quantum
1115 2531 1200 2600 mihi

150 2636 299 2709 dolorem
315 2659 352 2704 ac
363 2635 550 2705 molestiam
558 2635 647 2704 inuri
661 2636 802 2726 putatis,
818 2636 896 2706 ciam
912 2637 1033 2728 cogito,
1043 2637 1197 2708 veniente
1316 2654 1323 2662 „

149 2743 289 2836 qnidem
304 2739 388 2812 fe⁵t⁰
407 2761 446 2810 ²⁰
467 2739 914 2828 ⁸010m¹¹it³le2ficdtnullus
938 2742 980 2811 sit
1000 2743 1059 2834 qui
1078 2757 1195 2831 vocet,
1276 2754 1280 2763 ·
1341 2752 1346 2760 ·

149 2863 254 2922 totam
274 2855 470 2918 concurrere
486 2847 674 2944 civitatem:
690 2847 749 2916 uhi
763 2839 842 2918 verb
854 2847 976 2926 festum
988 2847 1196 2920 solemnitas-

148 2979 215 3050 que
225 2954 407 3040 transierit,
425 2967 497 3024 toto
511 2953 588 3024 licet
600 2954 653 3024 die
663 2975 907 3048 perseveremus
922 2977 981 3025 nos
993 2955 1198 3049 disrumpen-

148 3077 197 3134 tes
213 3075 247 3132 et
262 3084 320 3132 vos
335 3059 551 3153 advocantes,
569 3060 702 3131 nullum
714 3075 836 3131 'tamen
850 3084 919 3132 esse
942 3063 1001 3155 qui
1027 3061 1199 3133 attendat?
1318 3133 1320 3138 a

150 3173 229 3240 Haec
254 3169 344 3241 enim
367 3170 594 3260 saepenumero
617 3169 696 3238 crim
710 3182 822 3238 mente
844 3191 1025 3256 versarem,
1057 3171 1199 3262 graviter

149 3277 309 3368 ingemui,
322 3289 356 3346 et
370 3276 442 3344 haec
459 3276 549 3368 apud
561 3299 615 3344 me
628 3277 731 3346 verba
745 3275 909 3345 faciebam
922 3305 930 3347 ε
945 3276 1034 3360 Quid
1042 3279 1201 3348 cohorta-

150 3381 314 3466 tonaret
334 3381 471 3453 consilio
490 3394 540 3450 est
559 3404 666 3473 opus,
684 3381 761 3450 crim
780 3403 839 3450 vos
860 3384 1100 3454 consuetudine
1122 3397 1198 3452 tarr-
1248 3444 1251 3450 .

131 3491 224 3568 ,tirm
247 3504 368 3560 cuncta
390 3487 535 3576 faciatis,
564 3511 626 3558 nec
650 3487 750 3558 ullius
779 3501 899 3558 nostrae
920 3489 1079 3559 doctrinae
1099 3491 1199 3583 opera
1225 3579 1227 3583 v

150 3599 368 3692 promptiores
391 3595 595 3668 reddamini?
621 3596 709 3669 (irim
733 3597 821 3668 enim
846 3595 936 3666 festis
959 3597 1094 3690 quidem
1125 3597 1198 3668 die-

152 3707 216 3778 bus
236 3709 348 3778 nostra
369 3707 596 3778 cohortatione
614 3704 698 3774 nihil
717 3704 909 3796 indigeatis,
938 3707 1114 3798 postquam
1137 3729 1198 3776 an-

152 3829 222 3886 tem
255 3811 303 3884 illi
333 3813 578 3905 praeterierint,
613 3811 741 3882 nullam
773 3835 811 3881 er
842 3811 992 3883 doctrina
1021 3811 1196 3892 utilitatem

153 3919 361 4013 percipiatis,
379 3941 494 3991 nonne
506 3920 669 4013 qnantum
690 3917 827 4012 quidem
847 3920 883 3992 in
897 3919 991 3992 vobis
1005 3919 1105 3989 situm
1125 3934 1195 4008 est,
