2984 4580
206 435 309 484 curor
331 440 378 486 v1.
404 439 446 487 us
468 437 625 486 moranno
646 438 683 484 ru
697 435 903 486 coueromnm
919 433 1085 486 tnnrnrrt.
1116 422 1180 484 3³5

140 538 184 608 sic
199 537 298 609 etiam
310 537 353 606 ab
373 559 414 606 eo
432 535 494 606 alia
507 538 575 629 jbm
591 535 712 629 inique*
722 550 755 606 et
775 537 929 608 scelerate
945 539 1178 632 patrabantur,

50 688 52 696 ν
140 641 201 712 alia
217 667 274 736 spe
289 657 323 712 et
337 643 445 727 minis,
464 667 545 736 quas
561 643 656 736 nobis
672 643 878 730 intendebat,
895 644 988 716 velut
1002 646 1181 716 adumbra-

139 750 280 839 bantur,
296 767 401 841 eaque
420 749 467 820 iu
482 748 626 818 absurda
641 761 675 818 et
690 748 860 836 inusitata,
878 761 916 820 ut
939 752 975 820 in
989 751 1077 822 illius
1094 752 1182 822 dun·
1243 783 1248 794 ·

140 857 230 925 taxis
252 869 395 924 mentem
416 855 480 924 hoc
497 851 615 924 cadere
637 867 764 946 posset,
790 869 829 926 ut
850 856 922 926 haec
947 858 1123 947 cogitaret,
1149 870 1184 928 et

141 962 270 1034 efficere
284 959 396 1046 vellet,
407 960 537 1032 tametsi
548 959 672 1053 alioqui
687 959 785 1032 multi
800 962 876 1032 ante
887 983 964 1034 eum
979 956 1184 1034 Christiano-

141 1091 216 1138 mm
235 1081 459 1160 persecutores
474 1080 508 1136 et
523 1067 633 1138 hostes
643 1068 823 1138 extitissent
836 1071 860 1138 ².
877 1093 894 1136 ι
1258 1155 1262 1164 1

77 1197 79 1204 ·
189 1179 245 1246 18⁰
276 1179 344 1246 Nec
364 1173 593 1266 pretereunda
611 1171 874 1259 nectarium,
901 1197 978 1268 qum
1010 1174 1185 1246 affectibus

142 1282 316 1354 movendis
337 1283 505 1372 impotes
522 1280 818 1372 inservire,²qualis
838 1280 960 1372 legitur
980 1283 1070 1374 apud
1091 1292 1186 1352 sanc·
1252 1337 1253 1348 ,

143 1401 217 1458 tum
227 1387 423 1478 Gregorinm
434 1386 683 1472 Nazianzenum,
697 1387 890 1478 Gorgonicoe
901 1389 1021 1460 sororis
1031 1411 1137 1460 sacras
1151 1389 1188 1460 in

145 1495 294 1564 oratione
305 1493 430 1584 vigilias
446 1493 731 1566 commendantem
746 1521 755 1588 ‚²

194 1601 247 1669 «0
259 1598 447 1692 squalidum
463 1621 598 1690 corpus,
612 1613 646 1668 et
660 1597 897 1670 indumentum
906 1599 1028 1670 virtute
1038 1598 1107 1670 sold
1122 1599 1186 1670 sso-

145 1707 239 1776 rens!
258 1707 458 1791 Oanimam,
471 1729 592 1803 corpusw
606 1707 691 1797 pene
707 1708 806 1778 etism
823 1709 892 1778 sine
908 1707 996 1793 cibo,
1013 1707 1105 1778 velut
1117 1731 1189 1778 ma·

147 1814 238 1884 terise
249 1836 374 1906 expers,
389 1813 588 1884 retinentem
602 1813 611 1884 Ξ
624 1812 690 1899 vel,
702 1828 741 1884 ut
753 1812 873 1885 rectiris
883 1813 1012 1906 loquar,
1027 1817 1188 1906 deorpus,

145 1920 244 1992 etiam
261 1922 338 1992 ante
353 1919 607 2014 disjunctionem
623 1922 706 1992 mori
722 1935 893 2006 coactum,
911 1935 949 1990 ut
965 1922 1073 2001 anima
1088 1921 1193 1990 liber-

145 2040 248 2096 tatem
270 2027 524 2112 nancisceretur,
550 2049 611 2098 occ
634 2029 655 2096 i
675 2027 824 2098 sensibus
846 2028 1071 2120 impedimenti
1093 2027 1192 2121 quid-

141 2156 249 2226 quam
261 2133 440 2225 accipereti
455 2134 475 2202 ὀ
487 2147 599 2204 noctes
609 2133 786 2218 insomnes,
798 2147 831 2202 ct
842 2133 1041 2226 psalmorum
1053 2150 1190 2220 cantus,

148 2253 184 2310 et
198 2239 372 2310 stationem
389 2263 430 2308 ex
444 2239 498 2308 die
521 2239 556 2308 in
573 2239 660 2310 diem
677 2238 892 2331 productam!
911 2241 931 2309 d
949 2241 1072 2325 David,
1091 2243 1192 2333 quim

148 2359 188 2415 tu
200 2347 259 2437 piis
268 2345 430 2416 duntaxat
445 2344 615 2416 animabus
627 2346 718 2416 haud
728 2344 855 2437 prolixe
866 2347 1010 2415 cecinisti
1022 2346 1065 2414 ld
1082 2360 1194 2414 tenera

148 2453 298 2524 membra
313 2452 407 2522 humi
423 2465 600 2544 prostrata,
622 2476 660 2522 ac
673 2465 795 2544 practer
808 2465 960 2520 naturam
976 2475 1046 2522 sese
1055 2475 1194 2544 exaspe-

149 2560 275 2630 cantia!
292 2561 314 2628 ὂ
328 2559 549 2648 lacrymarum
565 2557 691 2644 fontes,
709 2583 785 2652 quae
797 2555 840 2630 en
854 2559 1032 2630 afflictione
1051 2561 1195 2628 semina·

150 2665 292 2750 bantur,
309 2679 349 2734 ut
363 2667 399 2736 in
413 2665 612 2736 exultatione
629 2679 791 2736 meterent
805 2671 820 2709 ²
836 2669 845 2732 i
866 2668 888 2734 d
909 2681 1110 2736 nocturnum
1125 2667 1195 2736 ola-

149 2793 281 2842 morem
292 2771 397 2858 nubes
406 2781 649 2862 penetrantem,
664 2783 763 2862 atque
774 2769 817 2838 ad
829 2771 1193 2862 Deumpervadentem!

151 2879 174 2948 ὂ
198 2874 525 2969 spiritis-fervorem,
541 2877 587 2950 ob
601 2876 758 2946 orationis
781 2874 998 2961 desiderium,
1023 2899 1084 2945 nec
1101 2899 1197 2946 mnes

153 2998 355 3070 nocturnos,
381 3007 443 3054 nec
463 2981 602 3075 frigora,
621 3005 681 3052 nee
705 2981 837 3068 imbres,
866 3005 928 3051 nec
951 2983 1111 3070 tonitrua,
1136 3005 1198 3052 nec

155 3090 373 3181 grandinem,
403 3113 465 3160 nec
489 3089 639 3160 tenebras
664 3087 922 3160 formidantem!
950 3090 971 3158 d
1005 3087 1200 3185 foemineum
1314 3097 1316 3106 '

155 3223 282 3285 sexum,
300 3199 372 3290 qui,
395 3211 529 3289 propter
545 3219 720 3270 commune
736 3195 849 3266 salutis
872 3209 1058 3278 certamen,
1072 3195 1201 3266 viritem

157 3321 272 3378 sexum
280 3304 559 3396 superdsti,atque
566 3303 882 3393 alindconspieuum
892 3301 1200 3387 fecisti,mrsculum

158 3427 192 3481 et
203 3412 398 3482 foemineum
413 3410 574 3502 corporis,
588 3431 656 3478 non
667 3409 747 3476 item
758 3407 877 3476 animae
891 3407 1067 3476 discrimen
1082 3432 1149 3476 esse
1162 3408 1203 3476 id

158 3534 234 3612 post
248 3519 446 3610 baptismum
457 3517 650 3599 castitatem,
667 3527 701 3582 et
713 3535 864 3606 sponsam
880 3514 1000 3587 Christi
1011 3515 1152 3582 animam
1162 3513 1199 3582 in

159 3652 245 3721 puro
275 3627 420 3718 corporis
441 3621 605 3694 thalamo!
627 3623 649 3692 d
674 3644 823 3692 amarum
847 3633 998 3712 gustum,
1026 3636 1059 3690 et
1080 3625 1200 3707 Evam,

162 3734 232 3803 [iun
248 3733 373 3823 generis
388 3731 511 3816 nostri,
529 3729 601 3799 tiun
617 3729 743 3822 peceati
758 3743 917 3814 matrem,
944 3741 978 3796 ot
992 3730 1206 3819 impostorem

165 3843 378 3936 serpentem,
404 3851 438 3908 et
465 3850 622 3920 mortem,
649 3833 737 3921 illius
763 3834 964 3906 continentid
989 3833 1157 3928 superatal
1185 3834 1205 3904 ὂ

201 3976 208 4004 ¹
222 3969 246 4017 S.
259 3969 330 4038 Greg.
345 3961 429 4016 Theoi.
444 3964 512 4014 Orat.
528 3935 562 4026 iv,
575 3979 599 4014 n.
619 3960 663 4030 94,
679 3961 722 4028 95.
736 3972 792 4004 -·⁸
812 3960 873 4014 eut
887 3959 955 4027 dut,
966 3959 993 4014 5.
