2992 4590
225 419 325 468 otrus
349 426 393 466 vr.
413 425 454 466 us
470 423 627 467 meruero
650 427 684 468 ur
708 425 914 470 correrouruus
937 420 1104 470 tuururra.
1133 407 1196 470 109

159 529 245 590 nam.
264 521 484 610 Quibusnam,
498 545 628 615 quaeso,
647 521 751 592 oculis
764 547 898 594 uxorem
909 538 1002 596 tuam
1017 523 1107 596 donri
1119 545 1195 616 pos-

158 630 210 696 tea
226 625 366 714 videbis,
389 651 491 720 quam
505 629 551 698 ibi
564 627 676 698 vidisti
690 627 890 696 contumelia
911 630 1081 700 affectam?
1103 633 1196 712 Quo-

158 732 256 802 modo
271 756 340 802 non
354 732 518 803 erubescis
534 731 617 802 dlrm
634 731 781 825 conjugis
806 745 872 802 tuae
898 733 1091 822 recordaris,
1119 734 1196 806 cirm

135 930 139 936 k
157 838 201 908 ibi
214 863 325 908 sexum
341 843 410 934 ejus
423 841 632 912 dehonestati
646 837 785 912 videris?
826 901 830 912 .

209 971 225 1010 >r
252 949 300 1019 Ne
325 947 408 1016 mihi
437 947 555 1016 dixeris
587 969 659 1016 rem
672 945 773 1014 'merle
804 943 989 1016 simulatam
1013 959 1047 1016 et
1071 945 1199 1040 histrio·

45 1065 47 1072 ’
154 1052 262 1123 nicam
278 1054 351 1122 haec
368 1077 437 1124 esse
449 1082 457 1122 ι
471 1055 544 1144 haec
554 1053 642 1125 enim
653 1053 841 1124 histrionice
849 1051 972 1124 multos
984 1053 1094 1122 effecit
1109 1051 1199 1122 adut·

153 1170 258 1244 teros,
273 1157 463 1252 multasque
477 1157 615 1229 familias
631 1159 757 1230 evertit.
778 1159 925 1251 Ideoque
934 1159 1077 1231 merisne
1087 1181 1196 1251 gemo,

152 1267 246 1358 quod
255 1266 342 1336 illud
352 1290 395 1339 ne
402 1265 527 1336 malum
536 1264 668 1360 quidem
675 1265 769 1335 vobis
781 1288 849 1336 esse
860 1265 1026 1356 videatur,
1038 1264 1096 1336 sed
1107 1264 1199 1358 plau·

150 1393 228 1458 sus,
246 1371 372 1441 clamor
385 1423 394 1458 ,
408 1371 490 1440 risus
505 1369 628 1440 multus
644 1370 842 1444 adhibeatur
856 1421 865 1456 ,
880 1371 961 1467 diun
970 1371 1122 1440 adulterii
1137 1373 1196 1442 hu·

145 1475 299 1568 jusmodi
320 1475 541 1569 spectaculum
564 1476 683 1546 offerre
700 1478 835 1547 audent.
859 1476 947 1560 Quid
970 1477 1050 1547 dicis
1071 1499 1196 1548 eaesae

89 1615 94 1617 ·
149 1581 377 1652 histrionicam
401 1579 667 1652 simulationem?
690 1581 770 1652 Ideo
789 1580 837 1652 illi
853 1583 1012 1652 sexcentis
1029 1581 1197 1675 suppliciis

148 1687 245 1780 digni
257 1703 350 1774 sunt,
373 1691 529 1782 quoniam
545 1713 583 1759 ea
600 1715 676 1783 quae
696 1689 784 1782 leges
807 1703 921 1760 omnes
936 1689 1038 1760 vitare
1056 1690 1194 1782 jubent,

149 1795 269 1864 cadem
289 1794 351 1888 ipsi
366 1795 486 1866 imitari
501 1783 647 1866 student.
668 1799 751 1866 Nam
764 1795 790 1864 si
806 1794 989 1866 malumest
1004 1793 1104 1882 illud,
1129 1798 1198 1889 ejus

148 1917 199 1972 est
211 1904 348 1996 quoque
364 1905 608 1996 repraesentatio
624 1903 721 1973 mala.
738 1901 895 1974 Nondum
915 1901 990 1974 dico
1005 1917 1087 1996 quot
1099 1903 1197 1974 adul·

149 2023 237 2080 teros
251 2009 396 2080 efficiant
411 1992 600 2080 lrtsrrionica
616 2011 806 2104 hujusmodi
818 2010 971 2080 adulterii
982 2009 1168 2104 spectacula
1183 2063 1195 2097 ,

151 2118 254 2208 (quam
282 2114 468 2208 petulantes
491 2114 766 2209 impudentesque
799 2115 944 2186 efficiant
967 2131 1194 2210 spectatores-3

150 2221 235 2290 nihil
265 2221 352 2290 enim
371 2221 539 2306 lascivius,
557 2221 640 2290 nihil
652 2221 852 2314 petulantius
865 2221 988 2308 oculo,
1006 2224 1064 2316 qui
1078 2224 1196 2316 hujus-

150 2327 242 2396 modi
257 2325 445 2420 spectacula
462 2323 548 2396 serre
562 2327 674 2420 possit.
695 2329 830 2398 Tuverd
841 2327 875 2396 in
891 2329 964 2398 foro
980 2327 1114 2422 quidem
1130 2351 1196 2395 nu-

150 2431 227 2502 dam
243 2433 415 2502 mulierem
433 2431 577 2526 aspicere
591 2431 675 2502 nolis
684 2445 697 2522 ς
707 2431 774 2502 imd
783 2455 891 2524 neque
903 2432 993 2502 domi
1007 2463 1014 2502 :
1026 2456 1096 2502 rem
1107 2423 1196 2504 enirn
1283 2458 1288 2466 ’

150 2539 343 2634 hujusmodi
355 2539 590 2616 contumeliam
602 2563 710 2610 vocas.
724 2543 765 2608 In
777 2539 942 2609 theatrum
961 2553 1069 2610 tamen
1082 2564 1196 2612 ascen·

151 2645 219 2732 dis,
238 2661 278 2716 ut
300 2669 476 2729 commuue
498 2669 600 2738 genus
625 2647 770 2716 virorum
799 2645 1043 2742 mulierumque
1076 2662 1195 2718 contu-

151 2753 249 2822 melid
263 2755 405 2838 afficias,
429 2751 608 2847 oculosque
624 2767 698 2822 tuos
717 2751 892 2844 deturpes?
909 2759 958 2824 Ne
977 2755 1059 2822 mihi
1078 2754 1196 2824 dixeris
1228 2793 1229 2797 =

150 2861 323 2932 mulierem
336 2861 425 2930 illam
439 2859 575 2946 nudam,
590 2859 887 2938 essetneretricem3
901 2860 1016 2951 utique
1026 2859 1113 2928 idem
1126 2862 1200 2953 ipse
1277 2863 1281 2867 ’
1322 2885 1325 2894 ’

151 2992 261 3053 sexus,
281 2967 369 3036 idem
382 2991 501 3061 corpus
518 2980 567 3036 est
578 2967 755 3036 meretricis
768 2979 801 3034 et
812 2964 937 3034 liberae.
957 2966 990 3036 Si
1011 2965 1100 3034 enim
1116 2966 1194 3036 obs-

150 3075 238 3144 coeni
250 3072 335 3170 nihil
350 3075 388 3142 eal
402 3075 437 3142 in
453 3097 487 3142 re
499 3087 559 3159 est,
578 3073 727 3142 curcum
743 3072 867 3143 infore
884 3072 999 3142 eadem
1013 3073 1082 3166 ipsa
1099 3071 1195 3144 vidc-

151 3184 210 3270 ris,
228 3184 340 3254 statim
352 3182 469 3269 resilis,
483 3196 516 3252 et
530 3181 786 3252 inverecundam
803 3180 960 3274 depellis?
971 3187 1025 3252 An
1040 3182 1117 3252 ciam
1131 3182 1196 3252 dis·

146 3292 254 3382 juncti
271 3315 400 3377 sumus,
418 3291 454 3360 id
474 3292 670 3366 obscoenum
689 3303 756 3380 est3
776 3289 852 3375 clun
875 3303 986 3358 autern
1006 3290 1196 3382 congregati
1272 3299 1275 3309 “

151 3402 215 3468 und
233 3401 398 3486 sedemus,
424 3423 493 3470 nou
507 3397 644 3491 perinde
656 3411 752 3490 turpe
765 3400 835 3466 esti
846 3396 969 3466 Verirm
985 3397 1049 3466 hoc
1073 3398 1196 3467 ridicu-

151 3503 221 3574 lum
237 3531 276 3576 ac
293 3505 435 3575 dedecus
449 3518 517 3591 est,
548 3518 581 3573 et
598 3505 671 3572 haec
681 3503 783 3574 verba
805 3517 984 3572 extremam
1001 3526 1070 3594 prae
1093 3527 1126 3572 se
1142 3501 1193 3572 fe-

152 3626 231 3681 runt
246 3610 448 3680 dementiam
459 3640 467 3680 ε
478 3609 660 3702 meliusque
673 3623 757 3680 esset
769 3592 865 3678 coeno
884 3623 982 3702 atque
998 3609 1070 3678 luto
1080 3609 1194 3679 oculos

154 3717 311 3804 oblinere,
324 3717 478 3810 quamita
493 3714 618 3808 foedam
631 3719 666 3783 et‘
675 3715 823 3808 iniquam
835 3739 904 3784 rem
913 3703 1069 3809 spectare.
1081 3720 1195 3808 Neque

154 3826 240 3894 enim
257 3823 387 3894 tantitm
397 3823 510 3892 damni
523 3823 620 3892 oculo
640 3822 742 3892 infert
760 3821 868 3892 lutum
890 3824 1078 3918 ,quantirm
1097 3823 1195 3894 lasci·

158 3953 214 4000 vus
231 3944 382 4024 aspectus
399 3943 431 3998 et
453 3927 551 3998 nudae
569 3927 714 3998 mulieris
734 3929 968 4022 spectaculum.
989 3929 1076 4000 Audi
1097 3931 1196 4022 igitur
