2930 4582
176 454 279 503 carun
302 459 347 504 vr.
374 459 416 502 nn
437 456 593 504 uernono
609 458 644 502 ru
667 459 874 506 concremans
889 456 1056 508 ananum.
1086 443 1148 508 att

114 556 246 643 all'ectu,
264 577 333 649 quo
347 569 440 626 motu
451 555 564 642 animi,
582 577 651 648 quo
666 555 770 626 fluvio
781 555 1013 648 lacrymarum,
1030 561 1153 655 quibus

114 663 286 756 gemitibus
307 677 406 756 atque
425 659 626 754 singultibus
645 661 905 734 succutientibus
923 666 1033 736 omnia
1048 690 1156 738 mem·

113 769 171 841 bra
186 772 255 864 ejus
267 784 300 841 et
314 771 399 863 pene
420 766 720 839 intercludentibus
735 769 898 863 spiritum,
915 771 989 866 quis
1011 773 1087 844 ullis
1102 799 1156 846 ex·

112 875 211 970 plicet
221 877 351 950 verbis?
367 874 486 947 Utrum
498 889 630 946 orarent
645 875 712 962 alii,
730 899 792 946 nec
807 876 843 946 io
854 879 927 948 baec
942 901 1057 950 eorum
1066 903 1157 952 aver·

112 997 235 1054 teretur
245 984 399 1071 intentio,
413 982 612 1053 nesciebam.
623 985 698 1073 -llgo
713 995 825 1052 tamen
840 973 971 1076 prorsuis
983 1008 1076 1056 orare
1087 1009 1157 1058 non

111 1104 260 1183 poteram
272 1122 282 1181 3
295 1092 361 1162 boc
383 1086 615 1159 tantummodb
629 1088 771 1159 breviter
800 1089 835 1158 in
850 1089 950 1161 corde
970 1115 1044 1162 meo
1059 1091 1127 1162 dixi
1146 1123 1153 1164 :

111 1198 269 1283 Domine,
295 1218 377 1290 quas
392 1208 527 1264 tuorum
542 1215 654 1286 preces
667 1192 804 1264 exaudis
819 1247 828 1282 ,
842 1195 869 1264 si
884 1197 942 1266 has
963 1220 1033 1268 non
1053 1223 1156 1268 exau-

111 1304 185 1375 dis?
199 1301 290 1376 Nibil
316 1302 405 1371 enim
427 1299 509 1370 mihi
529 1299 702 1370 videbatur
724 1299 803 1370 addi
818 1301 888 1396 jam
908 1327 1020 1396 posse,
1045 1305 1108 1375 nisi
1119 1320 1157 1376 ut

110 1411 278 1502 expiraret
302 1407 438 1478 orando.
471 1406 693 1494 Surreximus,
721 1420 756 1476 et
780 1410 914 1502 accepta
938 1409 981 1480 ab
1005 1413 1158 1506 episcopo
1263 1417 1268 1426 '

109 1514 344 1586 benedictione
358 1511 579 1600 discessimus,
597 1527 733 1604 rogante
747 1511 806 1583 illo
821 1527 860 1582 ut
874 1517 971 1584 mand
987 1514 1156 1604 adessent,

110 1621 177 1691 illis
189 1635 228 1690 ut
242 1644 338 1715 aequo
351 1619 459 1690 animo
474 1631 559 1689 essct
569 1618 790 1690 hortantibus.
809 1617 923 1690 llluxit
937 1617 1006 1692 dies
1022 1623 1081 1716 qui
1092 1647 1161 1694 me·

109 1727 288 1815 tuebatur,
306 1715 444 1798 aderant
459 1727 543 1797 servi
561 1726 639 1812 Dei,
657 1727 742 1796 sicut
755 1748 790 1796 sc
807 1727 970 1799 affuturos
984 1752 1054 1799 esse
1079 1755 1159 1824 pro-

108 1835 267 1906 miserant
298 1864 306 1906 :
334 1833 471 1926 ingressi
495 1847 574 1904 sunt
599 1831 737 1915 medici,
763 1847 922 1927 parantur
946 1837 1057 1907 omnia
1082 1863 1158 1932 quae

109 1943 192 2013 hora
215 1941 272 2012 illa
299 1941 477 2034 poscebat,
504 1941 676 2010 tremenda
699 1938 897 2012 ferramenta
923 1943 1157 2035 proferuntur,

109 2051 257 2121 attonitis
276 2049 506 2143 suspensisque
522 2049 689 2118 omnibus.
707 2048 763 2119 Eis
778 2063 906 2138 autem,
928 2074 1073 2144 quorum
1088 2069 1159 2126 erat

109 2157 417 2254 majorauctoritas,
435 2153 604 2227 desectum
615 2156 718 2226 animi
733 2158 803 2251 ejus
818 2157 1019 2230 consolando
1034 2162 1158 2255 erigen-

109 2267 219 2352 tibus,
237 2264 280 2336 ad
295 2288 412 2334 manus
424 2265 544 2334 secturi
555 2264 703 2333 membra
714 2263 750 2332 in
762 2263 885 2336 lectulo
896 2283 1155 2360 componuntur,

109 2373 285 2446 solvuntur
296 2373 377 2444 nodi
391 2372 659 2465 ligamentorum,
671 2370 817 2440 nudatur
827 2370 931 2460 locus,
944 2374 1076 2468 inspicit
1090 2399 1160 2448 me·

109 2481 221 2566 dicus,
244 2495 277 2550 et
299 2479 478 2550 secandum
492 2477 588 2547 illurn
606 2479 716 2548 sinum
729 2491 872 2548 armatus
888 2493 988 2574 atque
1007 2482 1158 2555 intentus

109 2588 258 2684 inquirit.
285 2591 455 2674 Scrutatur
477 2585 597 2672 oculis,
622 2585 798 2680 digitisque
819 2601 1023 2681 contrectat;
1048 2605 1155 2666 tentat
1189 2585 1194 2596 ’

108 2694 254 2788 denique
265 2693 371 2764 modis
386 2693 540 2790 omnibus
559 2693 706 2762 :invenit
725 2687 941 2762 firmissimam
957 2697 1152 2771 cicatricem.

107 2805 182 2873 l'arn
202 2802 259 2872 illa
275 2802 390 2872 laetitia
405 2814 438 2870 et
452 2799 527 2870 laus
541 2813 641 2893 atque
662 2798 839 2890 gratiarum
854 2801 940 2870 actio
955 2804 1155 2877 misericordi

107 2924 139 2980 et
156 2909 380 3001 omnipotenti
410 2913 495 2992 Deo,
521 2929 596 3000 quae
620 2903 692 2973 susa
716 2918 765 2974 est
791 2928 848 2975 ore
867 2907 1016 2976 omniurn
1044 2908 1155 3001 lacry-

107 3017 275 3088 mantibus
296 3015 438 3108 gaudiis,
455 3036 524 3084 non
538 3025 587 3082 est
600 3010 835 3083 committenda
850 3014 931 3084 meis
944 3013 1052 3087 verbis
1067 3047 1075 3089 ι
1093 3041 1152 3090 co·
1233 3013 1237 3022 ’

107 3125 230 3216 gitetur
244 3121 353 3215 potiirs
367 3123 468 3216 quam
483 3118 622 3190 dicatur.

128 3258 145 3298 u
162 3229 327 3302 lneddem
335 3226 535 3319 Cartbagine
546 3224 736 3296 Innocentia
746 3226 983 3317 religiosissima
996 3229 1145 3320 foemina,

14 3386 18 3398 ·
107 3340 147 3409 de
161 3337 324 3433 primariis
339 3335 439 3429 ipsius
452 3333 602 3419 civitatis,
614 3335 649 3401 in
659 3331 804 3402 mamilla
813 3356 968 3404 cancrum
979 3337 1122 3410 habebat
1132 3371 1144 3438 ¹:

105 3469 188 3534 rem,
206 3446 291 3515 sicut
301 3442 421 3514 medici
435 3441 562 3526 dicunt,
580 3438 680 3508 nullis
695 3440 941 3510 medicamentis
955 3444 1146 3516 sanabilem.

33 3559 37 3566 '
106 3555 174 3622 but
189 3552 267 3642 ergo
281 3545 417 3642 praecidi
436 3545 535 3631 solet,
560 3559 594 3614 et
609 3547 628 3612 t
651 3567 788 3638 corpore
802 3547 944 3637 separari
959 3550 1147 3622 membrum

105 3659 164 3728 ubi
178 3658 324 3728 nascitur
341 3683 350 3726 ε
366 3666 425 3724 aut
440 3665 479 3721 ut
490 3651 659 3745 aliquanto
672 3651 774 3722 homo
786 3651 910 3721 diutiirs
921 3655 1020 3740 vivat,
1034 3669 1146 3728 tamen

105 3765 184 3836 inde
199 3777 305 3835 morte
326 3755 509 3857 quamlibet
523 3757 648 3830 tardius
671 3760 834 3846 affuturi,
857 3762 1038 3832 secundum
1064 3767 1146 3860 Hip·
1261 3845 1265 3860 ,

105 3875 266 3967 pocratis,
286 3885 324 3942 ut
338 3868 467 3954 serunt,
484 3867 692 3954 sententiam,
709 3869 816 3938 'onmis
827 3882 876 3940 est
889 3868 1071 3965 omittenda
1087 3897 1147 3945 cn-

106 3982 201 4052 ratio.
219 3983 291 4052 lloc
306 3977 363 4050 illa
378 3977 398 4047 l
418 3973 525 4084 perito
542 3973 672 4046 medico
692 3987 725 4044 et
740 3997 808 4045 suae
828 3973 942 4048 domui
958 3977 1147 4146 ¹familiaris·

250 4103 288 4154 ll·
977 4087 994 4144 6
