2984 4580
258 401 321 464 398
412 409 591 464 antuomet
613 411 639 458 s.
665 408 814 467 aaaron,
839 408 915 458 etue
939 413 984 471 11,
1009 413 1093 460 anca.
1119 414 1143 454 1.

258 515 403 588 dicentes
421 543 429 586 ι
447 513 595 588 Venisti
613 509 683 584 tuo
713 511 799 582 ante*
827 519 966 603 tempus
990 523 1156 601 torquere
1176 532 1241 580 nos
1258 507 1299 578 ¹?

258 621 434 708 Quomodh
455 645 525 694 non
548 622 643 692 fimes
666 633 701 690 et
722 619 941 706 exhorrescis,
964 617 1300 706 condaemonibus

258 725 450 814 fatentibus,
468 741 507 800 tu
521 729 643 816 negas?
653 725 824 820 quomodo
843 748 912 796 non
923 723 1077 815 intelligis
1091 726 1164 846 quis
1179 726 1221 798 sit
1234 725 1300 794 ho-

259 857 334 906 rum
348 834 503 926 magister
515 832 678 906 malorum
696 832 911 924 dogmatum?
926 832 1032 904 Ntm
1024 855 1051 902 ιι
1074 854 1133 926 qm
1123 831 1214 902 ''ab
1205 832 1301 904 mitio

130 1049 132 1053 v
259 943 429 1016 hominem
443 941 585 1035 decepit,
602 963 661 1044 qm
650 941 765 1014 hond
783 941 949 1034 proposita
960 963 1033 1060 spe,
1056 965 1133 1035 quae
1145 940 1181 1012 in
1201 963 1304 1012 manu

260 1051 330 1143 ejus
340 1061 441 1121 erant
427 1049 549 1120 tbona
571 1046 743 1120 excussit.
735 1047 821 1118 ·hic
844 1059 895 1118 est
915 1047 975 1141 qui
993 1041 1092 1118 etiam
1115 1069 1206 1118 nunc
1230 1048 1303 1120 haec

261 1157 370 1232 dicere
392 1170 427 1230 et
447 1156 570 1230 sentire
588 1155 744 1248 suggerit.
772 1154 920 1276 Idehque
942 1153 1109 1248 aliquibus
1126 1153 1244 1226 suadet
1264 1168 1305 1226 ut

260 1264 467 1356 suspicentur
478 1285 622 1337 noneste
636 1264 833 1358 gehennam,
847 1263 931 1334 utin
946 1262 1131 1352 gehennam
1139 1263 1301 1356 conpetat.

262 1370 551 1456 Quemadmodum
564 1373 680 1444 contri
695 1375 782 1442 Deus
790 1370 935 1440 minatur
951 1371 1151 1460 gehennam,
1169 1385 1203 1440 et
1217 1393 1305 1462 prae-

249 1475 389 1571 'paravit
400 1479 598 1570 gehennam,
615 1491 655 1548 ut
669 1475 806 1548 edoctus
821 1477 867 1546 itt
881 1479 1022 1562 viveres,
1039 1477 1077 1548 ut
1093 1501 1162 1548 non
1176 1477 1306 1548 incide-

247 1607 314 1658 ἰιι
325 1586 362 1658 in
377 1587 574 1678 gehennam.
593 1586 694 1680 Atqui
708 1586 734 1656 si
749 1585 825 1656 cum
842 1585 1061 1676 gehennam,
1079 1583 1229 1666 diabolus
1244 1585 1306 1656 tibi
1366 1591 1374 1597 ’

263 1695 335 1764 haec
346 1691 474 1778 suadet,
492 1691 662 1786 quomodo
673 1691 851 1778 demones,
869 1693 896 1764 si
911 1691 1117 1778 nonfuisset,
1135 1691 1306 1762 esseillam

253 1789 403 1876 ‚comessi
418 1799 569 1885 fuissent,
586 1801 643 1892 qui
658 1798 837 1870 admodum
854 1813 992 1886 curant,
1008 1813 1049 1870 ut
1064 1823 1124 1870 nos
1137 1799 1221 1869 nihil
1240 1797 1306 1868 tale

264 1907 466 1999 suspicemur
489 1929 578 1991 esse,
596 1919 636 1976 ut
658 1906 736 1975 hinc
759 1907 941 1998 ignaviores
960 1903 1058 1991 facti,
1085 1913 1161 1974 cum
1184 1903 1248 1974 illis
1270 1905 1307 1972 in

153 2074 157 2089 .
229 2011 231 2018 ’
263 2012 374 2102 ignem
388 2012 585 2082 incidamus.
604 2009 779 2094 Quomodo
796 2014 894 2103 erge,
912 2011 1060 2104 inquies,
1075 2026 1156 2086 tunc
1169 2010 1307 2082 confite-

264 2121 410 2200 bantur?
421 2115 653 2188 Necessitatem
665 2117 843 2188 instantem
858 2141 927 2188 non
939 2117 1092 2188 serentes.
1107 2118 1307 2210 Haecitaque

265 2225 375 2298 omnia
388 2225 590 2315 cogitanteS,
607 2219 792 2292 desinantii
806 2225 865 2315 qui
878 2223 955 2294 talia
963 2221 1080 2294 dicunt
1088 2237 1121 2292 et
1133 2247 1168 2292 se
1183 2237 1217 2294 et
1228 2223 1308 2294 alios

264 2331 427 2426 decipere.
445 2332 529 2402 Nina
545 2329 720 2400 verborum
740 2328 930 2422 hujusmodi
945 2353 1061 2421 poenas
1075 2329 1221 2416 dabunt,
1238 2345 1306 2400 ter-

131 2453 134 2455 *
198 2523 202 2529 Ι
264 2437 370 2510 sibilia
392 2437 450 2508 illa
476 2435 701 2520 traducentes,
719 2449 752 2508 et
766 2433 890 2506 muhos
913 2437 971 2530 qui
990 2438 1042 2506 sut
1059 2460 1173 2510 curam
1196 2459 1308 2528 gerere

265 2545 400 2629 vellent,
418 2549 612 2627 avertentes,
630 2565 741 2635 neque
753 2543 910 2614 barbaros
926 2545 1085 2630 Ninivitas
1104 2547 1235 2616 imitati.
1255 2545 1307 2616 nti

171 2711 174 2716 ,
265 2649 422 2742 namque,
433 2647 559 2720 etamsi
569 2647 720 2720 omnium
734 2649 888 2742 imperiti,
908 2651 1079 2722 audmntes
1093 2652 1185 2746 quid
1193 2651 1307 2724 civitas

265 2780 324 2856 sua
333 2754 555 2827 subvertenda
570 2769 665 2842 esset,
680 2755 859 2827 nonmodh
870 2780 938 2828 non
948 2757 1047 2829 iidem
1059 2753 1238 2850 negarunt,
1250 2758 1309 2828 sed

264 2865 362 2942 etiam
378 2865 611 2955 ingemuerunt
624 2893 634 2934 ι
647 2885 744 2936 sacco
757 2885 790 2934 se
806 2865 1060 2956 praecinxerunt,
1073 2865 1114 2936 'et
1126 2865 1306 2944 admodim

263 2971 394 3043 demissi
414 2983 512 3055 sunt,
525 2991 587 3046 nee
606 2969 706 3040 finem
724 2967 875 3046 seodrunt
889 2971 960 3044 haec
976 2972 1087 3044 omnia
1109 2971 1308 3065 praestandi,

182 3137 183 3140 ,
264 3077 371 3153 donec
382 3079 465 3152 iram
480 3075 542 3148 Dei.
554 3074 722 3168 pteeurenr
741 3103 749 3146 ε
767 3091 805 3148 tu
823 3079 902 3150 rard
916 3081 975 3172 qui
990 3094 1116 3155 tantam
1131 3082 1233 3154 habes
1252 3103 1308 3150 re-

194 3192 198 3196 ’
253 3205 338 3253 rum
350 3180 598 3273 experientiam,
613 3180 722 3252 verbis
733 3183 804 3252 haec
815 3207 891 3276 quae
906 3184 995 3257 dicta
1010 3187 1305 3259 suntcontemnis‘t

264 3289 381 3383 ltaque
406 3287 568 3360 contraria
588 3287 649 3357 tibi
672 3290 875 3379 confingent.
903 3293 1191 3375 Quemadmodhm
1216 3294 1305 3364 enim

154 3451 155 3465 ,
263 3397 312 3470 itti
323 3396 412 3472 dieta
426 3396 589 3481 timentes,
604 3395 709 3488 reipsa
723 3397 921 3490 supplicium
930 3421 998 3472 non
1010 3402 1136 3494 experti
1146 3415 1245 3492 sunt3
1259 3401 1305 3472 sic

263 3518 297 3579 et
311 3504 467 3576 miserta
480 3504 618 3574 minacia
633 3517 860 3592 contemnens,
874 3507 980 3600 reipet
990 3531 1106 3600 poenas
1116 3511 1301 3602 experieris.
1323 3550 1329 3565 x

262 3612 342 3686 ts
318 3635 345 3682 si
354 3633 445 3680 nunc
458 3611 531 3690 irasc
548 3610 636 3680 dicta
652 3609 713 3678 tibi
735 3608 848 3682 sabula
863 3633 931 3684 csse
944 3615 1121 3702 videntur,
1135 3617 1195 3686 sed
1209 3615 1306 3704 sectis

262 3719 339 3790 ciem
354 3741 404 3790 res
421 3719 500 3810 ipsae
521 3730 601 3786 tunc
617 3715 677 3784 tibi
692 3715 792 3789 fidem
808 3718 941 3790 facient.
967 3725 1042 3792 Non
1057 3722 1149 3797 vides
1164 3700 1258 3818 qnid
1271 3737 1304 3792 et

225 3873 229 3880 -
260 3823 315 3894 hrc
330 3821 444 3894 fecerit
459 3823 631 3899 Christus?
646 3825 815 3918 quomodo
826 3825 956 3896 duobus
967 3826 1150 3903 latronibus
1163 3853 1302 3966 praesen-

297 3933 416 4004 ῑΜιιΗι.
423 3969 463 4004 eru
465 3965 528 4018 ,.29
