2982 4584
269 403 334 466 llo
378 417 382 425 “
423 414 650 462 censorious
677 415 833 477 naraon,
855 415 930 462 ruas
954 420 1003 479 11,
1021 419 1105 465 sues.
1131 421 1154 464 1.

312 523 363 590 Itb
382 519 506 612 pariter
527 517 606 586 alibi
626 513 792 584 Eulalium
816 519 1028 588 Doarensium
1048 520 1254 613 episcopum,
1272 524 1307 593 in

263 630 356 720 cujus
377 625 621 696 consecratione
638 645 821 693 sermonem
844 624 885 692 ad
903 625 1063 716 populum
1086 627 1246 759 habebat,
1267 633 1308 700 li·

265 733 387 804 niendo
403 731 605 824 alloquitur:

312 869 328 906 «
338 846 386 910 Ac
403 861 505 924 nuno,
523 838 543 906 6
558 850 727 930 pastorum
741 838 864 928 optime
876 851 909 906 et
923 839 1197 930 praestantissime,
1212 841 1307 912 ades-

264 949 367 1034 dum,
382 971 419 1017 ac
433 945 621 1030 nobiscum,
640 946 708 1014 imo
723 945 799 1014 ante
814 967 875 1014 nos
890 944 1054 1038 populum
1069 959 1164 1017 tuum
1180 951 1305 1040 accipe,

262 1079 364 1150 quem
388 1055 528 1146 Spiritus
552 1065 683 1122 sanctus
705 1051 765 1120 tibi
785 1053 964 1148 commisit,¹
988 1075 1088 1146 quem
1105 1054 1213 1144 angeli
1225 1057 1309 1124 offe·

263 1177 342 1233 runt
353 1185 477 1282 ,quem
491 1175 525 1230 et
535 1161 624 1245 vita
643 1173 676 1228 et
689 1182 818 1229 morum
838 1161 1002 1251 probitas,
1020 1160 1098 1228 fidei
1118 1175 1184 1230 tuae
1200 1164 1308 1232 credi-

264 1270 324 1339 dit.
339 1269 471 1352 Quod
447 1291 474 1338 sr
489 1291 548 1361 per
563 1267 758 1336 tentationes
774 1279 808 1336 et
821 1265 1057 1366 impedimenta
1072 1269 1183 1338 throni
1198 1271 1306 1339 haere-

259 1375 396 1445 ditatem
415 1375 644 1468 consequeris,
662 1397 730 1443 non
751 1387 801 1442 est
815 1395 875 1441 cur
896 1359 959 1442 tibi
972 1375 1036 1442 hoc
1064 1374 1185 1444 mirum
1201 1375 1306 1446 videri

262 1483 392 1552 debeat.
417 1481 516 1554 Nulla
535 1504 585 1550 res
605 1503 724 1570 magna
739 1478 942 1571 probationis
957 1493 990 1548 et
1006 1481 1174 1550 anxietatis
1190 1497 1239 1551 est
1253 1507 1307 1552 ex-

262 1612 348 1681 pers
363 1589 487 1659 Nature
502 1588 590 1656 enim
607 1586 653 1654 itt
668 1598 894 1676 comparatum
908 1598 976 1672 est,
1000 1599 1039 1654 ut
1054 1609 1104 1656 res
1119 1587 1260 1658 humiles
1272 1603 1307 1659 et
1351 1643 1354 1646 -

262 1696 397 1788 abjectae
414 1692 502 1763 facili
523 1691 655 1814 negotio
681 1704 867 1782 parentur,
881 1713 931 1759 res
956 1705 1067 1782 autem
1093 1680 1250 1764 sublimes
1259 1711 1307 1770 et

263 1801 419 1888 excelsae,
414 1825 504 1871 non
531 1799 593 1868 nisi
607 1821 736 1868 summo
759 1797 867 1866 studio
891 1811 925 1866 et
945 1775 1149 1868 difficultate.
1173 1800 1306 1873 Audisti

223 1949 225 1954 .
263 1908 404 1978 Paulum
430 1907 594 1984 dicentem
622 1905 797 1996 Oportere
816 1926 968 1996 uesper
992 1903 1126 1974 multas
1155 1905 1305 1977 tribula·

262 2018 376 2084 tiones
391 2015 538 2082 introire
553 2013 590 2080 in
607 2035 757 2104 regnum
774 2008 947 2079 coelorum
957 2015 981 2078 1.
997 2012 1055 2080 Dic
1065 2012 1132 2100 ipse
1143 2015 1278 2106 quoque
1294 2044 1303 2085 :

267 2120 516 2190 Transioimus
525 2141 594 2208 per
604 2119 726 2212 ignem
740 2129 775 2184 et
786 2139 925 2206 aquom
932 2171 945 2203 ,
963 2131 999 2184 et
1012 2113 1172 2186 eduxisti
1184 2141 1250 2188 nos
1265 2121 1306 2188 in

154 2281 156 2286 .
261 2224 491 2321 rrffi‘igerr'um
502 2229 526 2292 ².
542 2223 710 2313 Oinsigne
724 2221 922 2290 miraculum
939 2223 947 2290 ἔ
966 2221 1033 2292 Ad
1037 2247 1226 2315 vesperam
1241 2223 1305 2295 de-

261 2345 423 2402 moratus
435 2328 621 2426 eatfletus,
636 2326 735 2398 etad
744 2331 961 2398 arelatinum
977 2327 1134 2400 laetatae
1148 2333 1223 2402 Sine
1233 2357 1302 2419 eos,

260 2445 318 2532 qui
338 2439 464 2509 bellum
492 2452 631 2529 gerunt,
660 2437 775 2526 nugari
799 2449 898 2528 atque
925 2437 1079 2527 ineptire,
1103 2461 1141 2507 ac
1164 2437 1317 2510 diducto.

259 2548 346 2614 rictu
363 2547 470 2628 hiare,
487 2556 527 2642 ut
548 2565 644 2610 canes
656 2540 776 2610 frustrb
792 2541 991 2612 oblatrantes
1012 2567 1096 2614 :nos
1122 2559 1233 2614 autem
1258 2571 1304 2616 ne

259 2649 348 2718 bello
372 2670 538 2719 vexemur.
562 2653 650 2718 Doce
670 2645 805 2719 adorare
828 2653 934 2718 Deum
955 2655 1104 2738 Patrem,
1123 2657 1229 2722 Deum
1245 2656 1305 2723 Fi-

259 2757 363 2843 lium,
381 2761 487 2826 Deum
512 2755 668 2848 Spiritum
695 2770 861 2843 sanctum,
890 2756 926 2824 in
944 2758 1050 2828 tribus
1071 2763 1241 2847 Personis,
1264 2763 1304 2832 in

210 2875 212 2880 “
258 2868 325 2935 unt
348 2865 450 2955 gloria
470 2877 504 2932 et
518 2862 703 2956 splendore.
728 2861 840 2956 Quod
855 2865 985 2956 periet,
1007 2889 1183 2958 exquzre:
1202 2868 1307 2959 quod

259 2974 439 3042 mlirmum
465 2983 518 3039 est
540 2967 764 3040 corrobora:
787 2968 886 3060 quod
895 2974 1049 3066 firmum
1064 2987 1139 3060 est,
1156 2979 1300 3046 seroa4.

261 3065 431 3145 Tantam
422 3089 497 3144 ate
520 3077 556 3144 in
581 3075 802 3168 spiritualibus
819 3079 917 3146 rebus
937 3079 1068 3149 laudem
1093 3083 1304 3201 nominisque

257 3183 395 3276 gloriam
411 3183 639 3272 efflagitemus
653 3198 811 3276 quantam
823 3187 858 3253 in
872 3187 1008 3256 terrenis
1019 3188 1158 3278 negotiis
1173 3211 1302 3279 cogno·

255 3292 373 3359 vimus.
393 3287 625 3358 Perfectiorem
637 3304 835 3374 armaturam
844 3294 866 3368 b
875 3293 1053 3385 majoribus
1065 3294 1206 3364 ducibus
1216 3297 1301 3365 acci·
1318 3339 1324 3348 -

255 3399 336 3491 pies,
354 3420 412 3488 per
427 3419 528 3488 quam
542 3399 663 3488 poteris
676 3397 705 3468 I
699 3400 806 3493 gnita
818 3395 958 3468 dr'ubob'
967 3385 1041 3468 tela
1051 3403 1298 3498 extinguerffi,

255 3529 304 3590 ac,
314 3503 449 3575 Sistere
460 3502 619 3572 Domino
631 3502 775 3595 plebem
784 3504 1018 3596 peculiarem,
1034 3521 1181 3604 gentem
1191 3527 1301 3579 sanc-

254 3623 343 3695 tam,
361 3607 485 3704 regale
496 3605 771 3693 sacerdotium,
788 3611 823 3676 in
838 3611 967 3680 Christo
978 3616 1057 3682 lesu
1066 3615 1208 3685 Domino
1221 3639 1299 3687 nos·

252 3729 319 3800 tro,
338 3715 392 3782 cui
407 3713 509 3804 gloria
523 3714 559 3781 in
573 3712 692 3804 saecula
708 3712 915 3782 saeculorum.
933 3719 1074 3788 ament
1096 3747 1112 3785 »

181 3907 182 3911 ,
287 3861 362 3908 ¹Act.
376 3874 427 3920 nr,
441 3871 484 3908 21.
498 3883 530 3894 -
544 3868 554 3894 ²
568 3857 629 3912 Psal.
641 3873 683 3924 xv,
697 3871 736 3909 ra.
751 3856 805 3896 -3
819 3859 856 3910 Id.
867 3873 933 3923 xxix,
944 3863 968 3910 6.
984 3883 1017 3898 --
1028 3860 1042 3909 t
1054 3863 1143 3914 Ezecb.
1163 3881 1245 3930 xxxiv,
1263 3864 1292 3931 4.

253 3938 301 3977 ..5
314 3941 401 4006 Ephes.
413 3958 447 4006 rr,
463 3941 503 3992 16.
521 3935 576 3978 -6
591 3958 602 3992 ι
614 3943 679 3994 Petr.
690 3959 717 4008 n,
729 3959 755 4010 9.
767 3953 820 3994 -,7
834 3939 858 3994 S.
872 3942 972 4009 Gregor.
986 3945 1069 3999 l'lreol.
1082 3949 1149 3999 Orat.
1167 3951 1293 4016 xur,n.4.
