2984 4580
283 413 348 478 380
437 431 615 478 annnorum
638 431 664 478 s.
689 429 843 496 airaon,
868 431 944 480 rnna
968 435 1010 495 11,
1036 433 1119 480 aner.
1145 435 1169 500 ιι.

281 531 399 604 nostris
418 531 622 626 loquuntur,
645 531 704 601 sed
724 528 766 600 de
781 536 871 624 Rege
886 555 1048 626 superno,
1066 529 1108 602 de
1123 529 1212 602 bello
1232 554 1319 624 prae-

280 641 383 727 senti,
398 639 439 710 de
455 636 578 709 diaboli
590 640 880 725 machinamentis,
894 638 936 710 de
951 654 1140 711 sanctorum
1154 640 1263 732 gestis.
1286 641 1321 711 Si

279 771 356 820 curn
372 745 436 818 illis
455 769 702 838 comparemur,
725 744 841 839 quida
857 743 1000 816 formicis
1017 737 1222 816 differimus?
1237 747 1320 817 nihil

279 854 378 925 certe.
395 855 479 925 th
493 867 533 924 ut
549 851 694 923 formicae
709 853 889 946 corporalia
908 867 1037 939 curant,
1054 855 1100 923 itt
1122 867 1155 922 et
1170 877 1241 924 nos.
1257 858 1320 924 ht-

268 981 345 1055 ·que
359 959 415 1029 illa
433 959 540 1029 schim
561 959 690 1029 utinhm
708 982 914 1049 curaremus,
936 967 970 1029 a't
993 959 1081 1029 certe
1101 979 1191 1029 nunc
1212 959 1319 1030 multd

162 1135 171 1152 ,
278 1069 400 1160 pejora.
420 1069 534 1159 Neque
550 1067 638 1136 enim
661 1063 703 1135 de
718 1067 905 1136 necessariis
918 1066 1024 1151 solinu
1040 1090 1119 1136 cura
1135 1081 1184 1136 est
1203 1067 1316 1154 nobis,

277 1175 360 1244 sieut
375 1174 532 1260 formicis,
550 1173 722 1245 sedetiam
740 1172 782 1243 de
798 1175 982 1267 superfluis.
999 1173 1069 1242 Illae
1086 1173 1229 1268 namque
1243 1197 1320 1244 cur-

277 1305 350 1352 sum
366 1295 481 1352 tenent
501 1282 592 1350 omni
616 1281 752 1351 crimine
774 1279 916 1364 liberum
940 1311 948 1351 ι
975 1305 1034 1351 nos
1054 1295 1163 1350 autern
1186 1305 1318 1351 omnem

276 1389 400 1482 rapinae
414 1387 563 1458 modum.
582 1392 696 1481 Neque
718 1387 870 1458 formicas
884 1389 1067 1474 imitamur,
1090 1385 1147 1457 sed
1166 1386 1264 1480 lupos
1285 1401 1319 1458 et

275 1495 447 1589 leopardos
469 1524 477 1580 ;
495 1496 563 1576 imh
578 1509 611 1564 et
631 1495 694 1564 illis
709 1497 834 1588 pejores
849 1519 974 1566 sumus.
992 1494 1060 1565 Illis
1081 1495 1224 1588 namque
1240 1519 1317 1564 eum

275 1603 428 1674 vescendi
440 1602 578 1672 modum
592 1615 708 1670 natura
720 1602 837 1671 tribuit
852 1631 859 1672 z
872 1626 931 1672 nos
943 1604 1021 1672 verri
1034 1603 1160 1672 ratione
1172 1616 1205 1672 et
1216 1603 1318 1696 aequi·

275 1723 342 1781 tate
357 1709 487 1780 ornavit
501 1713 609 1799 Deus,
627 1721 660 1778 at
678 1731 738 1778 nos
757 1706 832 1778 feris
849 1711 974 1778 ratione
990 1707 1153 1779 destitutis
1174 1699 1317 1780 deterio-

274 1839 325 1886 res
340 1816 501 1886 evasimus
516 1841 527 1886 r
542 1814 591 1884 illi
605 1816 684 1885 vero
705 1813 827 1907 angelis
839 1813 993 1908 aequales,
1005 1815 1089 1886 sicut
1104 1815 1267 1909 peregrini
1283 1830 1316 1886 et

274 1923 413 2020 advenae¹
425 1924 480 1992 hic
494 1937 588 2012 sunt,
599 1922 635 1989 in
647 1922 866 2016 omnibusque
881 1936 958 1992 sunt
974 1923 1068 1992 nohis
1084 1921 1267 2009 dissimiles,
1282 1923 1316 1992 in

257 2032 430 2117 ·vestibus,
448 2031 535 2117 cibo,
550 2030 662 2115 domo,
678 2029 805 2116 calceis,
823 2054 983 2101 sermone.
1005 2032 1037 2102 Si
1056 2032 1129 2124 quis
1145 2045 1177 2100 et
1196 2030 1270 2102 illos
1281 2044 1315 2102 et

166 2159 171 2164 ·
273 2161 333 2212 nos
352 2137 524 2232 loquentes
544 2135 689 2223 audiret,
713 2150 794 2206 tunc
818 2137 915 2230 plane
941 2151 1049 2207 nosset
1077 2136 1245 2232 quomodd
1266 2135 1314 2207 illi

273 2245 422 2315 coelestes
433 2245 531 2333 cives,
544 2267 604 2315 nos
615 2268 657 2316 ne
672 2246 758 2315 terri
767 2243 902 2338 quidem
914 2243 1007 2336 digni
1018 2245 1130 2314 simus.
1144 2243 1224 2314 Ided
1236 2244 1313 2314 crim

272 2355 346 2448 quis
362 2355 520 2446 dignitate
535 2355 670 2448 insignis
685 2353 758 2424 illos
774 2351 854 2439 adit,
872 2366 953 2422 tunc
970 2353 1111 2422 maxime
1127 2351 1229 2426 fastus
1241 2377 1313 2424 om·

271 2462 322 2531 nis
334 2463 496 2555 dejicitur.
514 2465 598 2532 th
608 2459 814 2552 agricolaille
826 2457 1031 2528 saecularium
1045 2459 1194 2530 omniurn
1204 2460 1311 2552 impe-

271 2568 365 2652 ritus,
379 2568 482 2659 proph
493 2566 611 2659 ducem
624 2565 666 2636 de
681 2565 838 2656 dignitate
847 2567 905 2634 suh
912 2565 1016 2634 altum
1026 2567 1205 2659 sapientem
1220 2565 1311 2637 sedet

270 2675 513 2765 superstratum
528 2669 607 2758 feni,
622 2693 698 2741 curn
720 2669 852 2741 sordido
866 2671 1040 2765 pulvinari.
1054 2676 1128 2744 Non
1146 2675 1233 2742 enirn
1249 2673 1310 2742 ad·

269 2793 348 2850 sunt
362 2779 408 2849 ibi
420 2780 478 2874 qui
491 2780 598 2872 ipsum
615 2777 776 2848 extollant
790 2791 823 2846 et
839 2778 978 2869 inflent,
996 2777 1053 2848 sed
1067 2779 1211 2872 idipsum
1228 2780 1309 2849 acci·

269 2887 319 2958 dit
335 2913 373 2958 ac
394 2889 420 2958 si
436 2889 508 2982 quis
523 2888 565 2958 ad
580 2889 747 2957 aurificem
768 2901 801 2956 et
816 2900 960 2957 rosetum
978 2889 1107 2978 veniat,
1124 2890 1201 2956 nem
1219 2903 1252 2958 et
1267 2889 1308 2958 ab

268 3018 349 3065 auro
365 3008 398 3066 et
418 2997 437 3062 l
457 2993 536 3064 rosis
554 2987 681 3086 aliquid
700 2992 882 3084 splendoris
903 2995 1020 3086 accipit
1038 3023 1045 3064 :
1063 2994 1108 3063 it¹a
1131 3009 1165 3064 et
1185 2994 1251 3080 illi,
1269 3019 1309 3064 ex

267 3101 507 3170 Monaehorum
523 3097 628 3168 >radiis
651 3097 776 3192 aliquid
801 3097 886 3168 lueri
909 3098 1107 3186 referentes,
1134 3099 1308 3193 paululum

267 3205 405 3300 quidex
425 3207 608 3296 arrogantil
628 3205 811 3300 deponunt.
835 3213 883 3277 Ac
899 3207 1180 3301 quemadmodirm
1200 3209 1259 3302 qui
1274 3209 1307 3276 in

153 3315 154 3319 ’
188 3301 190 3308 “
266 3312 371 3384 altum
383 3313 529 3388 ascendit
541 3313 665 3400 locum,
678 3314 889 3408 quantumvis
902 3317 1025 3384 staturi
1037 3339 1154 3408 parvus
1168 3315 1221 3396 sit,
1236 3339 1308 3408 pro·

153 3411 157 3417 ¹
265 3445 359 3494 cerus
371 3421 501 3494 videtur
520 3445 608 3513 esse,
626 3423 671 3492 sic
683 3437 716 3492 et
732 3423 804 3508 isti,
822 3423 899 3492 crim
911 3423 1067 3493 sublimes
1087 3423 1222 3495 illorum
1234 3424 1307 3494 ani-

265 3553 336 3600 mos
356 3529 495 3616 adeunt,
519 3528 639 3600 similes
658 3528 722 3598 illis
746 3535 905 3624 apparent
923 3531 1071 3625 qua'ndiir
1086 3531 1132 3600 ibi
1145 3547 1304 3602 manent:

265 3637 342 3707 crim
374 3651 484 3706 autem
508 3634 755 3722 descenderint,
780 3638 891 3732 rursus
910 3635 1101 3707 humiliores
1125 3637 1304 3725 videntur,

262 3746 308 3815 'ab
325 3743 382 3813 ille
402 3743 577 3814 altitudine
599 3741 728 3835 dejecti.
751 3744 839 3816 Nihil
858 3746 948 3837 apud
964 3743 1037 3814 illos
1058 3759 1106 3814 est
1126 3769 1201 3834 rex,
1224 3745 1307 3814 nihil

263 3851 457 3946 praefectus3
475 3850 532 3921 sed
546 3849 826 3943 quemadmodum
842 3875 902 3920 nos
913 3850 956 3920 de
972 3853 1082 3944 pueris
1094 3851 1168 3924 illos
1184 3877 1306 3946 reprae-

264 3957 469 4030 sentantibus
484 3956 649 4044 ridemus,
662 3957 706 4035 sic
720 3972 753 4027 et
768 3957 816 4026 illi
832 3971 997 4031 tumorem
1009 3982 1141 4046 eorum,
1156 3960 1216 4053 qui
1227 3957 1307 4031 foris
