2996 4598
246 477 348 526 orror
370 481 421 526 ιιι.
447 481 488 525 nr
511 477 761 528 ranrtnrrrouu
784 472 826 526 ln
849 479 1121 532 commoturum.-
1145 470 1187 532 33

89 589 91 596 '
150 589 200 644 est
222 563 318 648 etiam
334 580 409 665 illa,
433 591 509 672 quae
533 577 685 666 damnat,
703 593 814 650 tenere
837 595 984 672 cogatur.
1006 587 1081 655 Non
1101 585 1189 654 euim
1268 595 1277 606 '

151 704 226 751 vera
240 683 402 756 inserebat
415 683 604 778 Apostolus,
616 686 694 755 cirm
711 685 833 755 diceret
850 687 1004 779 :Neque
1024 689 1189 762 Christus

152 793 374 877 resurrexit,
389 805 422 860 et
437 791 494 860 illa
510 791 598 861 alia':
616 789 737 860 ruanis
753 805 808 859 est
814 789 1029 883 prcedicutio
1044 797 1186 886 nostra,
1259 811 1262 816 '

152 894 273 965 inanis
289 891 343 966 est
361 909 395 966 et
407 893 498 987 fides
519 909 643 965 uestra
670 900 701 976 ¹,
719 910 752 965 et
767 896 921 990 deinceps
945 898 1004 968 alia
1022 925 1097 993 quae
1120 927 1191 973 om-

151 999 231 1085 nino
246 999 328 1070 falsa
347 1015 440 1086 sont,
458 1001 537 1094 quia
552 1015 585 1070 et
600 1001 747 1070 Christus
767 1003 964 1088 resurrexit,
982 1017 1015 1073 et
1034 1029 1103 1075 non
1124 1023 1193 1078 erat
1212 1045 1215 1052 ·

151 1103 255 1174 inanis
270 1106 463 1198 praedicatio
481 1129 596 1175 eorum
608 1107 665 1198 qui
679 1107 743 1175 hoe
760 1108 1017 1203 annuntiabant,
1035 1134 1097 1181 nec
1112 1113 1195 1182 fides

151 1233 267 1280 eorum
282 1213 342 1305 qui
356 1213 423 1302 hoc
438 1209 659 1298 crediderant3
682 1209 740 1280 sed
753 1212 814 1280 ista
838 1211 919 1282 falsa
935 1215 1098 1284 verissime
1111 1241 1194 1288 con·

150 1319 374 1388 nectebantur
385 1316 434 1386 illi
450 1317 640 1403 sententiae,
660 1319 728 1409 qut
740 1318 912 1398 dicebatur
923 1343 992 1402 nou
1007 1345 1075 1392 esse
1090 1347 1196 1395 resur·
1248 1329 1252 1338 ’

143 1427 335 1494 rectionem
348 1437 565 1494 mortuorum.
585 1424 658 1492 Istis
672 1437 783 1494 autem
802 1423 889 1496 falsis
905 1429 1099 1520 repudiatis,
1113 1455 1196 1526 quo·

150 1531 243 1598 niam
255 1553 331 1600 vera
346 1543 449 1616 erant,
464 1530 491 1598 si
500 1530 624 1600 mortui
636 1553 705 1600 non
715 1548 904 1622 resurgunt,
919 1557 1123 1630 consequens
1134 1541 1197 1611 erit
1231 1593 1235 1602 .

149 1636 346 1707 resurrectio
358 1651 575 1706 mortuorum.
595 1637 681 1707 Cirm
696 1641 774 1730 ergb
789 1661 876 1709 verae
885 1639 950 1709 sint
964 1645 1193 1736 connexiones,

151 1765 221 1812 non
242 1742 350 1812 solum
369 1767 538 1830 verarum,
561 1741 619 1812 sed
633 1745 738 1812 etiam
760 1743 916 1814 salsarum
939 1737 1192 1841 sententiarum,

151 1847 247 1918 facile
263 1863 312 1918 est
322 1850 493 1922 veritatem
507 1851 749 1920 connexionum
762 1851 860 1920 etiam
873 1853 909 1920 in
924 1855 1042 1924 scholis
1056 1857 1120 1930 illis
1131 1859 1198 1930 dis-

151 1979 246 2042 cere,
264 1981 340 2050 quae
362 1971 480 2050 preter
495 1957 672 2026 Ecclesiam
698 1971 786 2028 sunt.
818 1961 1061 2031 Sententiarum
1085 1979 1197 2036 autem

153 2064 271 2133 veritas
283 2065 317 2134 in
332 2065 450 2133 sanctis
462 2063 569 2132 Libris
585 2062 806 2151 ecclesiasticis
826 2065 1051 2157 investiganda
1068 2085 1116 2140 est
1126 2077 1152 2142 ².
1179 2100 1196 2140 u

197 2174 245 2239 De
272 2172 444 2262 praeceptis
473 2169 608 2238 tandem
636 2169 860 2262 eloquentiae,
891 2175 1053 2268 variisque
1083 2201 1199 2250 eorum

155 2275 336 2356 commodis
358 2277 404 2344 itt
426 2273 583 2353 disserit:
610 2302 626 2340 u
642 2278 725 2344 Sunt
746 2275 845 2344 etiam
864 2279 1016 2370 quaedam
1033 2298 1199 2377 praecepta

154 2381 313 2450 uberioris
333 2374 578 2472 disputationiS,
602 2403 678 2472 quae
693 2382 762 2472 jbm
782 2382 970 2475 eloquentia
986 2390 1196 2479 nominatur,

154 2511 229 2579 quae
257 2485 471 2555 nihilominus
495 2508 569 2555 vera
590 2501 687 2572 sum,
714 2487 863 2579 quamvis
887 2491 932 2560 eis
952 2493 1077 2584 possint
1100 2498 1223 2568 etiam
1269 2565 1271 2570 .

155 2591 236 2664 falsa
252 2594 453 2686 persuaderi:
474 2592 530 2662 sed
545 2591 623 2684 quia
639 2607 672 2662 et
686 2617 762 2664 vera
777 2612 929 2688 possunt,
947 2623 1016 2670 non
1031 2617 1080 2673 est
1095 2605 1199 2677 facul·

155 2715 203 2771 tas
218 2693 288 2794 ipsa
304 2699 492 2794 culpabilis,
505 2701 562 2767 sed
574 2724 612 2768 ea
623 2700 709 2768 male
719 2702 884 2772 utentium
896 2711 1100 2798 perversitas.
1115 2718 1199 2787 N'am

126 2807 129 2814 ’
155 2829 265 2901 neque
280 2809 345 2877 hoc
362 2807 403 2877 ab
417 2804 606 2874 hominibus
621 2805 808 2874 institutum
824 2822 889 2892 est,
910 2825 948 2878 ut
960 2813 1125 2884 charitatis
1139 2843 1198 2888 ex-

156 2915 279 3006 pressio
295 2913 449 2983 conciliet
462 2911 657 2996 auditorem,
676 2925 734 2980 aut
748 2925 787 2980 ut
801 2911 918 3000 facile,
935 2916 1028 3007 quod
1043 2920 1196 3013 intendit,

157 3022 302 3090 insinuet
318 3035 351 3090 et
368 3021 479 3102 brevis
491 3032 524 3088 et
537 3033 648 3112 aperta
664 3021 829 3108 narratio,
844 3034 877 3090 et
888 3021 1026 3094 varietas
1046 3027 1115 3120 ejus
1130 3031 1200 3101 siue

126 3123 131 3128 ⁷
157 3126 288 3198 fastidio
306 3141 416 3213 teneat
429 3126 591 3215 intentos,
609 3139 643 3194 et
657 3140 783 3196 caeteroe
796 3127 991 3220 hujusmodi
998 3131 1198 3226 observatio.
1249 3171 1251 3174 -

156 3257 212 3304 nes
221 3259 297 3328 quae
310 3234 377 3304 sive
389 3230 539 3318 insalsis,
551 3231 661 3325 sivein
672 3231 756 3301 veris
765 3234 870 3302 causis
880 3257 966 3304 verae
981 3254 1059 3310 sunt
1069 3254 1194 3334 tamen,

158 3341 193 3408 in
208 3353 371 3435 quantum
384 3337 438 3409 vel
454 3337 527 3423 sciri
541 3336 595 3407 vel
615 3334 704 3406 credi
720 3337 844 3430 aliquid
859 3339 997 3429 faciunt,
1012 3359 1070 3415 aut
1088 3349 1129 3417 ad
1142 3374 1199 3422 ex-

159 3446 339 3540 petendum
352 3443 587 3534 fugiendumve
597 3445 722 3514 animos
734 3459 880 3531 movent,
890 3461 923 3516 et
934 3447 1077 3520 inventae
1089 3457 1199 3546 potius

160 3554 251 3646 qubd
262 3554 308 3621 itt
319 3573 352 3620 se
361 3550 517 3635 habeant,
530 3551 629 3642 quim
637 3563 675 3618 ut
683 3549 729 3618 itt
740 3573 774 3618 se
782 3549 944 3622 haberent
951 3553 1120 3628 institutae.
1133 3565 1199 3634 Sed

160 3659 332 3750 baecpars,
348 3655 423 3726 cirm
434 3654 581 3738 discitur,
591 3653 694 3744 magis
705 3669 743 3723 ut
756 3655 960 3746 proferamus
981 3683 1039 3746 ea,
1055 3687 1131 3756 quoe
1145 3667 1199 3738 in.

162 3763 290 3834 tellecta
305 3776 393 3848 sunt,
405 3764 551 3854 quimut
566 3758 784 3850 intelligamus
800 3761 987 3834 adhibenda
1003 3769 1118 3845 est³.‚u
1196 3760 1198 3764 Α

198 3903 204 3927 ¹
223 3909 232 3941 ι
249 3879 304 3942 Cor.
319 3909 361 3950 xv,
378 3889 417 3952 13,
438 3887 475 3953 14.
491 3911 521 3924 —
536 3890 579 3938 ¹8.
595 3889 691 3953 August.
706 3887 737 3938 de
749 3889 856 3940 Doctrin.
871 3890 954 3944 christ.
969 3892 1010 3944 lib.
1027 3911 1052 3946 rr.
1072 3914 1125 3964 cap.
1140 3917 1197 3967 xxx,

165 3974 204 4041 48,
214 3975 255 4044 49.
271 4001 303 4012 -
315 3975 326 4011 ³
338 3977 375 4026 Id.
389 3990 478 4037 xxmu,
493 3971 533 4037 54,
548 3972 588 4022 55.
1088 3983 1091 3986 “

342 4073 378 4120 ιι.
449 4077 452 4082 ’
1043 4063 1062 4124 3
