2982 4584
285 448 350 512 454
384 521 389 536 x
439 427 619 510 aaaroarea
641 459 843 518 effremuit,
868 461 944 510 alra
967 466 1012 524 11,
1038 465 1122 509 sacr.
1148 467 1171 508 1.

278 567 381 636 funus
405 540 581 650 deduxisti,
610 588 647 632 ac
670 585 724 632 me
747 561 903 655 quoque,
921 576 988 632 aut¹
1001 562 1086 632 nihil
1112 561 1241 649 adhuc,
1268 577 1326 634 aut
1419 557 1423 565 ¹

160 709 161 712 ¹
278 671 368 742 certe
383 670 500 763 panim
515 671 614 763 hujus
629 669 705 740 vitae
721 667 813 743 malis
830 669 1010 756 afflictum,
1035 669 1153 738 iisdem
1168 669 1324 739 taberna·

262 778 362 856 ¹culis
381 777 497 870 excipe
515 805 523 848 ι
542 790 643 870 atque
665 775 741 845 ante
757 775 991 862 tabemacula‚
1009 776 1073 846 hoc
1091 773 1182 846 dulei
1195 776 1321 868 lapide,

276 907 377 980 quem
393 876 557 956 ambobus
575 882 671 953 nobis
691 883 848 968 statuisti,
870 881 1024 953 videlicet
1039 883 1094 952 hie
1114 883 1251 976 quoque
1273 907 1325 954 sa·

277 991 447 1064 cerdotem
461 1004 559 1062 tuum
582 1004 616 1060 et
635 990 866 1080 cognominem
884 991 1010 1060 honore
1025 991 1188 1078 afficiens,
1208 1004 1242 1060 et
1255 1013 1325 1062 scr-

278 1101 369 1174 moui
384 1098 614 1192 praetermisso,
632 1109 666 1166 et
679 1097 716 1166 in
738 1095 789 1166 tul
804 1095 942 1188 gratiam
958 1111 1144 1190 assumpto,
1160 1097 1295 1188 ignosce
1313 1127 1322 1169 ε

278 1229 316 1279 ac
330 1206 488 1300 denique,
506 1204 582 1274 cum
596 1227 728 1296 gregem
743 1205 945 1289 universum,
960 1217 993 1274 et
1008 1205 1179 1298 pontifices
1195 1228 1321 1292 omnes,

276 1335 420 1406 quorum
436 1325 529 1405 pater
543 1323 679 1381 vocatus
695 1310 902 1397 es‚'t1imme
916 1311 1097 1402 praesertim
1109 1364 1118 1397 ,
1132 1313 1271 1404 paterne
1287 1335 1324 1383 ac

279 1417 491 1513 spiritualiter
515 1429 667 1488 coactum
676 1469 689 1504 ,
706 1416 844 1508 periculi
858 1439 988 1487 securos
1007 1416 1175 1509 guberna,
1193 1441 1236 1487 ne
1256 1420 1324 1489 vim

276 1527 358 1621 mihi
374 1526 432 1598 abs
444 1538 477 1596 te
492 1522 617 1594 illatam
631 1523 870 1616 usquequaque
883 1546 1045 1593 accusem.
1099 1571 1102 1578 -

293 1689 296 1698 ,
322 1661 340 1702 a
365 1637 410 1706 At
424 1645 479 1718 tu,
497 1629 580 1725 quid
601 1652 732 1713 censes,
755 1631 775 1699 ὀ
795 1651 983 1700 sermonum
997 1652 1147 1701 meorum
1170 1643 1204 1700 et
1219 1631 1323 1722 agita-

174 1814 176 1818 1
275 1741 405 1812 donum
421 1739 546 1833 judex?
561 1737 588 1808 si
601 1738 675 1808 haec
689 1731 740 1808 sat
754 1736 926 1807 commode
946 1751 980 1808 et
995 1737 1147 1830 copiose,
1165 1751 1264 1832 atque
1283 1751 1323 1808 ut

119 1846 136 1910 ’.
184 1930 186 1933 ,
278 1846 460 1939 cupiditate
478 1845 537 1916 tui
556 1845 695 1935 dignum
714 1851 803 1928 erat,
816 1843 904 1914 dieta
920 1858 1008 1930 sunt,
1030 1846 1094 1914 hoe
1114 1843 1243 1915 calculo
1263 1859 1322 1916 tuo

276 1955 454 2039 confirma,
472 1965 506 2022 et
521 1951 728 2042 accipiemus.
746 1951 829 2021 Nam
841 1951 991 2042 profecto
1000 1952 1059 2021 Dei
1068 1951 1229 2039 calculus,
1244 1965 1322 2022 tuus

277 2059 425 2132 calculus
437 2072 497 2130 est.
516 2058 573 2129 Sin
589 2055 808 2148 autemlongd
819 2056 906 2126 infra
918 2057 1017 2150 ipsius
1028 2056 1165 2150 gloriam
1181 2072 1215 2128 et
1230 2080 1323 2152 spem

174 2221 176 2227 .
276 2182 369 2240 tuam
389 2165 616 2250 substitimus,
642 2165 676 2234 in
701 2177 859 2256 promptu
882 2166 1011 2259 estqui
1034 2167 1204 2260 suppetias¹
1224 2167 1319 2238 ferat.

243 2331 245 2340 ,
275 2278 399 2346 Vocem
416 2287 528 2358 tuam,
542 2285 739 2364 opportunae
755 2269 877 2363 pluvias
898 2272 999 2342 instar
1019 2274 1215 2366 expetitam,
1233 2273 1321 2344 illius

272 2378 428 2452 laudibus
443 2378 596 2458 immitte.
611 2381 659 2448 lc
674 2376 751 2446 sane
766 2377 836 2468 ipse
851 2377 996 2447 maximis
1006 2392 1040 2447 te
1054 2379 1246 2448 nominibus
1259 2380 1321 2467 sibi

273 2484 453 2557 obnoxium
468 2497 503 2552 et
517 2475 712 2572 obstrictum
723 2482 837 2567 habet,
853 2483 973 2573 nempe
989 2495 1024 2552 et·
1035 2497 1073 2554 ut
1084 2497 1196 2576 pastor
1210 2499 1321 2577 pasto-

274 2613 357 2678 rem,
375 2604 408 2660 et
424 2603 462 2660 ut
476 2601 569 2682 pater
584 2586 701 2672 lilium,
718 2587 811 2681 quod
826 2587 1016 2682 quidemad
1033 2594 1171 2683 gratiam
1188 2593 1317 2662 attinet.

273 2697 363 2784 Quid
378 2699 457 2770 vero
472 2695 743 2782 mirandum‚,si‚
759 2697 817 2790 qui
838 2711 1000 2768 terrarum
1017 2700 1088 2769 orbi
1103 2723 1162 2793 per
1178 2713 1211 2768 te
1230 2701 1319 2770 into·

274 2807 365 2893 mait,
390 2805 478 2876 idem
500 2827 590 2876 nunc
613 2801 760 2874 fructum
778 2804 912 2898 quoque
936 2804 1080 2898 aliquem
1101 2830 1141 2876 ex
1161 2808 1220 2876 tua
1239 2829 1321 2878 voce
1346 2799 1349 2801 ’

274 2914 522 3006 capiathestat
527 2912 608 3003 j'am,
616 2917 654 2995 ut
666 2932 743 2980 eum
754 2909 915 3002 spirituali
927 2913 1016 2997 sard,
1030 2913 1140 3003 magni
1148 2914 1253 2984 nostri
1261 2935 1320 3006 pa·

223 3073 224 3076 ,
272 3019 332 3090 tris
348 3017 491 3090 Abrahae
504 3018 661 3108 conjuge,
679 3029 778 3107 atque
795 3015 1084 3108 ejusdem-aetatis,
1103 3017 1145 3089 de
1162 3020 1218 3106 iis,
1244 3043 1320 3113 quae

275 3124 319 3196 ad
340 3125 443 3196 funus
458 3134 620 3214 spectent,
634 3118 801 3218 disseram.

320 3257 337 3300 a
362 3235 437 3306 Non
459 3244 527 3317 est,
548 3231 704 3318 dilatet,
723 3228 838 3302 eadem
853 3232 912 3300 Dei
937 3245 974 3329 et⁴
989 3233 1163 3304 hominum
1179 3248 1318 3328 natura3

273 3353 343 3428 aut,
360 3353 399 3412 ut
413 3340 449 3410 in
462 3361 578 3432 genere
588 3338 718 3433 loquar,
736 3359 929 3432 superorum
942 3355 975 3410 et
986 3343 1201 3412 terrestrium.
1218 3342 1320 3436 Apud

164 3436 166 3442 ’
272 3447 345 3532 illos
363 3446 452 3518 enim
472 3459 624 3518 constans
643 3461 677 3518 et
701 3445 887 3518 immortale
913 3459 980 3532 est,
1003 3446 1076 3517 tiam
1098 3449 1207 3540 ipsum
1226 3465 1316 3536 esse,

177 3638 183 3642 ,
272 3555 345 3628 tiam
361 3577 580 3649 quaecumque
599 3551 640 3622 ad
654 3550 740 3622 illud
756 3555 934 3645 pertinent.
960 3555 1148 3624 Firmorum
1163 3555 1253 3626 enim
1268 3579 1319 3626 res

272 3664 376 3732 firmae
404 3675 492 3734 sunt.
523 3665 586 3732 Res
614 3671 724 3729 autem
747 3673 868 3730 nostrae
891 3684 958 3754 quo
978 3673 1080 3754 'pacto
1104 3667 1139 3734 se'
1166 3663 1318 3733 habent?

270 3769 396 3842 Fluunt
416 3783 449 3840 et
464 3780 741 3860 corrumpuntur,
760 3783 860 3861 atque
878 3769 955 3838 alias
976 3769 1072 3838 aliam
1097 3771 1316 3840 mutationem

266 3876 413 3968 capiunt.
437 3877 512 3947 Vita
524 3875 648 3968 quippe
664 3890 697 3945 et
712 3900 811 3962 mors,
833 3875 925 3970 quod
939 3877 1076 3965 dieitur,
1094 3879 1225 3968 tametsi
1234 3881 1314 3972 plu-

270 3981 392 4053 rimtim
408 3983 494 4066 inter
510 4005 543 4050 se
561 3981 715 4052 dissidere
730 3983 921 4070 videantur,
941 3983 1026 4054 inter
1041 4008 1075 4054 se
1092 3999 1202 4055 tamen
1225 3993 1319 4077 quod
