2930 4582
271 428 335 496 248
418 444 597 494 annnonrot
619 445 647 494 s.
672 445 825 510 struens,
851 445 927 496 runa
949 451 996 509 n,
1020 447 1106 493 aner.
1131 449 1156 492 1.

266 548 330 620 teri
341 547 452 619 matris
466 549 620 642 injuriam
633 547 795 640 patienter
805 547 975 635 tulerunt,
999 569 1061 618 nec
1074 567 1180 616 unum
1194 567 1257 640 pro
1272 549 1311 618 ee

267 654 406 724 verbum
427 655 542 724 contri
564 651 698 723 fratrem
714 654 964 747 responderunt.
990 657 1104 724 Justus
1124 657 1227 740 Deus,
1252 655 1312 748 qui

268 761 395 832 audivit
418 774 629 855 precantem,
647 759 773 831 audivit
788 761 969 832 dolentem.
989 759 1053 832 Sed
1076 759 1160 853 quid
1173 759 1230 829 illa
1245 760 1310 828 mi-

267 871 358 938 sera?
367 869 483 941 Nonne
496 866 586 937 unde
598 866 694 936 citiirs
703 865 867 954 exaudita,
881 867 960 937 inde
968 866 1311 962 pluspuuitai’Discite

264 975 329 1046 hoc
345 977 490 1068 peteret
505 979 584 1061 Deo,
602 974 661 1044 ubi
676 999 745 1044 non
759 976 902 1046 timeatis
915 963 1060 1046 exaudiri
1072 978 1096 1044 ¹.
1116 1001 1133 1040 s

309 1085 399 1174 Quos
410 1081 535 1152 timoris
550 1105 663 1152 sensus
683 1081 741 1152 illa
755 1082 839 1152 tanti
860 1082 1005 1175 episcopi
1025 1079 1128 1153 verba
1144 1093 1219 1174 post
1235 1093 1311 1151 tan-

265 1203 338 1257 turn
361 1189 406 1258 ob
421 1187 534 1259 oculos
557 1201 723 1280 patratum
742 1187 940 1258 miraculum
960 1187 1114 1258 omnibus
1127 1187 1243 1256 animis
1257 1187 1312 1255 in-

266 1293 440 1363 ferebant?
466 1293 530 1364 Sed
557 1293 616 1387 qui
640 1293 762 1363 laetitiae
786 1317 920 1381 seusus,
944 1293 1022 1363 caim
1050 1292 1180 1362 dicente
1201 1291 1312 1364 adhuc

266 1400 464 1490 Augustino,
480 1399 625 1494 populus
636 1401 678 1468 de
700 1401 858 1470 Memorid
876 1400 979 1470 sancti
997 1399 1154 1492 Stephani
1170 1397 1313 1468 clamare

267 1507 369 1598 coepit
388 1535 395 1576 :
415 1511 511 1576 «Deo
526 1507 665 1598 gratias,
683 1506 823 1577 Christo*
838 1504 964 1577 laudes.
979 1533 996 1572 u
1010 1510 1051 1576 In
1071 1530 1140 1601 quo
1151 1506 1312 1578 continuo

264 1611 407 1683 clamore
420 1613 544 1706 puella,
555 1637 631 1706 quae
646 1629 760 1685 curata
775 1629 836 1701 est,
853 1615 896 1684 ad
912 1613 1061 1684 absidam
1076 1615 1236 1707 perducta
1249 1629 1309 1684 est.

265 1721 339 1803 Qua
353 1721 433 1806 visi,
451 1719 594 1814 populus
609 1743 686 1790 cum
699 1721 820 1812 gaudio
835 1735 869 1791 et
884 1723 983 1807 fletu,
1001 1721 1102 1791 nullis
1112 1722 1313 1814 interpositis

266 1829 482 1914 sermonibus,
496 1827 555 1896 sed
567 1826 637 1897 solo
653 1828 791 1918 strepitu
806 1829 1019 1921 interposito,
1038 1827 1233 1922 aliquandiu
1247 1826 1313 1897 cla-

266 1957 392 2004 morem
411 1933 589 2027 protraxit3
602 1947 636 2002 et
651 1931 780 2002 silentio
793 1933 899 2016 sacto,
921 1934 1125 2026 Augustinus
1141 1935 1313 2026 episcopus

268 2037 370 2110 dixit:
384 2069 400 2106 u
415 2040 580 2132 Scriptum
589 2052 638 2108 est
651 2038 686 2107 in
696 2039 826 2110 Psalmo
837 2069 845 2109 ι
857 2041 963 2126 Dim',
970 2037 1174 2133 proloquar
1183 2036 1314 2111 adver-

268 2147 346 2216 sim
365 2171 421 2216 me
440 2143 609 2216 delictum
622 2169 742 2214 meum
760 2144 919 2217 Domino
930 2144 1012 2216 Deo
1027 2169 1127 2233 mee,
1148 2159 1184 2216 et
1201 2161 1239 2216 tu
1255 2143 1312 2217 di-

267 2253 396 2349 misisti
419 2253 642 2346 impietatem
672 2248 797 2322 cordis
822 2254 895 2322 mei
918 2257 943 2322 ².
970 2252 1064 2339 Dixi,
1081 2251 1315 2343 Prolaqueum

248 2409 250 2413 ψ
264 2359 615 2454 nondbmprolocutus
625 2357 1025 2449 sumrdixiProloquar,
1037 2373 1072 2445 et
1081 2373 1119 2428 tu
1130 2357 1310 2430 dimisisti.

267 2467 505 2540 Commendavi
520 2467 616 2536 istam
625 2466 788 2552 miseram,
801 2465 922 2536 imber
933 2467 1066 2554 miserat,
1079 2467 1316 2538 commendavi

268 2599 341 2644 eam
359 2575 474 2644 vestris
499 2573 713 2643 orationibus.
740 2573 966 2666 Disposuimus
982 2599 1092 2663 orare,
1110 2590 1145 2645 et
1167 2576 1316 2646 exauditi

268 2703 392 2751 sumus.
409 2679 457 2751 Sit
467 2678 625 2772 gaudium
634 2691 785 2750 nostrum
794 2681 880 2750 aetio
897 2681 1086 2774 gratiarum.
1100 2681 1205 2754 dirius
1217 2706 1317 2752 exau·

270 2788 340 2858 dita
369 2801 420 2858 est
443 2801 549 2858 mater
575 2785 740 2875 Ecclesia,
766 2789 867 2882 quim
881 2788 917 2858 in
936 2788 1116 2882 perniciem
1139 2787 1318 2862 maledicta

269 2908 375 2966 mater
389 2893 481 2965 illei.
501 2917 534 2960 u¹

313 3001 409 3072 Unde
432 2999 530 3070 simul
550 2998 785 3070 deducendum
807 3013 877 3088 cst,
897 3024 967 3072 non
988 3001 1097 3073 solium
1116 3025 1233 3073 eorum
1256 3003 1317 3098 qui
1385 3060 1388 3064 .

268 3108 373 3178 sanati
382 3105 524 3192 fuerant,
534 3103 663 3176 libellos
677 3106 807 3177 recitari
818 3105 946 3196 solitos,
959 3107 1017 3178 sed
1029 3123 1062 3180 et
1072 3109 1159 3203 ipsos
1175 3109 1211 3178 in
1222 3133 1319 3180 cons·

266 3227 400 3308 pectum
410 3211 561 3307 produci,
577 3212 753 3309 palbmque
761 3214 797 3283 in
812 3213 915 3286 oculis
927 3217 1075 3286 omnium
1091 3213 1263 3305 collocari,
1276 3231 1317 3288 ut

267 3317 503 3392 miraculorum
524 3322 683 3392 memoria
704 3323 740 3392 in
763 3321 913 3394 omnium
936 3323 1052 3393 animis
1072 3325 1136 3394 lixa
1152 3325 1316 3418 perpetud

267 3445 426 3502 maneret.
451 3432 538 3502 Hinc
562 3431 652 3501 idem
673 3433 875 3524 Augustinus
904 3431 1059 3503 eumdem
1083 3431 1226 3504 Paulum
1256 3457 1317 3528 per

263 3541 426 3628 orationes
440 3541 544 3613 sancti
562 3541 720 3632 Stephani
731 3555 888 3611 ,sanatum
902 3563 1005 3612 manu
1021 3541 1217 3633 designans:
1236 3547 1314 3613 «ue

261 3649 427 3720 miraculis
449 3650 529 3735 Dei,
552 3649 677 3742 inquit,
700 3672 760 3742 per
779 3651 941 3721 orationes
965 3642 1142 3720 beatissimi
1160 3652 1314 3744 martyris

263 3757 420 3849 Stephani
433 3755 564 3827 libellos
579 3753 721 3826 solemus
736 3755 861 3828 audire.
881 3757 1027 3829 Libellus
1042 3759 1141 3852 hujus
1161 3775 1313 3853 aspectus

293 3905 339 3952 ¹S.
355 3905 454 3968 August.
475 3905 554 3953 serm.
573 3919 682 3970 eroxxnr,
701 3920 726 3953 n.
748 3921 770 3954 1.
790 3929 823 3940 -
841 3914 852 3940 ²
871 3903 933 3955 Psal.
949 3920 1018 3969 xrrr,
1033 3903 1056 3954 5.
1073 3929 1101 3944 ·-
1119 3903 1130 3943 ³
1148 3908 1174 3958 S.
1193 3911 1296 3973 August.

262 3991 341 4038 Scrm.
353 4002 463 4051 cccrnu,
474 4003 499 4037 n.
519 3987 544 4052 ,4.
1175 3987 1178 3996 “
