2982 4584
233 503 335 549 clem
357 505 403 548 vt.
422 503 464 546 mt
478 502 637 546 ΜΙΤΗΟΒΟ
659 501 695 544 tn
717 497 924 546 conmortuus
948 501 1114 551 tuntum.
1141 487 1206 551 469

166 603 279 674 labore
300 618 334 674 et
354 602 484 692 inimitb
506 593 796 686 interturbatione‚
821 613 998 689 terrentes,
1027 605 1206 694 minantes,

162 709 399 796 admonentes,
425 705 653 790 consulentes,
669 705 725 774 vix
748 705 915 798 potuimus
931 708 965 777 in
989 707 1087 778 aliam
1102 713 1209 806 ipsum

166 816 438 900 consuetudinem
462 809 681 882 transmutare
705 841 713 883 ε
738 813 784 884 sic
807 827 842 884 et
856 828 937 886 tune
958 813 1111 912 quidem,
1132 819 1211 890 licet

165 925 327 996 infinitam
337 923 411 1018 quis
420 915 544 989 inferat
553 917 790 1007 necessitatem,
807 921 894 993 hanc
909 920 1092 1016 transgredi
1102 923 1211 1020 legem

156 1037 234 1103 'non
258 1030 380 1127 poterit
404 1025 613 1120 persuadere.
642 1024 707 1097 Sed
733 1027 819 1098 sicut
844 1045 1010 1105 venenum
1031 1024 1211 1128 quodpiam

157 1128 338 1231 ''nunqub'm
349 1147 480 1227 gustare
500 1133 575 1228 quis
587 1131 700 1220 vellet,
717 1135 817 1205 etiam
831 1135 975 1208 instante
990 1139 1181 1230 necessitate
1200 1167 1210 1214 a

161 1247 211 1329 'sic
223 1268 332 1340 neque
347 1235 540 1314 duramenta
560 1241 744 1314 admittere.
761 1243 834 1315 Hoc
855 1257 967 1318 autem
981 1245 1009 1318 si
1024 1247 1099 1336 liat,
1115 1249 1212 1320 vobis

164 1353 311 1424 solamen
326 1350 404 1440 erit,
423 1365 457 1421 et
470 1351 722 1436 hortamentum
734 1349 778 1422 ad
799 1351 942 1474 reliquas
956 1353 1088 1428 virtutis
1102 1358 1213 1452 partes

159 1457 382 1550 attingendae
406 1458 472 1548 Qui
496 1459 584 1529 enim
604 1453 689 1528 nihil
708 1457 880 1551 praestitit,
901 1463 1079 1556 torpescit,
1096 1477 1131 1534 et
1145 1464 1212 1537 cito

164 1564 311 1638 concidit
326 1565 475 1636 animo:
500 1565 560 1658 qui
581 1567 660 1636 verb
681 1564 744 1635 sibi
769 1567 919 1644 conscius
945 1581 1012 1656 est,
1040 1568 1132 1676 quod
1158 1569 1213 1641 vel

164 1695 272 1744 unum
287 1671 466 1796 expleverit
480 1667 723 1760 ιιιιιιᾶιιιιιιι,’
719 1685 760 1741 'ex
768 1672 847 1743 hoe
870 1671 958 1743 bene
975 1697 1105 1768 sperare
1128 1673 1212 1746 doc·

164 1792 229 1865 tus,
243 1780 357 1873 majori
369 1801 446 1849 cum
461 1779 572 1848 studio
584 1775 630 1866 ad
645 1723 772 1872 'reliqua
788 1771 973 1906 procedet
988 1781 1101 1874 postea
1119 1779 1211 1864 aliud

162 1884 294 1978 capiens
309 1885 351 1954 ad
367 1883 458 1954 aliud
469 1883 618 1954 celeriter
632 1883 754 1970 veniet,
770 1905 832 1954 nec
846 1883 937 1978 pride
948 1885 1093 2007 desistet,
1110 1889 1213 1980 quim

163 1992 334 2088 adipsum
353 1989 488 2062 culmen
508 1989 691 2082 perveniat.
712 1987 850 2060 sienim
867 1990 904 2059 in
920 1992 1069 2084 pecuniis
1086 1993 1212 2086 quanto

163 2099 237 2192 quis
252 2097 364 2190 plures
381 2097 637 2190 comparaverit,
651 2096 746 2166 tanto
759 2095 872 2188 plures
882 2097 1000 2192 cupit·
1006 2091 1138 2172 multo
1141 2120 1213 2170 ma-

156 2207 212 2298 1gis
227 2206 263 2274 in
284 2206 400 2276 olliciis
423 2203 667 2300 spiritualibus
664 2203 728 2273 hoc
750 2203 942 2326 contingere
960 2203 1083 2276 videas.
1108 2212 1214 2328 Prop-

88 2343 90 2348 ’
163 2315 253 2384 terea
269 2299 406 2398 festino,
425 2325 460 2381 et
484 2331 598 2400 urgeo,
616 2322 654 2378 ut
680 2331 731 2379 res
751 2309 953 2420 principium
971 2301 1090 2406 cupiat,
1119 2327 1153 2383 et
1176 2313 1214 2388 in

164 2419 281 2490 animis
301 2419 416 2491 vestris
437 2417 567 2487 virtutis
590 2413 877 2487 fundamentum
864 2413 1025 2510 jacintum
1046 2433 1081 2490 et
1098 2442 1214 2512 preca·

149 2530 260 2612 mur,
277 2538 312 2594 et
332 2523 573 2617 supplicamus,
592 2529 715 2592 utnon
729 2521 861 2591 tantbm
874 2521 957 2592 herl
972 2545 1057 2616 praes
1043 2525 1129 2606 senti
1146 2525 1213 2597 ho·

162 2654 238 2703 rum
249 2632 317 2701 sitis
327 2631 508 2730 verborum
522 2651 702 2715 memores,
716 2651 833 2700 verum
849 2643 883 2699 et
898 2627 1006 2717 domi,
1020 2643 1054 2701 et
1069 2633 1105 2702 in
1123 2633 1211 2722 foro,

162 2752 198 2810 et
217 2701 421 2830 ubicumqire
442 2734 702 2805 commonemini.
727 2733 862 2805 Utinhm
880 2735 963 2803 mihi
983 2685 1055 2806 dari
1080 2751 1211 2830 posset,
1301 2733 1330 2775 '-

164 2859 204 2916 ut
223 2845 394 2916 vobiscum
411 2863 641 2930 conversarer,
664 2863 734 2912 nou
753 2839 819 2912 hoc
840 2831 948 2933 longo
964 2843 1047 2913 mibi
1062 2848 1214 2918 sermone

163 2953 281 3025 luisset
295 2970 379 3045 opus
397 2980 406 3022 ι
425 2972 516 3021 nuuc
528 2950 607 3019 verb
623 2945 700 3019 crim
721 2947 786 3036 hoc
798 2969 869 3018 non
882 2945 998 3036 liceat,
1011 2971 1070 3020 vos
1081 2973 1135 3021 me
1150 2953 1214 3023 ab·

132 3087 133 3090 *
161 3074 256 3130 sente
270 3058 448 3130 verborum
467 3060 628 3127 memores
644 3053 748 3126 estote
763 3053 934 3148 meorum,
956 3048 993 3126 'et
1008 3057 1052 3127 ad
1066 3065 1213 3130 mensam

161 3157 315 3238 sedentes
339 3165 468 3255 ingredi
492 3187 547 3233 mc
576 3175 711 3256 putate,
734 3175 769 3233 et
793 3173 914 3249 astare,
944 3177 979 3234 et
1004 3165 1116 3236 omnia
1136 3191 1214 3262 quae

159 3299 255 3348 nunc
269 3275 365 3346 vobis
380 3273 435 3342 hlc
455 3273 548 3357 dico,
565 3273 716 3341 insonare
739 3297 747 3341 ι
770 3284 805 3339 et
820 3267 1034 3365 'ubicumque
1054 3273 1148 3343 vobis
1170 3271 1214 3344 de

153 3392 218 3454 'me
243 3371 423 3452 habebitur
449 3399 556 3448 sermo
570 3387 584 3462 ‚'
604 3399 675 3468 pree
703 3373 858 3472 omuibus
883 3375 984 3470 hujus
1012 3367 1225 3449 mementote

162 3488 334 3574 mandati,
356 3499 391 3556 et
405 3487 491 3556 hanc
514 3482 599 3552 mihi
613 3481 732 3553 amoris
748 3481 783 3551 in
796 3503 857 3554 ,vos
872 3476 941 3552 'mei
959 3477 1213 3554 retributionem

164 3587 294 3667 reddite
309 3624 317 3665 ι
335 3595 362 3664 si
383 3594 449 3664 hoc
468 3609 527 3664 vos
542 3587 695 3684 implesse
709 3585 824 3660 videro
834 3589 1116 3683 ‚t,otumrecepi
1138 3589 1215 3682 dig·

165 3723 244 3773 nam
259 3700 412 3770 laborum
437 3699 510 3793 cepi
533 3694 731 3792 mercedem.
751 3699 796 3766 Ut
819 3694 921 3788 igitur
940 3707 974 3766 et
988 3719 1048 3766 uos
1059 3694 1214 3768 reddatis

165 3804 397 3904 promptiores,
414 3819 448 3876 et
460 3825 519 3876 vos
534 3806 632 3876 honre
647 3825 717 3908 sper
707 3801 933 3888 efficiamini,
948 3815 982 3872 et
996 3803 1154 3895 majorem
1169 3801 1212 3873 ad

168 3911 295 4007 reliqua
319 3909 473 3980 mandata
495 3903 688 3982 facilitatem
713 3907 850 4004 paretis,
875 3907 983 3979 multo
1005 3909 1091 3979 hanc
1105 3906 1213 4002 legem

169 4020 302 4092 studio
293 4043 329 4089 ιιι
353 4018 468 4088 animis
494 4019 609 4088 vestris
631 4017 801 4110 reponite,
824 4030 857 4086 et
876 4031 957 4087 tunc
979 4007 1212 4092 admonitionis
