2984 4580
318 403 379 466 tta
465 418 643 464 nnnnomot
667 423 692 462 s.
720 418 869 476 nannum,
897 415 973 464 atne
996 420 1040 476 11,
1065 419 1148 464 tuor.
1176 420 1198 462 1.

316 502 401 575 hanc
420 501 655 594 expositionem
673 513 783 584 tuom,
808 499 964 590 parabola
979 497 1155 590 designari,
1177 497 1258 592 quid
1278 497 1357 592 pro·

314 609 424 694 hibet,
442 605 620 699 quominds
636 607 721 698 ipse,
740 618 774 674 et
794 603 885 696 prior
900 603 1078 696 ingressus,
1105 617 1138 676 et
1155 603 1219 672 diei
1240 619 1358 676 aestum

313 736 500 808 perpessus,
517 713 688 806 postremis
697 735 764 781 non
778 710 942 798 invideas,
956 726 994 782 ut
1008 713 1213 784 humanitate
1224 715 1358 808 quoque

312 822 394 914 ipstl,
408 833 442 888 et
457 819 558 890 animi
572 816 728 892 facilitate
745 841 782 886 ac
799 817 1003 910 benignitate
1016 818 1163 910 superior
1181 817 1234 904 sis,
1258 833 1358 914 atque

312 926 628 1012 remunerationem,
647 947 715 994 non
730 923 881 994 beneficii
897 937 931 994 et
946 924 1079 1017 gratiae,
1096 921 1154 992 sed
1166 924 1270 994 debiti
1284 924 1357 996 loco

311 1033 470 1126 accipias?
496 1032 570 1102 Hbc
592 1032 690 1103 etiam
707 1028 845 1116 accedit,
870 1027 962 1126 quod
980 1029 1026 1100 ita
1040 1029 1174 1102 demirm
1197 1032 1357 1120 operarios

243 1175 245 1184 v
281 1176 283 1180 ·
310 1139 493 1212 mercedem
513 1139 660 1232 accipere
679 1136 752 1210 vult
766 1135 944 1229 parabola,
968 1137 995 1206 si
1017 1139 1052 1208 in
1072 1139 1201 1208 vineam
1222 1139 1357 1230 ingressi

310 1246 447 1331 luerint,
462 1269 499 1316 ac
515 1268 584 1314 non
600 1245 642 1314 ab
658 1245 696 1313 ei
709 1243 948 1334 aberraverint,
965 1242 1057 1337 quod
1072 1243 1207 1339 quidem
1222 1245 1283 1316 tibi
1299 1269 1357 1340 pe-

310 1353 451 1424 riculum
471 1354 632 1422 imminet.
656 1351 878 1436 Quamobrem
904 1351 931 1420 si
955 1351 1017 1424 tibi
1046 1351 1253 1444 exploratum
1276 1367 1357 1424 esset

309 1458 396 1546 sore,
410 1473 450 1528 ut
464 1459 510 1529 itt
526 1459 685 1544 sentiens,
711 1483 749 1528 ac
765 1458 808 1528 de
824 1457 939 1528 labore
955 1457 1080 1552 aliquid
1096 1457 1256 1530 malitiose
1277 1461 1357 1530 sub-

308 1566 453 1652 trahens,
464 1565 667 1658 baptismum
683 1565 937 1656 consequemur,
947 1564 1187 1656 ignoscendum
1199 1565 1261 1638 tibi
1273 1581 1355 1640 esset

309 1673 352 1746 ad
372 1671 562 1764 hujusmodi
581 1671 722 1742 rationes
738 1668 962 1762 confugienti,
985 1695 1022 1740 ac
1037 1672 1190 1743 nonnihil
1208 1672 1293 1744 lucri
1312 1697 1352 1744 ex

308 1777 440 1848 Domini
455 1775 658 1870 benignitate
677 1775 786 1844 l'acere
801 1775 968 1870 cupienti,
990 1791 1029 1846 ut
1043 1776 1128 1850 illud
1145 1802 1214 1849 non
1230 1779 1354 1868 dicam,

269 1875 272 1884 ’
308 1884 372 1954 hoc
387 1881 495 1976 ipsum
514 1880 654 1974 ampliirs
673 1879 836 1968 laborare,
854 1879 1020 1976 amplioris
1035 1883 1192 1954 mercedis
1208 1885 1282 1956 loco
1294 1887 1356 1958 ha-

308 1987 457 2060 bendum
475 2011 556 2073 esse,
573 1988 624 2056 his
636 1987 772 2080 quidem
792 1989 893 2076 certe,
911 1989 971 2081 qui
988 1991 1097 2076 animo
1109 2007 1187 2064 sunt
1198 2017 1266 2065 non
1282 2017 1356 2064 om-

308 2095 388 2166 ninb
403 2092 555 2163 illiberali
570 2107 603 2164 et
622 2091 766 2164 sordido.
785 2093 870 2166 cnm
891 2108 1001 2166 autem
1017 2097 1201 2188 periculum
1216 2099 1278 2168 tibi
1296 2101 1353 2188 sit,

308 2225 367 2288 ne,
393 2199 474 2268 daim
494 2199 684 2293 hujusmodi
708 2199 800 2270 lucra
825 2202 1040 2289 consectaris,
1067 2206 1204 2276 *ovines
1223 2205 1356 2298 proretis

300 2308 448 2394 excidas,
467 2320 500 2376 et
515 2304 596 2378 ditm
612 2329 711 2400 parva
729 2321 762 2376 et
778 2307 894 2398 exigua
906 2308 1014 2378 obiter
1029 2309 1167 2404 colligis,
1185 2327 1272 2382 sorte
1287 2315 1356 2408 ipsa

308 2414 493 2506 mulcteris3
519 2437 590 2506 age,
616 2415 724 2484 verbis
742 2416 824 2484 meis
840 2416 1044 2510 obtempera,
1071 2420 1246 2514 pravisque
1267 2422 1356 2492 hisce

309 2523 634 2616 interpretationibus
650 2537 684 2594 et
699 2523 959 2614 oppositionibus
974 2526 1078 2596 missis
1092 2526 1198 2616 lactis,
1216 2529 1355 2626 simplici

310 2630 432 2716 animo,
451 2642 484 2700 et
503 2626 584 2698 citri
604 2630 940 2720 argumentationem,
955 2631 998 2702 ad
1017 2634 1143 2704 donum
1159 2635 1295 2724 accede,
1313 2662 1354 2708 ne

311 2733 574 2829 antequbmspei
595 2747 663 2804 tuae
679 2758 813 2828 compos
830 2737 909 2824 fias,
934 2761 972 2810 ex
995 2739 1056 2810 hic
1078 2741 1144 2812 vitai
1167 2743 1351 2836 abripiaris,

311 2857 411 2937 atque
427 2840 619 2936 imprudens
635 2841 669 2912 in
685 2843 860 2935 perniciem
875 2859 966 2916 tuam
986 2846 1176 2942 hujusmodi
1187 2851 1352 2944 captiones

308 2965 343 3021 et
356 2951 498 3042 argutias
515 2948 780 3020 comminisceris.

247 3086 256 3101 ·
355 3083 371 3122 n
401 3054 490 3140 Quid
509 3055 642 3123 autem?
655 3076 779 3141 nonne,
794 3055 938 3149 inquies,
956 3056 1123 3150 benignus
1136 3075 1169 3132 et
1186 3058 1292 3132 sacilis
1307 3077 1353 3134 est

311 3163 421 3230 Deus?
438 3161 514 3230 nim
530 3171 564 3228 et
586 3157 797 3248 cogitationes
818 3163 978 3233 humanas
999 3167 1182 3256 cognoscit,
1204 3183 1238 3238 et
1253 3169 1352 3240 animi

310 3268 412 3340 nostri
429 3263 625 3338 desiderium
641 3265 802 3360 explorat,
819 3271 1043 3366 baptismique
1060 3289 1175 3344 votum
1188 3299 1249 3370 pro
1265 3281 1351 3371 Bap-

311 3377 407 3448 tismo
427 3373 530 3446 ducit.
555 3373 735 3464 AEnigmati
755 3373 859 3444 simile
885 3376 1042 3470 quiddam
1065 3403 1196 3470 narras,
1214 3384 1241 3450 si
1264 3383 1352 3478 apud

310 3489 429 3570 Deum,
446 3493 580 3574 propter
594 3479 695 3573 ipsius
711 3481 959 3572 benignitatem,
978 3483 1005 3554 is
1020 3507 1080 3576 pro
1092 3485 1279 3562 illuminato
1294 3492 1352 3560 ha-

311 3592 425 3676 betur,
448 3587 506 3682 qui
524 3585 657 3660 luminis
679 3610 792 3678 expers
814 3602 881 3674 est,
908 3592 1084 3662 autetiam
1107 3593 1192 3666 intra
1213 3619 1353 3688 regnum

310 3697 471 3768 coelorum
486 3709 546 3780 est,
564 3691 623 3786 qui
635 3715 674 3764 eo
689 3689 755 3762 frui
770 3695 907 3788 expetit,
924 3695 1001 3768 etim
1016 3699 1147 3788 interim
1163 3726 1200 3772 ea
1216 3703 1352 3774 minime

259 3791 261 3796 ¹
309 3803 422 3888 faciat,
443 3823 518 3895 quae
534 3797 577 3869 ad
591 3795 724 3871 coeleste
738 3822 878 3894 regnum
898 3800 961 3870 iter
976 3805 1138 3896 aperiunt.
1161 3811 1233 3900 Ego
1254 3811 1333 3882 verb
1337 3863 1352 3898 ,

310 3910 392 4004 quid
411 3909 452 3984 de
467 3907 518 3982 his
533 3905 631 3982 rebus
645 3905 795 3994 scobem,
813 3905 916 3979 libere
931 3907 1057 4001 dicam,
1075 3937 1113 3985 ac
1128 3910 1281 3986 futurum
1297 3941 1352 3986 ar·
