2984 4580
299 438 361 500 338
446 445 624 500 antrorum
647 445 673 496 s.
698 447 852 512 uernum,
878 447 955 498 alas
977 453 1020 512 11,
1044 452 1129 496 sucu.
1155 453 1180 494 1.

296 567 336 626 ut
356 550 559 643 conligamus
577 547 756 620 invisibiles
773 551 926 638 virtutes,
948 573 1024 643 quae
1045 551 1142 622 nobis
1163 549 1339 622 adversan-

296 675 351 734 tur
370 687 378 732 ι
399 671 439 730 ut
457 654 629 728 diabolum
647 655 890 748 percutiamus,
918 661 979 751 qui
1000 661 1116 728 contri
1140 681 1200 727 nos
1218 659 1340 728 ducem

295 767 378 859 agit,
398 778 437 836 ut
456 763 626 854 abigamus
648 759 772 836 seroces
784 761 975 834 daemonrim
992 764 1193 858 phalangas,
1207 780 1246 835 ut
1260 765 1341 834 sub-

297 887 461 946 vertamus
479 893 595 948 eorum
617 869 891 963 propugnacula,
917 885 958 942 ut
978 885 1155 964 potestates
1176 886 1209 942 et
1223 871 1342 942 mundi

295 979 463 1065 dominus,
486 990 628 1056 morosos
643 977 761 1053 barum
781 977 993 1048 tenebrarum
1009 979 1045 1048 in
1066 979 1259 1063 servitutem
1279 977 1342 1049 du·

294 1113 418 1174 camus,
432 1101 471 1159 ut
479 1084 661 1178 spiritualia
673 1083 806 1160 malitias
817 1081 983 1176 sugemus,
994 1100 1033 1157 ut
1041 1087 1153 1178 ignem
1163 1088 1338 1180 spiramus,

297 1209 335 1268 ut
347 1195 390 1272 ad
401 1187 610 1287 quotidianas
622 1204 744 1266 mortes
757 1191 863 1284 parati
873 1191 985 1262 simus.
1005 1197 1144 1286 Propter
1154 1195 1219 1264 hoo
1234 1193 1343 1264 induit

298 1325 357 1387 nos
370 1303 503 1379 thorace
514 1298 664 1393 justitiae,
675 1312 810 1392 propter
822 1300 886 1370 hoc
900 1301 1058 1392 imposuit
1073 1299 1200 1394 galeam
1215 1302 1341 1389 salutis,
1368 1363 1372 1370 .
1488 1337 1489 1346 ι

288 1421 433 1502 propter
453 1408 518 1483 hoc
534 1404 633 1499 pedes
653 1419 781 1478 nostros
800 1403 958 1476 calceavit
975 1407 1213 1500 praeparatione
1234 1411 1345 1480 Evan-

299 1516 374 1608 gelii
385 1513 486 1608 pacis,
500 1527 534 1592 et
543 1510 680 1588 tradidit
688 1510 834 1604 gladium
848 1513 999 1606 Spiritus,
1012 1529 1147 1608 propter
1159 1517 1224 1586 hoc
1233 1516 1344 1608 ignem

299 1621 450 1706 appendit
464 1621 501 1690 in
515 1620 633 1698 nostris
649 1619 821 1692 animabus
837 1621 862 1688 ¹.
877 1646 894 1684 ιι

344 1732 401 1800 20⁰
417 1732 492 1800 Non
509 1725 629 1804 desunt
647 1725 745 1798 otiam
768 1721 1017 1817 Hyperborea,
1029 1726 1160 1820 'quibus
1176 1751 1228 1801 res
1246 1729 1347 1821 supra

299 1860 393 1922 suam
410 1847 563 1912 naturam
578 1831 800 1918 extolluntur,
816 1845 850 1906 et
865 1857 940 1926 quae
960 1834 1005 1904 itt
1020 1831 1212 1928 {requenter
1226 1859 1347 1906 occur-

301 1959 380 2020 runt
396 1941 486 2037 apud
500 1955 628 2016 sanctos
646 1947 777 2026 Patres,
799 1955 838 2019 ut
859 1963 975 2012 eornm
991 1943 1113 2034 scripta
1137 1967 1206 2013 non
1219 1943 1348 2036 possint

302 2052 440 2146 aperiri,
453 2050 538 2144 quin
553 2046 689 2142 aliquod
701 2049 810 2119 subito
825 2047 963 2141 prodeat
977 2048 1177 2142 exemplum.

347 2188 365 2231 a
390 2157 443 2232 bd
457 2150 590 2230 crucem
606 2157 754 2240 Domini,
774 2156 883 2250 inquit
897 2171 1028 2226 sanctus
1044 2159 1247 2251 Cyprianus,
1265 2181 1347 2229 oon-

302 2260 492 2341 funduntur
500 2263 618 2348 sidera,
632 2261 795 2338 elementa
806 2263 994 2349 turbantur,
1009 2265 1232 2334 contremiscit
1245 2278 1345 2352 terra,

303 2397 368 2444 nox
384 2371 472 2441 diem
488 2368 628 2456 claudit,
645 2367 696 2440 sol
709 2392 753 2436 ne
769 2370 963 2439 Judoeorum
979 2369 1107 2442 lacinus
1127 2372 1275 2465 aspicere
1289 2395 1348 2442 eo-

304 2493 412 2571 gatur,
434 2491 467 2549 et
482 2475 590 2548 radios
605 2489 640 2544 et
653 2474 767 2549 oculos
781 2475 947 2546 subtrahit
963 2480 989 2544 ἵ.
1011 2506 1026 2543 ιι

323 2633 328 2642 .
347 2584 441 2656 Idem
453 2580 644 2673 loquensde
656 2581 833 2674 Lapsisqui
844 2605 879 2650 se
891 2596 1131 2662 tormentorum
1142 2585 1348 2664 immanitate

272 2678 275 2686 ’
303 2688 520 2773 excusabant,
534 2685 680 2758 dicentes
698 2715 706 2756 ι
727 2715 743 2753 a
764 2688 859 2758 Stetit
875 2711 967 2758 mens
983 2689 1108 2758 stabilis
1126 2704 1160 2760 et
1180 2690 1262 2760 fides
1278 2688 1350 2761 sor-

304 2798 369 2884 tis,
395 2809 530 2866 etcum
555 2793 786 2888 torquentibus
816 2795 924 2887 poenis
951 2796 1127 2866 immobilis
1154 2795 1213 2865 diis
1241 2798 1349 2868 anima

302 2907 426 2980 luctata
441 2916 499 2974 est.
524 2900 587 2989 Sed
603 2899 679 2969 citur
696 2900 859 2968 durissimi
872 2901 993 2994 judicis
1019 2903 1269 2972 recrudescente
1288 2927 1350 2972 εω-

305 3011 383 3082 visit
404 3013 472 3104 jam
487 3008 662 3098 fatigatum
688 3030 775 3076 nunc
791 3007 921 3099 flagella
937 3010 1142 3097 scinderent,
1160 3033 1252 3080 nunc
1267 3035 1349 3080 oon·

193 3114 197 3120 ’
305 3115 480 3194 tenderent
494 3113 613 3199 fustes,
627 3137 715 3183 nunc
728 3113 888 3208 eqnffleus
906 3116 1110 3204 extenderet,
1120 3142 1212 3188 nunc
1224 3117 1350 3211 ungula

307 3223 483 3306 effoderet,
504 3243 595 3300 nunc
611 3209 926 3308 flamma'torreret,
951 3248 1026 3293 caro
1053 3249 1112 3294 nos
1132 3225 1168 3293 in
1188 3225 1351 3295 collucta-

306 3331 396 3402 tione
412 3325 567 3412 deseruit‚
584 3326 755 3396 infirmitas
768 3328 928 3397 visccnim
945 3331 1056 3417 cessit,
1068 3355 1129 3402 nec
1146 3332 1277 3402 animus
1292 3331 1351 3401 sed

269 3451 272 3457 “
306 3459 425 3530 corpus
439 3434 475 3504 in
490 3430 604 3504 dolore
615 3431 756 3523 defecit,
772 3463 788 3501 ιι
803 3434 897 3505 addit
914 3465 923 3506 ι

368 3548 516 3612 «Potest
544 3541 611 3610 oitt
630 3539 674 3608 ad
704 3541 833 3610 veniam
863 3542 1024 3634 proficere
1046 3565 1142 3614 causa
1165 3543 1262 3634 talis3
1294 3567 1349 3636 po·

305 3664 369 3722 test
383 3648 544 3744 ejusmodi
560 3647 724 3718 excusatio
745 3671 812 3717 esse
829 3649 1063 3724 miserabilis...
1079 3653 1346 3744 Deprecabantur

305 3759 353 3830 illi
367 3781 436 3831 non
450 3757 673 3846 lacrymarum
687 3756 906 3844 miseratione,
922 3757 979 3828 sed
991 3759 1180 3846 vulncnrm,
1198 3785 1263 3831 nec
1278 3759 1347 3830 soli

343 3914 352 3940 ¹
367 3906 393 3956 S·
406 3902 490 3968 Chrys.
503 3901 530 3952 in
541 3900 632 3970 eosqui
645 3901 842 3958 subinumluotu
855 3903 948 3966 bultem
962 3905 1061 3960 mulien
1076 3923 1102 3959 n.
1118 3924 1195 3960 ro.·-
1212 3911 1262 3959 ²8.
1276 3911 1345 3974 cypr.

215 4043 217 4048 ,
307 3987 339 4042 de
351 3989 411 4040 Bon.
427 3984 532 4038 raucos.
