2984 4580
334 441 420 532 tao„
480 443 659 504 uncuoiuot
683 461 708 503 s.
735 456 888 521 naraon,
913 460 990 506 rans
1012 463 1055 522 11,
1080 457 1164 506 sacr.
1191 449 1221 504 1.'

332 575 404 651 tur,
428 559 544 630 verum
567 581 674 630 moras
697 559 903 650 producunt,
929 560 978 631 illi
998 562 1042 633 ob
1063 562 1243 654 ignaviam,
1262 562 1314 630 isti
1329 561 1372 632 ob

328 668 459 739 infinita
478 679 512 735 et
525 667 616 735 irrita
641 663 813 735 desideria.
831 666 896 736 ltii
919 691 962 736 ne
983 669 1129 762 accipere
1144 668 1281 764 quidem
1296 693 1372 763 pos-

329 785 419 860 sunt,
436 773 490 844 vel
509 787 644 867 propter
657 771 831 843 infantiam
842 772 991 861 fortasse,
1009 775 1063 846 vel
1073 791 1210 869 propter
1223 776 1373 871 inopina·

328 895 402 952 tum
418 880 550 974 prorsuis
566 893 599 949 et
608 879 791 951 violentum
807 879 950 974 aliquem
966 905 1090 969 casum,
1104 907 1172 977 quo
1185 885 1328 954 efficitur
1337 900 1374 955 ut

328 1011 371 1058 ne
388 985 597 1080 cupientibus
618 985 754 1080 quidem
774 987 877 1078 gratia
897 987 996 1084 potiri
1015 987 1123 1059 liceat.
1147 989 1372 1072 Quemadmo-

229 1174 232 1181 ,
328 1093 410 1164 ditm
429 1092 529 1185 igitur
543 1092 579 1161 in
594 1089 657 1161 illis
678 1115 895 1184 permagnum
916 1092 1092 1164 discrimen
1106 1095 1313 1181 invenimus,
1330 1099 1372 1168 iu

328 1202 428 1271 etiam
443 1201 528 1270 inter
543 1200 633 1269 istos.
644 1201 728 1270 Nam
740 1199 798 1293 qui
813 1199 911 1292 plane
926 1202 1134 1293 Baptismum
1146 1219 1371 1296 aspernantur,

327 1307 548 1378 sceleratiores
568 1319 646 1375 sunt
665 1306 725 1392 iis,
738 1303 807 1399 ¹qui
824 1306 867 1375 ob
884 1307 1012 1376 infinita
1035 1331 1072 1376 ac
1093 1309 1184 1377 irrita
1198 1308 1372 1398 desideria,

328 1415 382 1486 vel
402 1415 446 1485 ob
467 1413 666 1500 socordiam,
689 1413 895 1506 aBaptismo
916 1403 1123 1507 suscipiendo
1151 1419 1371 1487 retardantur.

328 1527 438 1616 Atque
454 1521 490 1590 hi
506 1519 617 1590 rursus
636 1520 671 1590 in
688 1519 827 1610 graviori
847 1520 984 1590 crimine
1004 1536 1098 1607 sunt,
1121 1526 1222 1616 quam
1243 1522 1292 1594 illi
1318 1527 1375 1618 qui

328 1653 389 1724 per
410 1629 627 1719 ignorantiam
652 1651 689 1697 ac
710 1626 954 1716 tyrannidemt
978 1630 1147 1722 Baptismo
1168 1631 1372 1702 exciderunt.

330 1737 490 1827 Tyrannis
511 1736 601 1806 enim
622 1734 706 1804 nihil
721 1733 810 1804 aliud
827 1749 891 1822 est,
911 1739 1011 1829 qudm
1031 1738 1077 1806 rei
1097 1738 1234 1834 alicujus
1258 1765 1374 1810 conse-

329 1844 472 1939 quendae
487 1844 659 1936 inopinato
675 1858 788 1936 erepta
803 1841 951 1914 facultas.
970 1849 1018 1914 Ac
1039 1843 1190 1916 sutorum
1206 1849 1373 1936 existimo,

265 1951 268 1960 ’
328 1967 369 2023 ut
383 1953 481 2046 primi
497 1951 645 2046 quidem,
664 1951 1273 2041 cirmaliorumscelerum‚ti1metiarn
1291 1963 1378 2054 Bap-

328 2061 416 2130 tismi
427 2059 609 2152 contempti
620 2082 736 2150 poenas
751 2057 845 2130 luant
863 2090 871 2132 :
894 2060 949 2130 alii
961 2075 1070 2132 autem
1082 2053 1206 2158 'poenas
1221 2065 1373 2159 quidem,

328 2165 466 2236 leviores
481 2177 592 2234 tamen
606 2165 770 2257 pendant,
787 2179 826 2235 ut
841 2166 899 2260 qui
914 2190 982 2237 non
997 2171 1063 2238 tarn
1085 2171 1184 2238 animi
1198 2173 1373 2264 pravitate,

124 2329 129 2352 .
236 2315 239 2320 ·
329 2275 428 2370 quam
445 2271 595 2359 stultitia,
611 2273 810 2366 ltBaptismo
826 2274 1008 2346 aberrtrint
1026 2305 1033 2347 ε
1050 2277 1206 2371 postremi
1218 2278 1373 2375 denique,

329 2384 391 2452 ne'c
407 2379 533 2450 coelesti
549 2378 664 2469 gloria,
678 2401 740 2449 nec
755 2378 923 2474 suppliciis
935 2383 953 2450 *a
959 2383 1048 2476 justo
1056 2383 1168 2478 judice
1177 2387 1373 2475 afficiantur,

266 2531 269 2534 -
330 2489 448 2580 utpote
464 2489 522 2579 qui
538 2487 616 2555 licet
638 2485 756 2578 signati
779 2510 848 2557 non
869 2485 1015 2577 fuerint,
1036 2491 1249 2584 improbitate
1266 2509 1377 2566 tamen

330 2608 475 2680 careant,
489 2607 600 2686 ‚atque
614 2595 701 2663 hauc
715 2597 879 2687 jacturam
894 2597 980 2689 passi
996 2599 1106 2689 potius
1118 2589 1257 2690 luerint,
1275 2608 1376 2697 quam

329 2701 478 2775 fecerint.
504 2704 618 2794 Neque
633 2701 722 2769 enim
736 2702 885 2796 quisquis
904 2701 1022 2794 dignm
1038 2707 1198 2801 supplicio
1214 2695 1284 2781 non
1306 2727 1373 2800 est,

329 2809 480 2906 protinus
501 2808 662 2878 honorem
678 2808 812 2902 quoque
837 2823 1001 2901 meretur,
1027 2816 1311 2906 quemadmodum
1334 2843 1375 2889 ne

331 2916 480 3012 quisquis
490 2916 617 2985 honore
627 2913 782 3004 indignus
795 2928 855 3001 est,
873 2917 982 2986 statim
992 2919 1089 2988 etiam
1101 2945 1236 3013 poenam
1249 2949 1377 3016 prome·

330 3037 434 3093 retur.
452 3021 541 3103 Quin
562 3018 604 3088 ad
627 3020 716 3089 hunc
741 3022 874 3113 quoque
898 3023 1035 3093 modum
1057 3047 1126 3094 rem
1150 3030 1311 3121 expendo.
1343 3033 1376 3102 Si

331 3152 421 3213 eum,
439 3127 497 3219 qui
517 3125 626 3194 animo
643 3126 772 3195 tantiam
788 3140 821 3195 et
833 3127 1020 3211 voluntate.
1041 3155 1109 3202 non
1126 3149 1236 3204 autem
1253 3139 1375 3231 reipsa,

189 3241 195 3254 ·
266 3258 277 3269 ‚
332 3235 457 3327 0³³de
474 3231 686 3324 perpetravit,
709 3231 806 3301 caedis
827 3231 1052 3306 damnandum
1072 3253 1184 3331 putas,
1202 3242 1244 3312 sit
1258 3245 1378 3314 saneis

332 3341 469 3438 quoque
485 3339 575 3434 apud
590 3353 622 3409 te
638 3362 698 3432 pro
713 3339 889 3434 baptizato,
908 3335 966 3436 qui
982 3347 1185 3438 Baptismum
1198 3351 1280 3420 citra
1296 3357 1381 3445 Bap-

333 3447 421 3520 tismi
434 3446 674 3541 susceptionem
688 3447 845 3540 expetivit
864 3477 871 3517 :
886 3448 937 3517 sin
952 3457 1062 3520 aute'm
1074 3451 1158 3524 illud
1171 3481 1239 3526 non
1255 3457 1380 3528 admit·

243 3655 244 3658 Ἴ
333 3554 564 3649 tis,'quonam
587 3567 684 3646 pacto
707 3555 772 3623 hoc
796 3555 967 3644 admittas,
985 3559 1076 3629 haud
1100 3565 1178 3632 sane
1201 3567 1377 3658 perspicio.

334 3671 414 3752 Aut,
433 3662 461 3732 si
476 3661 578 3752 magis
592 3659 719 3752 placet,
736 3661 800 3730 hoc
815 3661 916 3732 modo
932 3688 1076 3756 agamus.
1097 3670 1128 3739 Si
1145 3672 1187 3739 ad
1205 3673 1274 3758 vim
1290 3677 1381 3767 Bap-

254 3784 257 3792 '
334 3772 422 3844 tismi
452 3767 694 3855 obtinendam,
712 3826 715 3832 .
734 3769 834 3862 ipsius
868 3769 1030 3844 desiderio
1063 3780 1167 3846 teneri
1193 3781 1270 3850 satis
1312 3806 1384 3852 esse

335 3901 464 3964 censes,
487 3900 524 3946 ac
547 3878 719 3968 propteret
744 3875 786 3946 de
809 3876 910 3967 gtoria
939 3881 1132 3969 contendis,
1159 3887 1221 3954 tibi
1243 3891 1382 3984 quoque

323 3988 377 4058 nd
394 3985 549 4082 gloriam,
569 3983 679 4074 gloriae
699 3983 894 4055 desiderium
917 3985 1072 4061 sufficiatt
1093 3992 1181 4076 Quid
1205 3996 1296 4065 enim
1321 4000 1382 4066 tua
