2982 4584
289 369 355 454 m
437 397 614 451 sumnum
635 394 663 442 s.
687 391 837 456 nanu,
862 395 940 444 rans
963 401 1010 461 u,
1032 401 1117 448 mer.
1141 403 1166 446 1.

288 519 360 578 tant
376 531 386 576 s
402 501 458 572 atti
471 497 601 568 rorsitm
617 497 637 566 t
655 495 755 566 lautis
773 496 893 583 ooeuis,
905 519 1028 568 mensae
1042 501 1197 597 reliquias
1211 520 1323 572 neces·

283 609 376 682 nnis
385 604 452 680 suis
463 600 630 674 relerm:
643 602 690 672 sic
703 602 821 696 utique
830 616 867 674 et
874 616 914 674 tu
925 603 1002 674 binc
1012 609 1193 696 recedens,
1210 605 1326 678 admo-

276 713 446 784 ,nitiouem
463 722 595 802 reporta
617 708 710 796 tiliis,
733 710 846 796 uxon’,
864 711 1229 785 uecessariisomnibus.
1247 717 1328 784 Haec

284 821 374 892 euim
389 816 593 903 admonitio,
609 830 644 886 et
657 831 775 909 prato,
792 831 827 887 et
840 815 1013 902 viridario,
1033 831 1066 887 et
1083 823 1197 890 mensa
1213 818 1331 890 utilior

274 939 350 998 ‚ests
360 926 414 1010 bae
429 925 603 1018 uunquam
616 947 699 995 rosas
712 938 932 1011 marcescunt,
944 925 980 994 hi
991 926 1160 1017 nunquam
1169 927 1334 998 defluunt

283 1031 429 1119 fructus,
445 1033 517 1103 baec
530 1034 703 1126 uunquam
716 1029 842 1104 fercula
860 1025 1141 1126 corrumpuntur:
1157 1046 1192 1108 et
1204 1057 1244 1102 ex
1265 1031 1337 1102 illis

283 1137 420 1234 quidem
432 1136 622 1231 temporalis
639 1137 836 1226 delectatio,
853 1161 893 1210 ex
907 1141 958 1212 b'n
972 1140 1051 1210 verb
1065 1137 1224 1210 continua
1238 1135 1338 1208 utili·

285 1261 358 1332 tas,¹
370 1269 440 1318 non
452 1243 584 1316 tantun
602 1248 777 1340 postquam
794 1247 973 1341 adimpleta
990 1245 1118 1318 fuerint
1124 1297 1137 1333 ,
1153 1243 1218 1336 sed*
1234 1247 1337 1316 etiam

285 1353 368 1428 ditm
378 1351 613 1446 adimplentur.
626 1354 742 1445 Cogita
753 1355 841 1424 enim
856 1353 955 1449 quale
967 1368 1017 1424 est
1028 1353 1164 1447 reliquis
1179 1353 1337 1443 omnibus

285 1460 411 1532 omissis
420 1458 610 1552 publiciset
624 1459 774 1553 privatis,
792 1461 835 1530 de
853 1460 974 1531 divinis
983 1483 1113 1554 semper
1123 1459 1255 1552 legibus
1266 1458 1335 1529 dis-

285 1589 408 1654 serere,
420 1580 455 1636 et
469 1565 514 1639 ad
525 1588 686 1653 mansan,
700 1581 735 1637 et
747 1566 783 1636 in
794 1564 880 1652 foro,
894 1567 977 1636 etin
992 1563 1065 1637 aliis
1079 1565 1332 1637 conventiculis.

286 1676 383 1748 Sibis
397 1687 565 1762 vacemus,
575 1675 661 1748 nihil
672 1673 817 1746 dicemus
832 1673 1072 1767 periculosum,
1086 1673 1174 1743 nihil
1185 1675 1333 1760 noxium,

283 1803 346 1854 noc
359 1781 455 1852 iuviti
469 1780 703 1875 peccabimus:
720 1781 780 1852 se'd
794 1793 828 1852 et
840 1781 1039 1852 imminente
1062 1781 1197 1851 steina
1211 1803 1336 1851 serm

285 1888 456 1975 emenoni,
475 1887 519 1958 de
537 1888 590 1958 bis
612 1901 789 1974 vacantes,
807 1888 950 1958 animam
964 1886 1106 1982 liberare
1122 1889 1333 1980 poterimus:

285 1995 383 2066 missi
398 1995 478 2064 curt
493 1991 562 2077 fita,
579 1994 646 2086 qua
662 1991 792 2064 solliciti
806 1993 926 2064 mutub
940 1992 1187 2064 sciscitabamur
1202 2023 1212 2066 :
1229 1998 1334 2066 Num-

285 2099 369 2194 qtu'd
384 2113 473 2191 gesta
488 2102 671 2191 Imperator
685 2093 836 2170 audivit?
851 2122 894 2168 an
909 2099 1055 2170 irritatus
1070 2113 1120 2170 est
1132 2103 1147 2167 ‘t
1161 2099 1246 2195 quid
1256 2102 1336 2172 verb

287 2205 459 2278 sententie
478 2204 709 2297 pronuntiavit
717 2207 732 2272 t
740 2203 906 2300 numquid
919 2205 1030 2298 ipsum
1044 2206 1212 2299 quispiam
1226 2230 1336 2278 exora·

287 2314 359 2384 vit?
369 2311 536 2406 numquid
554 2313 634 2383 verb
650 2310 733 2384 leret
752 2311 822 2404 ipse
836 2314 905 2382 tam
920 2335 1075 2404 magnam
1090 2327 1125 2384 et
1139 2313 1335 2407 populosam

286 2420 439 2492 funditus
454 2419 621 2493 civitatem
638 2420 801 2513 perdere?
814 2421 894 2490 lime
905 2420 1061 2514 quidem,
1079 2435 1114 2491 et
1130 2423 1243 2494 omnia
1257 2422 1335 2494 talia

241 2583 243 2592 ,
285 2527 323 2595 in
342 2531 451 2596 Deum
471 2524 697 2616 projicientes,
715 2525 817 2616 ipsius
832 2526 963 2596 tantim
981 2527 1139 2600 mandata
1152 2553 1333 2603 curemus:

286 2632 333 2703 sic
354 2630 444 2702 euim
459 2643 494 2700 et
517 2627 574 2710 illa
589 2631 701 2706 omnia
715 2631 953 2718 dissolvemus,
969 2634 1044 2704 etsi
1060 2636 1116 2707 vel
1130 2637 1247 2708 decem
1260 2643 1337 2709 tau·

286 2738 361 2809 tinn
371 2738 408 2808 in
424 2736 521 2810 nobis
532 2737 621 2810 recte
634 2738 779 2832 egerint,
793 2741 887 2812 brevi
897 2740 947 2812 illi
962 2739 1079 2814 decem
1092 2744 1212 2836 viginti
1229 2747 1335 2818 fient:

288 2845 424 2936 viginti,
444 2844 683 2941 quinquaginta
698 2875 706 2916 z
724 2847 983 2940 quinquaginta,
1000 2861 1137 2922 centum
1151 2881 1160 2923 ε
1174 2866 1336 2941 centnm,
1458 2877 1459 2880 ’

287 2951 379 3022 mille
393 2981 401 3023 ε
417 2950 530 3038 mille,
543 2963 614 3022 tota
633 2951 758 3022 civitas.
779 2956 824 3024 Et
838 2953 923 3024 sicut
935 2954 1050 3026 decem
1065 2949 1209 3030 accensis
1223 2960 1337 3030 lucer-

289 3059 353 3144 nis,
371 3079 505 3126 omnem
520 3055 893 3142 domumlumineiacilb
903 3060 977 3153 quis
988 3061 1126 3154 implere
1137 3067 1258 3158 poterit
1271 3069 1336 3139 :sic

289 3163 378 3232 etin
398 3160 514 3232 officiis
537 3161 782 3254 spiritualibus,
811 3165 838 3233 si
864 3163 979 3238 decem
999 3169 1061 3240 soli
1080 3172 1170 3242 recte
1185 3174 1333 3266 egerint,

288 3290 406 3362 pyram
422 3290 481 3361 per
495 3280 598 3340 totam
614 3269 780 3340 civitatem
790 3269 1004 3344 incendemus
1013 3275 1195 3350 habentem
1204 3279 1334 3370 lumen,
1353 3289 1357 3296 '

289 3390 323 3448 et
338 3376 548 3448 securitatem
572 3376 668 3446 nobis
688 3378 892 3460 afferentem.
920 3384 995 3453 Non
1009 3384 1099 3454 enim
1123 3386 1169 3458 sic
1191 3388 1336 3460 llammae

276 3498 424 3569 natura,
437 3483 473 3552 in
481 3482 650 3555 materiam
659 3482 921 3576 delapsa,vicina
931 3511 1059 3583 semper
1072 3490 1165 3585 ligna
1172 3494 1334 3584 incendit,

289 3595 374 3664 sicut
389 3593 520 3664 virtutis
539 3591 627 3664 zelus
641 3593 678 3662 in
692 3617 814 3686 paucas
832 3597 941 3692 lapsus
956 3602 1098 3690 animas,
1122 3606 1243 3676 musim
1262 3631 1337 3702 pre·

290 3697 440 3770 cedendo
463 3721 595 3770 omnem
614 3697 751 3792 implere
775 3695 941 3776 civitatem
961 3709 1094 3798 poterit.
1112 3713 1195 3782 Date
1222 3713 1334 3808 itaque
1457 3775 1458 3780 ,

291 3803 373 3872 mihi
387 3817 426 3882 ut
439 3804 482 3874 de
494 3805 589 3895 vobis
602 3803 739 3896 gloriar,
758 3821 791 3880 et
805 3809 840 3878 in
856 3812 1007 3901 praesenti
1021 3813 1107 3902 vita,
1121 3830 1155 3888 et
1169 3817 1205 3887 in
1219 3816 1334 3890 lutuno
1457 3875 1458 3894 t

291 3907 357 3994 die,
368 3932 435 4002 quo
451 3911 573 3983 talenta
581 3911 740 3999 habentes
749 3915 872 3988 credita
887 3916 1156 3995 introducentur:
1167 3925 1333 3997 sufficiens
