<?xml version="1.0" encoding="UTF-8"?>
<!DOCTYPE html PUBLIC "-//W3C//DTD XHTML 1.0 Transitional//EN"
    "http://www.w3.org/TR/xhtml1/DTD/xhtml1-transitional.dtd">
<html xmlns="http://www.w3.org/1999/xhtml" xml:lang="en" lang="en">
 <head>
  <title>
</title>
<meta http-equiv="Content-Type" content="text/html;charset=utf-8" />
  <meta name='ocr-system' content='tesseract 3.04.00' />
  <meta name='ocr-capabilities' content='ocr_page ocr_carea ocr_par ocr_line ocrx_word'/>
</head>
<body>
  <div class='ocr_page' id='page_1' title='image "./rhetoricasancto00cailgoog_0503.png"; bbox 0 0 2982 4584; ppageno 0'>
   <div class='ocr_carea' id='block_1_1' title="bbox 418 325 443 358">
    <p class='ocr_par' dir='ltr' id='par_1_1' title="bbox 418 325 443 358">
     <span class='ocr_line' id='line_1_1' title="bbox 418 325 443 358; baseline 0 0"><span class='ocrx_word' id='word_1_1' title='bbox 418 325 443 358; x_wconf 69' lang='lat' dir='ltr'><em>l</em></span> 
     </span>
    </p>
   </div>
   <div class='ocr_carea' id='block_1_2' title="bbox 272 437 1156 510">
    <p class='ocr_par' dir='ltr' id='par_1_2' title="bbox 272 437 1156 510">
     <span class='ocr_line' id='line_1_2' title="bbox 272 437 1156 510; baseline -0.006 -13"><span class='ocrx_word' id='word_1_2' title='bbox 272 437 334 498; x_wconf 79' lang='lat'><strong>5⁰8</strong></span> <span class='ocrx_word' id='word_1_3' title='bbox 417 449 596 496; x_wconf 65' lang='lat' dir='ltr'><strong>aaronica</strong></span> <span class='ocrx_word' id='word_1_4' title='bbox 619 445 647 495; x_wconf 73' lang='grc' dir='ltr'><strong>ι’.</strong></span> <span class='ocrx_word' id='word_1_5' title='bbox 673 447 828 510; x_wconf 71' lang='lat' dir='ltr'><strong>runnu,</strong></span> <span class='ocrx_word' id='word_1_6' title='bbox 851 447 929 496; x_wconf 83' lang='lat' dir='ltr'><strong>ms</strong></span> <span class='ocrx_word' id='word_1_7' title='bbox 951 453 994 510; x_wconf 88' lang='lat' dir='ltr'><strong>tt,</strong></span> <span class='ocrx_word' id='word_1_8' title='bbox 1019 449 1105 494; x_wconf 81' lang='lat' dir='ltr'><strong>sacr.</strong></span> <span class='ocrx_word' id='word_1_9' title='bbox 1129 454 1156 492; x_wconf 83' lang='lat' dir='ltr'><strong>t.</strong></span> 
     </span>
    </p>
   </div>
   <div class='ocr_carea' id='block_1_3' title="bbox 180 549 1352 4066">
    <p class='ocr_par' dir='ltr' id='par_1_3' title="bbox 267 549 1315 1180">
     <span class='ocr_line' id='line_1_3' title="bbox 268 549 1313 645; baseline -0.002 -23"><span class='ocrx_word' id='word_1_10' title='bbox 268 575 337 622; x_wconf 82' lang='lat' dir='ltr'><strong>esse</strong></span> <span class='ocrx_word' id='word_1_11' title='bbox 351 552 590 645; x_wconf 77' lang='lat' dir='ltr'>inciperemus,</span> <span class='ocrx_word' id='word_1_12' title='bbox 607 551 681 620; x_wconf 77' lang='lat' dir='ltr'><strong>baec</strong></span> <span class='ocrx_word' id='word_1_13' title='bbox 702 551 913 642; x_wconf 76' lang='lat' dir='ltr'><strong>praepararit,</strong></span> <span class='ocrx_word' id='word_1_14' title='bbox 930 549 1101 643; x_wconf 79' lang='lat' dir='ltr'><strong>quomodo</strong></span> <span class='ocrx_word' id='word_1_15' title='bbox 1118 573 1187 619; x_wconf 94' lang='lat' dir='ltr'><strong>non</strong></span> <span class='ocrx_word' id='word_1_16' title='bbox 1199 564 1233 620; x_wconf 89' lang='lat' dir='ltr'><strong>et</strong></span> <span class='ocrx_word' id='word_1_17' title='bbox 1248 551 1313 620; x_wconf 79' lang='lat' dir='ltr'><strong>frui</strong></span> 
     </span>
     <span class='ocr_line' id='line_1_4' title="bbox 268 655 1315 750; baseline -0.003 -20"><span class='ocrx_word' id='word_1_18' title='bbox 268 657 450 730; x_wconf 74' lang='lat' dir='ltr'><strong>concedet!</strong></span> <span class='ocrx_word' id='word_1_19' title='bbox 465 655 565 741; x_wconf 80' lang='lat' dir='ltr'><strong>Quod</strong></span> <span class='ocrx_word' id='word_1_20' title='bbox 576 671 687 726; x_wconf 90' lang='lat' dir='ltr'><strong>antem</strong></span> <span class='ocrx_word' id='word_1_21' title='bbox 709 657 800 750; x_wconf 78' lang='lat' dir='ltr'><strong>prius</strong></span> <span class='ocrx_word' id='word_1_22' title='bbox 814 657 886 725; x_wconf 84' lang='lat' dir='ltr'><strong>baec</strong></span> <span class='ocrx_word' id='word_1_23' title='bbox 897 657 986 726; x_wconf 87' lang='lat' dir='ltr'><strong>bona</strong></span> <span class='ocrx_word' id='word_1_24' title='bbox 999 658 1098 727; x_wconf 92' lang='lat' dir='ltr'><strong>nobis</strong></span> <span class='ocrx_word' id='word_1_25' title='bbox 1111 681 1315 750; x_wconf 61' lang='lat' dir='ltr'><strong>praeparave-</strong></span> 
     </span>
     <span class='ocr_line' id='line_1_5' title="bbox 267 764 1314 859; baseline 0 -23"><span class='ocrx_word' id='word_1_26' title='bbox 267 767 331 852; x_wconf 87' lang='lat' dir='ltr'><strong>rit,</strong></span> <span class='ocrx_word' id='word_1_27' title='bbox 350 765 428 835; x_wconf 87' lang='lat' dir='ltr'><strong>audi</strong></span> <span class='ocrx_word' id='word_1_28' title='bbox 443 765 527 859; x_wconf 92' lang='lat' dir='ltr'><strong>qnid</strong></span> <span class='ocrx_word' id='word_1_29' title='bbox 542 765 633 835; x_wconf 88' lang='lat' dir='ltr'><strong>dicat</strong></span> <span class='ocrx_word' id='word_1_30' title='bbox 644 765 808 835; x_wconf 85' lang='lat' dir='ltr'><strong>stantibus</strong></span> <span class='ocrx_word' id='word_1_31' title='bbox 821 768 841 834; x_wconf 74' lang='lat' dir='ltr'><strong>a</strong></span> <span class='ocrx_word' id='word_1_32' title='bbox 855 766 977 834; x_wconf 83' lang='lat' dir='ltr'>dextris</span> <span class='ocrx_word' id='word_1_33' title='bbox 995 796 1004 835; x_wconf 75' lang='grc' dir='ltr'>ε</span> <span class='ocrx_word' id='word_1_34' title='bbox 1025 765 1185 850; x_wconf 85' lang='lat' dir='ltr'><strong>Venite,</strong></span> <span class='ocrx_word' id='word_1_35' title='bbox 1209 764 1314 836; x_wconf 86' lang='lat' dir='ltr'><strong>bene-</strong></span> 
     </span>
     <span class='ocr_line' id='line_1_6' title="bbox 268 870 1312 969; baseline 0 -27"><span class='ocrx_word' id='word_1_36' title='bbox 268 871 360 943; x_wconf 79' lang='lat' dir='ltr'><strong>dicti</strong></span> <span class='ocrx_word' id='word_1_37' title='bbox 374 871 503 944; x_wconf 84' lang='lat' dir='ltr'><strong>Patris</strong></span> <span class='ocrx_word' id='word_1_38' title='bbox 531 874 619 960; x_wconf 87' lang='lat' dir='ltr'><strong>mei,</strong></span> <span class='ocrx_word' id='word_1_39' title='bbox 637 870 852 942; x_wconf 67' lang='lat' dir='ltr'><strong>haereditate</strong></span> <span class='ocrx_word' id='word_1_40' title='bbox 867 872 1023 964; x_wconf 66' lang='lat' dir='ltr'><strong>accipite</strong></span> <span class='ocrx_word' id='word_1_41' title='bbox 1038 897 1191 969; x_wconf 77' lang='lat' dir='ltr'><strong>reguum</strong></span> <span class='ocrx_word' id='word_1_42' title='bbox 1200 898 1312 966; x_wconf 81' lang='lat' dir='ltr'><strong>para</strong></span> 
     </span>
     <span class='ocr_line' id='line_1_7' title="bbox 269 977 1311 1051; baseline 0 -1"><span class='ocrx_word' id='word_1_43' title='bbox 269 995 345 1051; x_wconf 85' lang='lat' dir='ltr'><strong>tam</strong></span> <span class='ocrx_word' id='word_1_44' title='bbox 358 977 462 1050; x_wconf 65' lang='lat' dir='ltr'><strong>uobis</strong></span> <span class='ocrx_word' id='word_1_45' title='bbox 477 981 565 1050; x_wconf 77' lang='lat' dir='ltr'><strong>ante</strong></span> <span class='ocrx_word' id='word_1_46' title='bbox 588 981 878 1050; x_wconf 78' lang='lat' dir='ltr'><strong>constitutionem</strong></span> <span class='ocrx_word' id='word_1_47' title='bbox 892 977 1023 1049; x_wconf 80' lang='lat' dir='ltr'><strong>mundi</strong></span> <span class='ocrx_word' id='word_1_48' title='bbox 1029 983 1053 1047; x_wconf 93' lang='lat'><strong>¹.</strong></span> <span class='ocrx_word' id='word_1_49' title='bbox 1081 979 1202 1050; x_wconf 81' lang='lat' dir='ltr'><strong>Vidisti</strong></span> <span class='ocrx_word' id='word_1_50' title='bbox 1213 981 1311 1050; x_wconf 92' lang='lat' dir='ltr'><strong>boni-</strong></span> 
     </span>
     <span class='ocr_line' id='line_1_8' title="bbox 267 1085 1307 1180; baseline -0.002 -21"><span class='ocrx_word' id='word_1_51' title='bbox 267 1089 343 1159; x_wconf 88' lang='lat' dir='ltr'><strong>tatis</strong></span> <span class='ocrx_word' id='word_1_52' title='bbox 357 1085 599 1174; x_wconf 80' lang='lat' dir='ltr'><strong>excellentiam,</strong></span> <span class='ocrx_word' id='word_1_53' title='bbox 613 1089 737 1180; x_wconf 75' lang='lat' dir='ltr'><strong>quanti</strong></span> <span class='ocrx_word' id='word_1_54' title='bbox 749 1091 826 1179; x_wconf 74' lang='lat' dir='ltr'><strong>erga</strong></span> <span class='ocrx_word' id='word_1_55' title='bbox 838 1101 987 1156; x_wconf 89' lang='lat' dir='ltr'><strong>nostrum</strong></span> <span class='ocrx_word' id='word_1_56' title='bbox 996 1110 1101 1177; x_wconf 91' lang='lat' dir='ltr'><strong>genus</strong></span> <span class='ocrx_word' id='word_1_57' title='bbox 1111 1085 1307 1178; x_wconf 66' lang='lat' dir='ltr'><strong>benignitate</strong></span> 
     </span>
    </p>

    <p class='ocr_par' dir='ltr' id='par_1_4' title="bbox 267 1182 1319 2143">
     <span class='ocr_line' id='line_1_9' title="bbox 267 1182 1313 1288; baseline -0.004 -22"><span class='ocrx_word' id='word_1_58' title='bbox 267 1219 346 1266; x_wconf 87' lang='lat' dir='ltr'><strong>usus</strong></span> <span class='ocrx_word' id='word_1_59' title='bbox 361 1195 420 1282; x_wconf 92' lang='lat' dir='ltr'><strong>sit,</strong></span> <span class='ocrx_word' id='word_1_60' title='bbox 446 1209 484 1264; x_wconf 91' lang='lat' dir='ltr'><strong>nt</strong></span> <span class='ocrx_word' id='word_1_61' title='bbox 499 1209 532 1264; x_wconf 94' lang='lat' dir='ltr'><strong>et</strong></span> <span class='ocrx_word' id='word_1_62' title='bbox 547 1197 624 1264; x_wconf 77' lang='lat' dir='ltr'><strong>aute</strong></span> <span class='ocrx_word' id='word_1_63' title='bbox 636 1197 725 1288; x_wconf 86' lang='lat' dir='ltr'><strong>jacta</strong></span> <span class='ocrx_word' id='word_1_64' title='bbox 740 1182 963 1264; x_wconf 71' lang='lat' dir='ltr'><strong>fundamenta</strong></span> <span class='ocrx_word' id='word_1_65' title='bbox 979 1193 1098 1262; x_wconf 91' lang='lat' dir='ltr'><strong>mundi</strong></span> <span class='ocrx_word' id='word_1_66' title='bbox 1113 1195 1208 1263; x_wconf 91' lang='lat' dir='ltr'><strong>nobis</strong></span> <span class='ocrx_word' id='word_1_67' title='bbox 1220 1197 1313 1286; x_wconf 86' lang='lat' dir='ltr'><strong>regni</strong></span> 
     </span>
     <span class='ocr_line' id='line_1_10' title="bbox 268 1299 1314 1394; baseline -0.003 -22"><span class='ocrx_word' id='word_1_68' title='bbox 268 1301 429 1372; x_wconf 87' lang='lat' dir='ltr'><strong>coelorum</strong></span> <span class='ocrx_word' id='word_1_69' title='bbox 455 1299 645 1370; x_wconf 81' lang='lat' dir='ltr'><strong>fruitionem</strong></span> <span class='ocrx_word' id='word_1_70' title='bbox 668 1325 853 1394; x_wconf 87' lang='lat' dir='ltr'><strong>praeparare</strong></span> <span class='ocrx_word' id='word_1_71' title='bbox 879 1301 1033 1392; x_wconf 87' lang='lat' dir='ltr'><strong>dignatus</strong></span> <span class='ocrx_word' id='word_1_72' title='bbox 1055 1301 1123 1369; x_wconf 80' lang='lat' dir='ltr'><strong>sit?</strong></span> <span class='ocrx_word' id='word_1_73' title='bbox 1142 1301 1248 1392; x_wconf 82' lang='lat' dir='ltr'><strong>Igitur</strong></span> <span class='ocrx_word' id='word_1_74' title='bbox 1271 1323 1314 1369; x_wconf 93' lang='lat' dir='ltr'><strong>ne</strong></span> 
     </span>
     <span class='ocr_line' id='line_1_11' title="bbox 267 1405 1315 1501; baseline -0.002 -23"><span class='ocrx_word' id='word_1_75' title='bbox 267 1409 368 1478; x_wconf 86' lang='lat' dir='ltr'><strong>simus</strong></span> <span class='ocrx_word' id='word_1_76' title='bbox 379 1405 514 1498; x_wconf 83' lang='lat' dir='ltr'><strong>ingrati,</strong></span> <span class='ocrx_word' id='word_1_77' title='bbox 531 1409 688 1494; x_wconf 86' lang='lat' dir='ltr'><strong>obsecro,</strong></span> <span class='ocrx_word' id='word_1_78' title='bbox 706 1431 817 1501; x_wconf 88' lang='lat' dir='ltr'><strong>neque</strong></span> <span class='ocrx_word' id='word_1_79' title='bbox 840 1407 993 1497; x_wconf 89' lang='lat' dir='ltr'><strong>indignos</strong></span> <span class='ocrx_word' id='word_1_80' title='bbox 1005 1405 1127 1476; x_wconf 84' lang='lat' dir='ltr'><strong>talibus</strong></span> <span class='ocrx_word' id='word_1_81' title='bbox 1142 1418 1204 1476; x_wconf 81' lang='lat' dir='ltr'><strong>nos</strong></span> <span class='ocrx_word' id='word_1_82' title='bbox 1219 1406 1315 1476; x_wconf 89' lang='lat' dir='ltr'><strong>donis</strong></span> 
     </span>
     <span class='ocr_line' id='line_1_12' title="bbox 267 1513 1316 1606; baseline -0.001 -21"><span class='ocrx_word' id='word_1_83' title='bbox 267 1515 506 1586; x_wconf 88' lang='lat' dir='ltr'><strong>constituamus</strong></span> <span class='ocrx_word' id='word_1_84' title='bbox 520 1547 530 1604; x_wconf 81' lang='lat'>3</span> <span class='ocrx_word' id='word_1_85' title='bbox 546 1516 605 1584; x_wconf 88' lang='lat' dir='ltr'><strong>sed</strong></span> <span class='ocrx_word' id='word_1_86' title='bbox 627 1513 822 1606; x_wconf 89' lang='lat' dir='ltr'><strong>diligamus,</strong></span> <span class='ocrx_word' id='word_1_87' title='bbox 840 1529 880 1583; x_wconf 92' lang='lat' dir='ltr'><strong>ut</strong></span> <span class='ocrx_word' id='word_1_88' title='bbox 894 1514 1012 1600; x_wconf 91' lang='lat' dir='ltr'><strong>decet,</strong></span> <span class='ocrx_word' id='word_1_89' title='bbox 1029 1515 1208 1584; x_wconf 89' lang='lat' dir='ltr'><strong>Dominum</strong></span> <span class='ocrx_word' id='word_1_90' title='bbox 1234 1538 1316 1584; x_wconf 86' lang='lat' dir='ltr'><strong>nos-</strong></span> 
     </span>
     <span class='ocr_line' id='line_1_13' title="bbox 269 1618 1319 1742; baseline -0.004 -51"><span class='ocrx_word' id='word_1_91' title='bbox 269 1635 357 1692; x_wconf 86' lang='lat' dir='ltr'><strong>trum</strong></span> <span class='ocrx_word' id='word_1_92' title='bbox 364 1621 542 1713; x_wconf 88' lang='lat' dir='ltr'><strong>,nihilque</strong></span> <span class='ocrx_word' id='word_1_93' title='bbox 557 1621 732 1742; x_wconf 80' lang='lat' dir='ltr'><strong>faciamus,</strong></span> <span class='ocrx_word' id='word_1_94' title='bbox 750 1618 843 1714; x_wconf 91' lang='lat' dir='ltr'><strong>quod</strong></span> <span class='ocrx_word' id='word_1_95' title='bbox 859 1622 930 1714; x_wconf 85' lang='lat' dir='ltr'><strong>ejus</strong></span> <span class='ocrx_word' id='word_1_96' title='bbox 944 1622 1022 1711; x_wconf 79' lang='lat' dir='ltr'><strong>ergit</strong></span> <span class='ocrx_word' id='word_1_97' title='bbox 1038 1644 1103 1688; x_wconf 82' lang='lat' dir='ltr'><strong>nos</strong></span> <span class='ocrx_word' id='word_1_98' title='bbox 1112 1619 1319 1690; x_wconf 84' lang='lat' dir='ltr'><strong>benevolen-</strong></span> 
     </span>
     <span class='ocr_line' id='line_1_14' title="bbox 268 1727 1319 1822; baseline -0.002 -24"><span class='ocrx_word' id='word_1_99' title='bbox 268 1729 346 1798; x_wconf 86' lang='lat' dir='ltr'><strong>tiam</strong></span> <span class='ocrx_word' id='word_1_100' title='bbox 363 1727 531 1820; x_wconf 89' lang='lat' dir='ltr'><strong>impediat.</strong></span> <span class='ocrx_word' id='word_1_101' title='bbox 541 1727 628 1797; x_wconf 81' lang='lat' dir='ltr'><strong>tttm</strong></span> <span class='ocrx_word' id='word_1_102' title='bbox 645 1727 732 1796; x_wconf 89' lang='lat' dir='ltr'><strong>enim</strong></span> <span class='ocrx_word' id='word_1_103' title='bbox 748 1751 809 1797; x_wconf 91' lang='lat' dir='ltr'><strong>nos</strong></span> <span class='ocrx_word' id='word_1_104' title='bbox 820 1727 1319 1858; x_wconf 55' lang='lat' dir='ltr'><strong>prioresremillamcoepimusl</strong></span> 
     </span>
     <span class='ocr_line' id='line_1_15' title="bbox 268 1833 1319 1929; baseline -0.003 -25"><span class='ocrx_word' id='word_1_105' title='bbox 268 1835 365 1905; x_wconf 82' lang='lat' dir='ltr'><strong>ltub</strong></span> <span class='ocrx_word' id='word_1_106' title='bbox 355 1857 425 1929; x_wconf 80' lang='lat' dir='ltr'><strong>ipse</strong></span> <span class='ocrx_word' id='word_1_107' title='bbox 442 1835 532 1928; x_wconf 89' lang='lat' dir='ltr'><strong>prior</strong></span> <span class='ocrx_word' id='word_1_108' title='bbox 543 1858 697 1926; x_wconf 88' lang='lat' dir='ltr'><strong>magnam</strong></span> <span class='ocrx_word' id='word_1_109' title='bbox 712 1848 746 1904; x_wconf 91' lang='lat' dir='ltr'><strong>et</strong></span> <span class='ocrx_word' id='word_1_110' title='bbox 760 1833 1011 1904; x_wconf 83' lang='lat' dir='ltr'><strong>inenarrabilem</strong></span> <span class='ocrx_word' id='word_1_111' title='bbox 1028 1834 1221 1903; x_wconf 87' lang='lat' dir='ltr'><strong>charitatem</strong></span> <span class='ocrx_word' id='word_1_112' title='bbox 1235 1835 1319 1925; x_wconf 86' lang='lat' dir='ltr'><strong>erga</strong></span> 
     </span>
     <span class='ocr_line' id='line_1_16' title="bbox 267 1937 1316 2064; baseline -0.004 -52"><span class='ocrx_word' id='word_1_113' title='bbox 267 1963 328 2012; x_wconf 86' lang='lat' dir='ltr'><strong>uos</strong></span> <span class='ocrx_word' id='word_1_114' title='bbox 345 1939 549 2012; x_wconf 83' lang='lat' dir='ltr'><strong>declaravit:</strong></span> <span class='ocrx_word' id='word_1_115' title='bbox 541 1939 765 2064; x_wconf 31' lang='lat' dir='ltr'><strong>:quomodo</strong></span> <span class='ocrx_word' id='word_1_116' title='bbox 755 1942 857 2032; x_wconf 86' lang='lat' dir='ltr'><strong>rgitur</strong></span> <span class='ocrx_word' id='word_1_117' title='bbox 874 1963 943 2011; x_wconf 92' lang='lat' dir='ltr'><strong>non</strong></span> <span class='ocrx_word' id='word_1_118' title='bbox 958 1939 1140 2010; x_wconf 90' lang='lat' dir='ltr'><strong>absurdum</strong></span> <span class='ocrx_word' id='word_1_119' title='bbox 1154 1937 1269 2023; x_wconf 82' lang='lat' dir='ltr'><strong>fuerit,</strong></span> <span class='ocrx_word' id='word_1_120' title='bbox 1287 1942 1316 2009; x_wconf 90' lang='lat' dir='ltr'><strong>si</strong></span> 
     </span>
     <span class='ocr_line' id='line_1_17' title="bbox 268 2047 1310 2143; baseline -0.001 -27"><span class='ocrx_word' id='word_1_121' title='bbox 268 2071 363 2134; x_wconf 89' lang='lat' dir='ltr'><strong>eum,</strong></span> <span class='ocrx_word' id='word_1_122' title='bbox 380 2049 438 2143; x_wconf 89' lang='lat' dir='ltr'><strong>qni</strong></span> <span class='ocrx_word' id='word_1_123' title='bbox 454 2073 514 2119; x_wconf 90' lang='lat' dir='ltr'><strong>uos</strong></span> <span class='ocrx_word' id='word_1_124' title='bbox 535 2049 581 2119; x_wconf 87' lang='lat' dir='ltr'><strong>sic</strong></span> <span class='ocrx_word' id='word_1_125' title='bbox 595 2047 726 2135; x_wconf 82' lang='lat' dir='ltr'><strong>dilexit,</strong></span> <span class='ocrx_word' id='word_1_126' title='bbox 743 2072 813 2118; x_wconf 90' lang='lat' dir='ltr'><strong>non</strong></span> <span class='ocrx_word' id='word_1_127' title='bbox 824 2047 998 2139; x_wconf 86' lang='lat' dir='ltr'><strong>diligamus</strong></span> <span class='ocrx_word' id='word_1_128' title='bbox 1008 2048 1086 2117; x_wconf 89' lang='lat' dir='ltr'><strong>totis</strong></span> <span class='ocrx_word' id='word_1_129' title='bbox 1099 2047 1217 2116; x_wconf 84' lang='lat' dir='ltr'><strong>viribus</strong></span> <span class='ocrx_word' id='word_1_130' title='bbox 1231 2069 1310 2115; x_wconf 91' lang='lat' dir='ltr'><strong>nos·</strong></span> 
     </span>
    </p>

    <p class='ocr_par' dir='ltr' id='par_1_5' title="bbox 180 2153 1352 3964">
     <span class='ocr_line' id='line_1_18' title="bbox 270 2153 1316 2248; baseline -0.004 -23"><span class='ocrx_word' id='word_1_131' title='bbox 270 2155 349 2225; x_wconf 82' lang='lat' dir='ltr'><strong>tris?</strong></span> <span class='ocrx_word' id='word_1_132' title='bbox 373 2158 448 2247; x_wconf 90' lang='lat' dir='ltr'><strong>Ipse</strong></span> <span class='ocrx_word' id='word_1_133' title='bbox 474 2169 609 2248; x_wconf 89' lang='lat' dir='ltr'><strong>propter</strong></span> <span class='ocrx_word' id='word_1_134' title='bbox 628 2177 720 2225; x_wconf 87' lang='lat' dir='ltr'><strong>suam</strong></span> <span class='ocrx_word' id='word_1_135' title='bbox 737 2156 814 2248; x_wconf 76' lang='lat' dir='ltr'><strong>erga</strong></span> <span class='ocrx_word' id='word_1_136' title='bbox 829 2177 889 2225; x_wconf 88' lang='lat' dir='ltr'><strong>nos</strong></span> <span class='ocrx_word' id='word_1_137' title='bbox 904 2154 1096 2224; x_wconf 87' lang='lat' dir='ltr'><strong>charitatem</strong></span> <span class='ocrx_word' id='word_1_138' title='bbox 1112 2153 1221 2223; x_wconf 87' lang='lat' dir='ltr'><strong>omnia</strong></span> <span class='ocrx_word' id='word_1_139' title='bbox 1234 2175 1316 2222; x_wconf 88' lang='lat' dir='ltr'><strong>cum</strong></span> 
     </span>
     <span class='ocr_line' id='line_1_19' title="bbox 268 2261 1315 2360; baseline -0.002 -26"><span class='ocrx_word' id='word_1_140' title='bbox 268 2261 438 2357; x_wconf 89' lang='lat' dir='ltr'><strong>voluptate</strong></span> <span class='ocrx_word' id='word_1_141' title='bbox 457 2264 635 2334; x_wconf 83' lang='lat' dir='ltr'><strong>sustinuit:</strong></span> <span class='ocrx_word' id='word_1_142' title='bbox 654 2277 689 2333; x_wconf 89' lang='lat' dir='ltr'><strong>et</strong></span> <span class='ocrx_word' id='word_1_143' title='bbox 710 2286 751 2332; x_wconf 79' lang='lat' dir='ltr'><strong>ex</strong></span> <span class='ocrx_word' id='word_1_144' title='bbox 766 2263 838 2356; x_wconf 89' lang='lat' dir='ltr'><strong>ipso</strong></span> <span class='ocrx_word' id='word_1_145' title='bbox 852 2276 990 2354; x_wconf 88' lang='lat' dir='ltr'><strong>paterno</strong></span> <span class='ocrx_word' id='word_1_146' title='bbox 1013 2262 1096 2360; x_wconf 25' lang='lat' dir='ltr'><strong>sinu·</strong></span> <span class='ocrx_word' id='word_1_147' title='bbox 1104 2261 1259 2347; x_wconf 85' lang='lat' dir='ltr'><strong>exiliens,</strong></span> <span class='ocrx_word' id='word_1_148' title='bbox 1275 2275 1315 2332; x_wconf 90' lang='lat' dir='ltr'><strong>ut</strong></span> 
     </span>
     <span class='ocr_line' id='line_1_20' title="bbox 268 2369 1313 2462; baseline -0.003 -22"><span class='ocrx_word' id='word_1_149' title='bbox 268 2371 314 2440; x_wconf 75' lang='lat' dir='ltr'><strong>ita</strong></span> <span class='ocrx_word' id='word_1_150' title='bbox 336 2369 464 2458; x_wconf 88' lang='lat' dir='ltr'><strong>dicam,</strong></span> <span class='ocrx_word' id='word_1_151' title='bbox 482 2374 564 2443; x_wconf 83' lang='lat' dir='ltr'><strong>servi</strong></span> <span class='ocrx_word' id='word_1_152' title='bbox 594 2369 736 2442; x_wconf 85' lang='lat' dir='ltr'><strong>sormam</strong></span> <span class='ocrx_word' id='word_1_153' title='bbox 762 2394 926 2441; x_wconf 88' lang='lat' dir='ltr'><strong>assumere</strong></span> <span class='ocrx_word' id='word_1_154' title='bbox 944 2369 1068 2456; x_wconf 85' lang='lat' dir='ltr'><strong>voluit,</strong></span> <span class='ocrx_word' id='word_1_155' title='bbox 1091 2370 1313 2462; x_wconf 89' lang='lat' dir='ltr'><strong>perhumana</strong></span> 
     </span>
     <span class='ocr_line' id='line_1_21' title="bbox 269 2479 1316 2572; baseline -0.004 -20"><span class='ocrx_word' id='word_1_156' title='bbox 269 2482 380 2552; x_wconf 86' lang='lat' dir='ltr'><strong>omnia</strong></span> <span class='ocrx_word' id='word_1_157' title='bbox 394 2483 551 2569; x_wconf 85' lang='lat' dir='ltr'><strong>transire,</strong></span> <span class='ocrx_word' id='word_1_158' title='bbox 568 2497 602 2552; x_wconf 95' lang='lat' dir='ltr'><strong>et</strong></span> <span class='ocrx_word' id='word_1_159' title='bbox 628 2483 714 2552; x_wconf 86' lang='lat' dir='ltr'><strong>ferre</strong></span> <span class='ocrx_word' id='word_1_160' title='bbox 729 2485 749 2552; x_wconf 74' lang='grc' dir='ltr'>ὲ</span> <span class='ocrx_word' id='word_1_161' title='bbox 764 2487 783 2552; x_wconf 87' lang='lat' dir='ltr'><strong>J</strong></span> <span class='ocrx_word' id='word_1_162' title='bbox 786 2481 888 2552; x_wconf 88' lang='lat' dir='ltr'><strong>udaeis</strong></span> <span class='ocrx_word' id='word_1_163' title='bbox 912 2479 1128 2552; x_wconf 85' lang='lat' dir='ltr'><strong>contumelias</strong></span> <span class='ocrx_word' id='word_1_164' title='bbox 1143 2493 1179 2548; x_wconf 92' lang='lat' dir='ltr'><strong>et</strong></span> <span class='ocrx_word' id='word_1_165' title='bbox 1194 2502 1316 2572; x_wconf 87' lang='lat' dir='ltr'><strong>oppro-</strong></span> 
     </span>
     <span class='ocr_line' id='line_1_22' title="bbox 270 2585 1315 2680; baseline -0.002 -24"><span class='ocrx_word' id='word_1_166' title='bbox 270 2589 357 2673; x_wconf 87' lang='lat' dir='ltr'><strong>bria,</strong></span> <span class='ocrx_word' id='word_1_167' title='bbox 375 2587 520 2680; x_wconf 80' lang='lat' dir='ltr'><strong>denique</strong></span> <span class='ocrx_word' id='word_1_168' title='bbox 539 2602 572 2656; x_wconf 91' lang='lat' dir='ltr'><strong>et</strong></span> <span class='ocrx_word' id='word_1_169' title='bbox 587 2612 731 2674; x_wconf 88' lang='lat' dir='ltr'><strong>crucem,</strong></span> <span class='ocrx_word' id='word_1_170' title='bbox 749 2612 786 2658; x_wconf 89' lang='lat' dir='ltr'><strong>ac</strong></span> <span class='ocrx_word' id='word_1_171' title='bbox 799 2604 940 2660; x_wconf 70' lang='lat' dir='ltr'><strong>monem</strong></span> <span class='ocrx_word' id='word_1_172' title='bbox 955 2585 1315 2679; x_wconf 88' lang='lat' dir='ltr'><strong>ignominiosissimam,</strong></span> 
     </span>
     <span class='ocr_line' id='line_1_23' title="bbox 270 2691 1318 2788; baseline -0.005 -23"><span class='ocrx_word' id='word_1_173' title='bbox 270 2707 307 2765; x_wconf 92' lang='lat' dir='ltr'><strong>ut</strong></span> <span class='ocrx_word' id='word_1_174' title='bbox 322 2717 382 2765; x_wconf 88' lang='lat' dir='ltr'><strong>nos</strong></span> <span class='ocrx_word' id='word_1_175' title='bbox 395 2694 454 2788; x_wconf 89' lang='lat' dir='ltr'><strong>qui</strong></span> <span class='ocrx_word' id='word_1_176' title='bbox 469 2691 564 2767; x_wconf 90' lang='lat' dir='ltr'><strong>humi</strong></span> <span class='ocrx_word' id='word_1_177' title='bbox 579 2693 806 2781; x_wconf 85' lang='lat' dir='ltr'><strong>trahebamur,</strong></span> <span class='ocrx_word' id='word_1_178' title='bbox 823 2710 857 2765; x_wconf 94' lang='lat' dir='ltr'><strong>et</strong></span> <span class='ocrx_word' id='word_1_179' title='bbox 872 2693 1008 2764; x_wconf 85' lang='lat' dir='ltr'><strong>infinitis</strong></span> <span class='ocrx_word' id='word_1_180' title='bbox 1021 2707 1232 2786; x_wconf 80' lang='lat' dir='ltr'><strong>peecatorum</strong></span> <span class='ocrx_word' id='word_1_181' title='bbox 1245 2716 1318 2762; x_wconf 87' lang='lat' dir='ltr'><strong>sar·</strong></span> 
     </span>
     <span class='ocr_line' id='line_1_24' title="bbox 268 2793 1315 2894; baseline -0.004 -22"><span class='ocrx_word' id='word_1_182' title='bbox 268 2801 349 2872; x_wconf 89' lang='lat' dir='ltr'><strong>ciuis</strong></span> <span class='ocrx_word' id='word_1_183' title='bbox 368 2801 513 2894; x_wconf 85' lang='lat' dir='ltr'><strong>oppressi</strong></span> <span class='ocrx_word' id='word_1_184' title='bbox 539 2824 689 2887; x_wconf 87' lang='lat' dir='ltr'><strong>eramus,</strong></span> <span class='ocrx_word' id='word_1_185' title='bbox 716 2793 827 2871; x_wconf 72' lang='lat' dir='ltr'><strong>nostra</strong></span> <span class='ocrx_word' id='word_1_186' title='bbox 851 2801 888 2870; x_wconf 90' lang='lat' dir='ltr'><strong>in</strong></span> <span class='ocrx_word' id='word_1_187' title='bbox 910 2824 945 2871; x_wconf 91' lang='lat' dir='ltr'><strong>se</strong></span> <span class='ocrx_word' id='word_1_188' title='bbox 959 2801 1026 2870; x_wconf 80' lang='lat' dir='ltr'><strong>side</strong></span> <span class='ocrx_word' id='word_1_189' title='bbox 1040 2799 1159 2869; x_wconf 88' lang='lat' dir='ltr'><strong>liberos</strong></span> <span class='ocrx_word' id='word_1_190' title='bbox 1175 2799 1315 2870; x_wconf 73' lang='lat' dir='ltr'><strong>laceret.</strong></span> 
     </span>
     <span class='ocr_line' id='line_1_25' title="bbox 270 2905 1318 3000; baseline 0 -22"><span class='ocrx_word' id='word_1_191' title='bbox 270 2911 348 2978; x_wconf 84' lang='lat' dir='ltr'><strong>llaec</strong></span> <span class='ocrx_word' id='word_1_192' title='bbox 363 2907 450 2977; x_wconf 89' lang='lat' dir='ltr'><strong>euim</strong></span> <span class='ocrx_word' id='word_1_193' title='bbox 472 2907 582 2977; x_wconf 87' lang='lat' dir='ltr'><strong>omnia</strong></span> <span class='ocrx_word' id='word_1_194' title='bbox 598 2921 708 2976; x_wconf 91' lang='lat' dir='ltr'><strong>mente</strong></span> <span class='ocrx_word' id='word_1_195' title='bbox 724 2909 906 3000; x_wconf 88' lang='lat' dir='ltr'><strong>recogitans</strong></span> <span class='ocrx_word' id='word_1_196' title='bbox 925 2909 1041 2978; x_wconf 88' lang='lat' dir='ltr'><strong>beatus</strong></span> <span class='ocrx_word' id='word_1_197' title='bbox 1057 2905 1196 2994; x_wconf 88' lang='lat' dir='ltr'><strong>Paulus,</strong></span> <span class='ocrx_word' id='word_1_198' title='bbox 1212 2905 1318 2978; x_wconf 90' lang='lat' dir='ltr'><strong>fervi-</strong></span> 
     </span>
     <span class='ocr_line' id='line_1_26' title="bbox 269 3011 1318 3106; baseline 0 -22"><span class='ocrx_word' id='word_1_199' title='bbox 269 3011 331 3084; x_wconf 88' lang='lat' dir='ltr'><strong>dus</strong></span> <span class='ocrx_word' id='word_1_200' title='bbox 341 3011 463 3090; x_wconf 86' lang='lat' dir='ltr'><strong>Christi</strong></span> <span class='ocrx_word' id='word_1_201' title='bbox 475 3027 612 3098; x_wconf 86' lang='lat' dir='ltr'><strong>amator,</strong></span> <span class='ocrx_word' id='word_1_202' title='bbox 627 3027 659 3082; x_wconf 89' lang='lat' dir='ltr'><strong>et</strong></span> <span class='ocrx_word' id='word_1_203' title='bbox 672 3015 765 3106; x_wconf 90' lang='lat' dir='ltr'><strong>quasi</strong></span> <span class='ocrx_word' id='word_1_204' title='bbox 776 3011 880 3085; x_wconf 87' lang='lat' dir='ltr'><strong>alatus</strong></span> <span class='ocrx_word' id='word_1_205' title='bbox 889 3015 1078 3084; x_wconf 84' lang='lat' dir='ltr'><strong>universum</strong></span> <span class='ocrx_word' id='word_1_206' title='bbox 1090 3014 1202 3084; x_wconf 88' lang='lat' dir='ltr'><strong>orbem</strong></span> <span class='ocrx_word' id='word_1_207' title='bbox 1215 3036 1318 3105; x_wconf 87' lang='lat' dir='ltr'><strong>pera-</strong></span> 
     </span>
     <span class='ocr_line' id='line_1_27' title="bbox 211 3119 1314 3214; baseline 0.004 -28"><span class='ocrx_word' id='word_1_208' title='bbox 211 3151 212 3154; x_wconf 40' lang='lat'><em>*</em></span> <span class='ocrx_word' id='word_1_209' title='bbox 270 3141 387 3210; x_wconf 85' lang='lat' dir='ltr'><strong>graus,</strong></span> <span class='ocrx_word' id='word_1_210' title='bbox 405 3119 515 3211; x_wconf 90' lang='lat' dir='ltr'><strong>quiin</strong></span> <span class='ocrx_word' id='word_1_211' title='bbox 536 3139 673 3209; x_wconf 86' lang='lat' dir='ltr'><strong>corpore</strong></span> <span class='ocrx_word' id='word_1_212' title='bbox 691 3141 767 3211; x_wconf 83' lang='lat' dir='ltr'><strong>quse</strong></span> <span class='ocrx_word' id='word_1_213' title='bbox 779 3119 1049 3212; x_wconf 89' lang='lat' dir='ltr'><strong>incorporeorum</strong></span> <span class='ocrx_word' id='word_1_214' title='bbox 1065 3119 1195 3214; x_wconf 86' lang='lat' dir='ltr'><strong>propria</strong></span> <span class='ocrx_word' id='word_1_215' title='bbox 1211 3135 1314 3208; x_wconf 89' lang='lat' dir='ltr'><strong>sunt,</strong></span> 
     </span>
     <span class='ocr_line' id='line_1_28' title="bbox 267 3215 1325 3310; baseline 0.002 -16"><span class='ocrx_word' id='word_1_216' title='bbox 267 3223 375 3294; x_wconf 83' lang='lat' dir='ltr'><strong>facere</strong></span> <span class='ocrx_word' id='word_1_217' title='bbox 386 3222 550 3310; x_wconf 83' lang='lat' dir='ltr'><strong>studebat,</strong></span> <span class='ocrx_word' id='word_1_218' title='bbox 562 3221 725 3294; x_wconf 84' lang='lat' dir='ltr'><strong>clamabat</strong></span> <span class='ocrx_word' id='word_1_219' title='bbox 737 3223 849 3294; x_wconf 89' lang='lat' dir='ltr'><strong>dicens</strong></span> <span class='ocrx_word' id='word_1_220' title='bbox 861 3253 868 3295; x_wconf 93' lang='lat'>:</span> <span class='ocrx_word' id='word_1_221' title='bbox 881 3221 1056 3298; x_wconf 78' lang='lat' dir='ltr'><strong>Charitas</strong></span> <span class='ocrx_word' id='word_1_222' title='bbox 1066 3215 1162 3298; x_wconf 86' lang='lat' dir='ltr'><strong>enim</strong></span> <span class='ocrx_word' id='word_1_223' title='bbox 1174 3225 1325 3298; x_wconf 72' lang='lat' dir='ltr'><strong>Christi·</strong></span> 
     </span>
     <span class='ocr_line' id='line_1_29' title="bbox 266 3325 1311 3424; baseline 0.004 -24"><span class='ocrx_word' id='word_1_224' title='bbox 266 3325 401 3400; x_wconf 77' lang='lat' dir='ltr'><strong>detinet</strong></span> <span class='ocrx_word' id='word_1_225' title='bbox 415 3327 608 3401; x_wconf 78' lang='lat' dir='ltr'><strong>nos².Vide</strong></span> <span class='ocrx_word' id='word_1_226' title='bbox 620 3331 829 3424; x_wconf 86' lang='lat' dir='ltr'><strong>probitatem,</strong></span> <span class='ocrx_word' id='word_1_227' title='bbox 840 3331 916 3403; x_wconf 91' lang='lat' dir='ltr'><strong>vide</strong></span> <span class='ocrx_word' id='word_1_228' title='bbox 926 3335 1056 3404; x_wconf 87' lang='lat' dir='ltr'><strong>virtutis</strong></span> <span class='ocrx_word' id='word_1_229' title='bbox 1067 3333 1311 3422; x_wconf 81' lang='lat' dir='ltr'><strong>excellentiam,</strong></span> 
     </span>
     <span class='ocr_line' id='line_1_30' title="bbox 180 3427 1314 3528; baseline 0.001 -17"><span class='ocrx_word' id='word_1_230' title='bbox 180 3427 183 3436; x_wconf 64' lang='grc'><strong>’</strong></span> <span class='ocrx_word' id='word_1_231' title='bbox 264 3435 340 3511; x_wconf 86' lang='lat' dir='ltr'><strong>vide</strong></span> <span class='ocrx_word' id='word_1_232' title='bbox 355 3437 537 3510; x_wconf 83' lang='lat' dir='ltr'><strong>ferventem</strong></span> <span class='ocrx_word' id='word_1_233' title='bbox 549 3455 721 3511; x_wconf 86' lang='lat' dir='ltr'><strong>amorem:¹</strong></span> <span class='ocrx_word' id='word_1_234' title='bbox 731 3439 907 3512; x_wconf 79' lang='lat' dir='ltr'><strong>Charitas</strong></span> <span class='ocrx_word' id='word_1_235' title='bbox 919 3439 1057 3514; x_wconf 78' lang='lat' dir='ltr'><strong>Christi</strong></span> <span class='ocrx_word' id='word_1_236' title='bbox 1070 3439 1206 3512; x_wconf 84' lang='lat' dir='ltr'><strong>detinet</strong></span> <span class='ocrx_word' id='word_1_237' title='bbox 1218 3465 1287 3512; x_wconf 84' lang='lat' dir='ltr'><strong>nos</strong></span> <span class='ocrx_word' id='word_1_238' title='bbox 1294 3473 1314 3528; x_wconf 89' lang='lat'><strong>,·</strong></span> 
     </span>
     <span class='ocr_line' id='line_1_31' title="bbox 266 3543 1352 3640; baseline 0.002 -24"><span class='ocrx_word' id='word_1_239' title='bbox 266 3547 328 3618; x_wconf 90' lang='lat' dir='ltr'><strong>hoc</strong></span> <span class='ocrx_word' id='word_1_240' title='bbox 344 3559 412 3633; x_wconf 91' lang='lat' dir='ltr'><strong>est,</strong></span> <span class='ocrx_word' id='word_1_241' title='bbox 427 3543 615 3640; x_wconf 84' lang='lat' dir='ltr'><strong>compellit,</strong></span> <span class='ocrx_word' id='word_1_242' title='bbox 634 3548 743 3640; x_wconf 86' lang='lat' dir='ltr'><strong>cogit,</strong></span> <span class='ocrx_word' id='word_1_243' title='bbox 760 3550 915 3621; x_wconf 88' lang='lat' dir='ltr'><strong>concitat.</strong></span> <span class='ocrx_word' id='word_1_244' title='bbox 935 3550 1061 3621; x_wconf 79' lang='lat' dir='ltr'><strong>Deinde</strong></span> <span class='ocrx_word' id='word_1_245' title='bbox 1073 3551 1188 3622; x_wconf 90' lang='lat' dir='ltr'><strong>voleus</strong></span> <span class='ocrx_word' id='word_1_246' title='bbox 1203 3551 1312 3620; x_wconf 90' lang='lat' dir='ltr'><strong>iuter·</strong></span> <span class='ocrx_word' id='word_1_247' title='bbox 1350 3602 1352 3605; x_wconf 84' lang='grc'>-</span> 
     </span>
     <span class='ocr_line' id='line_1_32' title="bbox 265 3651 1309 3754; baseline 0.002 -28"><span class='ocrx_word' id='word_1_248' title='bbox 265 3655 385 3750; x_wconf 87' lang='lat' dir='ltr'><strong>pretari</strong></span> <span class='ocrx_word' id='word_1_249' title='bbox 404 3655 529 3750; x_wconf 74' lang='lat' dir='ltr'><strong>quoda</strong></span> <span class='ocrx_word' id='word_1_250' title='bbox 548 3651 723 3727; x_wconf 82' lang='lat' dir='ltr'><strong>aedictum</strong></span> <span class='ocrx_word' id='word_1_251' title='bbox 739 3671 827 3745; x_wconf 90' lang='lat' dir='ltr'><strong>erat,</strong></span> <span class='ocrx_word' id='word_1_252' title='bbox 844 3659 952 3754; x_wconf 90' lang='lat' dir='ltr'><strong>iuquit</strong></span> <span class='ocrx_word' id='word_1_253' title='bbox 966 3689 974 3731; x_wconf 75' lang='grc' dir='ltr'><strong>ι</strong></span> <span class='ocrx_word' id='word_1_254' title='bbox 988 3655 1205 3730; x_wconf 73' lang='lat' dir='ltr'><strong>Jadicantes</strong></span> <span class='ocrx_word' id='word_1_255' title='bbox 1222 3655 1309 3748; x_wconf 83' lang='lat' dir='ltr'><strong>hoe,</strong></span> 
     </span>
     <span class='ocr_line' id='line_1_33' title="bbox 266 3755 1313 3864; baseline 0.005 -34"><span class='ocrx_word' id='word_1_256' title='bbox 266 3765 438 3854; x_wconf 85' lang='lat' dir='ltr'><strong>quoniam</strong></span> <span class='ocrx_word' id='word_1_257' title='bbox 452 3764 486 3834; x_wconf 87' lang='lat' dir='ltr'><strong>si</strong></span> <span class='ocrx_word' id='word_1_258' title='bbox 498 3786 589 3834; x_wconf 85' lang='lat' dir='ltr'><strong>unas</strong></span> <span class='ocrx_word' id='word_1_259' title='bbox 601 3787 671 3856; x_wconf 85' lang='lat' dir='ltr'><strong>pro</strong></span> <span class='ocrx_word' id='word_1_260' title='bbox 686 3763 851 3838; x_wconf 83' lang='lat' dir='ltr'><strong>omnibus</strong></span> <span class='ocrx_word' id='word_1_261' title='bbox 866 3781 1025 3838; x_wconf 83' lang='lat' dir='ltr'><strong>mortuas</strong></span> <span class='ocrx_word' id='word_1_262' title='bbox 1046 3755 1111 3847; x_wconf 81' lang='lat' dir='ltr'><strong>est,</strong></span> <span class='ocrx_word' id='word_1_263' title='bbox 1138 3767 1223 3864; x_wconf 81' lang='lat' dir='ltr'><strong>ergti</strong></span> <span class='ocrx_word' id='word_1_264' title='bbox 1237 3789 1313 3836; x_wconf 89' lang='lat' dir='ltr'><strong>om·</strong></span> 
     </span>
     <span class='ocr_line' id='line_1_34' title="bbox 265 3867 1312 3964; baseline 0 -24"><span class='ocrx_word' id='word_1_265' title='bbox 265 3891 330 3940; x_wconf 86' lang='lat' dir='ltr'><strong>nes</strong></span> <span class='ocrx_word' id='word_1_266' title='bbox 345 3871 478 3940; x_wconf 80' lang='lat' dir='ltr'><strong>usortui</strong></span> <span class='ocrx_word' id='word_1_267' title='bbox 502 3883 595 3940; x_wconf 83' lang='lat' dir='ltr'><strong>sunt.</strong></span> <span class='ocrx_word' id='word_1_268' title='bbox 613 3867 668 3941; x_wconf 89' lang='lat' dir='ltr'><strong>Et</strong></span> <span class='ocrx_word' id='word_1_269' title='bbox 680 3893 750 3964; x_wconf 86' lang='lat' dir='ltr'><strong>pro</strong></span> <span class='ocrx_word' id='word_1_270' title='bbox 770 3872 935 3945; x_wconf 83' lang='lat' dir='ltr'><strong>omnihus</strong></span> <span class='ocrx_word' id='word_1_271' title='bbox 960 3887 1121 3946; x_wconf 84' lang='lat' dir='ltr'><strong>mortuus</strong></span> <span class='ocrx_word' id='word_1_272' title='bbox 1138 3887 1203 3959; x_wconf 85' lang='lat' dir='ltr'><strong>est,</strong></span> <span class='ocrx_word' id='word_1_273' title='bbox 1221 3887 1260 3942; x_wconf 84' lang='lat' dir='ltr'><strong>ut</strong></span> <span class='ocrx_word' id='word_1_274' title='bbox 1274 3886 1312 3941; x_wconf 87' lang='lat' dir='ltr'><strong>et</strong></span> 
     </span>
    </p>

    <p class='ocr_par' dir='ltr' id='par_1_6' title="bbox 304 3994 821 4066">
     <span class='ocr_line' id='line_1_35' title="bbox 304 3994 821 4066; baseline 0.006 -18"><span class='ocrx_word' id='word_1_275' title='bbox 304 3994 419 4050; x_wconf 59' lang='lat' dir='ltr'><strong>matth.</strong></span> <span class='ocrx_word' id='word_1_276' title='bbox 437 3996 546 4066; x_wconf 54' lang='lat' dir='ltr'><strong>aresti.</strong></span> <span class='ocrx_word' id='word_1_277' title='bbox 566 4021 598 4037; x_wconf 90' lang='lat'><em>-</em></span> <span class='ocrx_word' id='word_1_278' title='bbox 613 4007 624 4036; x_wconf 85' lang='lat'>²</span> <span class='ocrx_word' id='word_1_279' title='bbox 637 4011 652 4051; x_wconf 84' lang='lat'>2</span> <span class='ocrx_word' id='word_1_280' title='bbox 666 4001 721 4054; x_wconf 83' lang='lat' dir='ltr'><strong>Gor.</strong></span> <span class='ocrx_word' id='word_1_281' title='bbox 734 4017 759 4066; x_wconf 88' lang='lat' dir='ltr'><strong>r,</strong></span> <span class='ocrx_word' id='word_1_282' title='bbox 779 3998 821 4066; x_wconf 70' lang='lat'><strong>24.</strong></span> 
     </span>
    </p>
   </div>
   <div class='ocr_carea' id='block_1_4' title="bbox 0 0 1496 4584">
    <p class='ocr_par' dir='ltr' id='par_1_7' title="bbox 0 0 1496 4584">
     <span class='ocr_line' id='line_1_36' title="bbox 0 0 1496 4584; baseline 0 0"><span class='ocrx_word' id='word_1_283' title='bbox 0 0 1496 4584; x_wconf 95' lang='lat' dir='ltr'><strong> </strong></span> 
     </span>
    </p>
   </div>
  </div>
 </body>
</html>
