2996 4598
266 487 367 534 ctrur
390 493 435 534 vr.
462 492 503 534 nn
525 465 682 532 marnouo
705 491 741 532 ut
763 492 972 535 corvororvrsus
992 487 1158 534 tnnrmrr.
1194 474 1236 534 93

199 591 403 684 pugdrunffl,
415 603 449 658 ct
461 611 500 658 ex
509 591 616 658 Cruce
631 610 722 670 eum,
738 611 839 680 quem
850 590 1028 680 ignominia
1036 589 1235 674 affecerunt,

201 697 489 786 recognoscentes,
512 692 663 762 lamentis
685 693 1008 784 conficiantur,:=(at
1029 693 1077 763 illi
1102 694 1238 788 quidem

201 798 422 892 deplorabunt
436 825 470 870 se
485 799 590 868 tribus
606 801 721 866 contra
733 797 842 867 tribus
854 803 881 888 ²3
894 812 974 868 tunc
990 800 1076 868 enim
1094 801 1239 892 poenite·
1337 824 1344 832 ⁸

201 906 250 976 hit
265 931 344 994 eos,
370 908 449 978 crim
465 931 534 976 non
549 905 611 973 erit
635 917 765 996 tempus
775 905 981 997 poenitentiae
999 933 1007 974 ι
1023 907 1037 994 )
1056 928 1116 974 nos
1131 921 1240 976 autem

202 1009 390 1103 gloriemur,
408 1014 451 1084 de
463 1015 569 1106 Cruce
582 1009 776 1102 plaudentes
796 1034 833 1079 ac
849 1011 1023 1101 gestientes
1044 1041 1052 1082 :
1071 1001 1243 1080 adoradtes

147 1205 149 1207 Ι
202 1142 297 1206 eum,
315 1121 375 1214 qui
389 1121 505 1188 missus
520 1132 553 1188 et
563 1141 624 1210 pro
641 1117 736 1188 nobis
751 1118 924 1188 crucifixus
949 1133 1020 1204 est,
1042 1119 1241 1209 Dominum,

203 1226 377 1296 adorantes
392 1249 528 1320 quoque
543 1230 683 1309 Patrem,
698 1226 717 1292 d
732 1249 800 1319 quo
812 1226 929 1296 missus
944 1239 1005 1312 est,
1025 1230 1147 1311 neum,
1166 1249 1244 1296 cum

204 1347 318 1402 sancto
336 1331 479 1424 Spiritu,
496 1331 549 1402 cui
563 1329 664 1420 gloria
677 1329 712 1397 in
727 1331 846 1401 saecula
859 1331 1067 1402 saeculorum.
1086 1335 1241 1402 Amen³.»

250 1445 298 1510 ΙΙ.
317 1437 504 1524 Homilr'ce,
521 1441 624 1528 graece
643 1449 740 1521 ὁμιλίαι,
755 1437 847 1532 quod
869 1438 957 1508 idem
973 1455 1068 1510 sonat
1090 1464 1128 1510 ac
1143 1439 1244 1510 latin'e

208 1546 446 1630 conversatio,
471 1543 644 1640 familiares
659 1549 732 1616 altae
751 1544 948 1615 dicebantur
961 1547 1144 1632 orationes,
1168 1546 1244 1640 qui-

205 1653 268 1722 bus
284 1652 364 1722 varii
385 1674 484 1720 sacrae
504 1653 680 1746 Scripturas
702 1665 811 1722 textus
832 1655 890 1721 sual
903 1641 1045 1748 ¹quisque
1060 1654 1130 1724 vice
1146 1676 1246 1746 erpo·

175 1825 180 1832 ,
205 1759 379 1828 nebantur.
404 1756 558 1828 Nondtim
573 1761 662 1828 enim
684 1759 945 1850 excogitaverant
959 1761 1086 1854 antiqui
1101 1761 1246 1854 exquisi-

206 1881 276 1936 tum
306 1863 391 1940 illud
421 1863 670 1936 Homr'lt'arum
705 1889 827 1956 genus,
852 1889 920 1958 quo
945 1891 1051 1936 unum
1077 1867 1247 1958 Evangelii

207 1972 331 2044 lactum
346 1971 393 2040 ita
408 1971 637 2064 explicandum
648 1973 842 2066 suscipitur,
859 1987 898 2042 ut
914 1975 1023 2044 omnia
1039 1972 1081 2043 ad
1095 1997 1250 2068 compro·

207 2078 356 2150 handum
372 2077 460 2148 idem
475 2095 705 2170 argumentum
720 2096 939 2166 concurrant,
956 2080 1062 2176 qualis
1073 2093 1138 2166 est,
1156 2081 1249 2152 verbi

209 2187 320 2276 gratial,
341 2183 397 2253 illa
412 2186 515 2254 nostri
529 2184 706 2262 Burdalzi'
725 2187 761 2254 in
776 2185 1047 2284 Magdalenam
1063 2186 1246 2273 Humilia,

209 2292 266 2362 ubi
282 2291 439 2382 sagaciter
454 2314 492 2360 ex
508 2291 686 2381 Evangelio
706 2293 849 2362 ostendit
864 2292 967 2363 multa
982 2308 1115 2386 peccata
1130 2293 1179 2362 illi
1198 2295 1250 2362 di-

210 2401 305 2468 missa
328 2397 448 2483 fnisse,
478 2399 556 2492 quia
572 2396 685 2467 dilexit
705 2397 848 2467 multum
862 2451 870 2484 ,
885 2412 918 2468 et
933 2398 1022 2468 illam
1038 2399 1181 2469 multum
1197 2399 1250 2469 di·
1272 2490 1275 2496 ,

210 2505 336 2590 lenisse,
350 2504 429 2598 quia
443 2503 549 2572 multa
559 2501 698 2576 fuerunt
713 2505 843 2574 dimissa
853 2519 997 2598 peecata.
1018 2508 1128 2577 Sancti
1140 2521 1251 2577 autem

210 2618 367 2684 Doctores
379 2636 446 2682 non
458 2615 525 2680 tam
538 2611 662 2683 directa
671 2612 863 2706 dissicilique
872 2615 925 2684 vid
940 2615 1180 2706 procedebant,
1194 2617 1252 2686 sed
1359 2625 1363 2634 '

212 2721 321 2792 omnia
336 2718 505 2808 Evangelii
517 2718 617 2788 verba
631 2717 791 2788 resolvere
803 2723 950 2790 contenti
959 2722 1141 2812 elegantem
1155 2725 1251 2795 illum

213 2828 411 2920 eloquentiae
420 2840 614 2920 apparatum
626 2840 836 2896 contemnere
850 2827 1060 2898 videbantur.
1069 2832 1154 2900 Hinc
1166 2835 1253 2924 jam-

214 2935 342 3006 dudum
358 2933 463 3026 gravis
478 2947 589 3002 exorta
604 2933 690 3002 inter
706 2931 819 3002 doctos
831 2935 1020 3030 contentio,
1036 2935 1149 3006 utrrim
1164 2938 1253 3030 prior

138 3129 140 3134 Ι
215 3040 442 3136 amplectenda
456 3041 632 3111 methodus
646 3049 657 3126 ,'
674 3063 716 3108 an
732 3039 963 3134 anteponenda
978 3043 1148 3136 posterior.

348 3173 401 3223 Non
412 3175 520 3222 nostrum
529 3171 598 3222 certe
610 3176 690 3222 tantas
702 3155 848 3238 componere
861 3171 925 3223 lites.

217 3271 309 3341 Prior
316 3269 452 3364 quidem
466 3271 588 3362 majore
603 3269 680 3338 nixa
696 3270 903 3356 anctoritate,
915 3271 992 3340 ciam
1004 3271 1093 3342 illam
1105 3274 1140 3343 in
1150 3277 1255 3346 Evan-

218 3377 301 3468 gelia
322 3375 480 3470 Paulique
498 3373 662 3467 'Epistulas
681 3376 950 3465 chrysostomus,
973 3377 1008 3445 in
1028 3379 1171 3449 Psalmos
1187 3386 1256 3451 Do·

217 3483 365 3576 minique
381 3496 415 3552 et
428 3480 577 3575 Apostoli
593 3481 694 3552 verba
704 3481 919 3574 Augustinus,
930 3483 965 3550 in
980 3485 1153 3555 Canticum
1169 3490 1257 3558 Can-

161 3653 165 3660 .
219 3589 358 3658 ticorum
383 3587 588 3672 Bernardns,
609 3586 676 3655 imo
700 3600 733 3655 et
758 3585 813 3656 alii
839 3588 874 3656 in
898 3587 961 3657 alia
983 3587 1133 3683 plerique
1155 3593 1258 3662 sancti

220 3701 375 3766 Doctores
391 3695 547 3765 adhibere
562 3693 760 3788 maluerint-3
776 3698 936 3788 posterior
954 3699 1032 3767 verd
1047 3686 1198 3770 maximis
1209 3725 1259 3771 re·

222 3803 405 3872 centiorum
419 3805 606 3894 temporum
622 3799 698 3871 viris
715 3804 899 3894 acceptior,
917 3803 1142 3898 politiorisque
1154 3810 1259 3878 aetatis

258 3952 348 4000 ¹Joan.
361 3965 413 4012 ιιι,
427 3947 474 4015 37,
487 3945 558 3999 Zaclr.
572 3963 622 4008 ιιι,
642 3959 727 4008 rora,
745 3952 771 3997 ct
785 3949 860 4014 llpoc.
876 3967 899 4015 1,
915 3965 938 4014 7.
953 3951 1149 4018 -²Zach.x11,
1169 3968 1207 4005 12.
1227 3980 1258 3990 -

227 4029 236 4067 ³
249 4035 271 4082 S.
285 4029 569 4106 Cy1·il.Hieros.Catech.
585 4047 637 4093 rur,
652 4047 675 4080 n.
691 4026 781 4093 38-4ι.
1264 4017 1270 4026 ’
