2930 4582
303 405 367 475 ato
408 420 431 433 '·
457 421 636 472 rnnroarca
658 424 685 471 s.
710 423 864 487 inmun,
889 423 965 472 rsus
986 429 1034 491 11,
1058 423 1143 473 suen.
1168 429 1193 472 1.

186 531 189 537 '
294 529 407 622 ipsum
422 527 615 597 submittere
631 523 842 616 dedignetur,
853 526 953 596 etiam
969 527 1012 596 ab
1027 524 1086 597 illo
1100 526 1232 604 sibimet
1246 528 1339 600 obla-

290 651 366 729 tam
381 634 504 727 respuit
519 647 618 726 atque
633 634 815 702 contemnit
833 636 856 700 ¹.
878 659 894 698 t>

354 741 408 812 lld
432 739 523 808 illam
539 739 791 832 descriptionem
813 739 938 809 accedit
960 741 1033 810 haec
1053 741 1156 812 saneti
1176 742 1337 832 Chrysor-

298 849 401 933 tomi,
414 847 545 916 inanem
562 844 707 914 Gloriam
723 846 769 914 sic
784 844 977 918 delineantis
997 875 1005 917 ι

343 957 458 1023 «Haec
485 952 591 1021 inanis
615 951 813 1038 storiarum
834 953 978 1044 pernicie
1001 949 1140 1022 multam
1155 954 1338 1025 irrisionem

294 1060 447 1130 inducit:
466 1058 543 1127 ante
558 1055 757 1150 supplicium
780 1057 848 1127 illic
863 1056 1036 1144 futurum,
1054 1057 1144 1128 mille
1161 1060 1215 1128 hic
1230 1060 1338 1131 invol-

293 1169 342 1238 vit
357 1163 461 1234 malis.
480 1169 535 1247 Et,
551 1163 577 1232 si
592 1163 719 1256 placet,
735 1177 774 1232 ut
789 1165 852 1234 hoc
868 1163 983 1250 discas,
999 1164 1100 1234 coelos
1115 1165 1247 1234 interim
1260 1167 1339 1235 mit·

294 1285 417 1358 tentes,
435 1275 453 1340 b
469 1271 589 1364 quibus
604 1293 663 1339 nos
679 1271 787 1363 ejicit,
806 1285 838 1340 et
863 1273 1062 1363 gehennam,
1089 1273 1241 1365 inquam
1263 1274 1338 1368 inji-

294 1381 359 1467 cit,
377 1401 446 1448 rem
462 1398 594 1448 omnem
610 1431 618 1463 ‚
636 1390 675 1445 ut
690 1377 744 1446 hic
765 1378 907 1466 geritur,
923 1378 1158 1447 examinemus.
1173 1381 1264 1462 Quid
1280 1381 1340 1472 igi·

293 1501 350 1559 tur
374 1487 431 1556 illa
458 1485 701 1578 sumptuosius,
720 1485 800 1578 quid
816 1485 944 1578 turpius
972 1500 1006 1554 et
1029 1485 1196 1556 difficilius
1219 1486 1341 1557 fuerit?

294 1592 394 1679 Quod
405 1606 616 1684 sumptuosus
628 1591 669 1660 sit
684 1593 820 1660 morbus
832 1591 904 1676 ille,
921 1591 1087 1684 palamest
1101 1615 1139 1660 ex
1152 1592 1217 1661 illis
1232 1593 1291 1686 qui
1306 1596 1337 1663 in

293 1700 449 1784 theatris,
466 1699 503 1766 in
522 1699 633 1778 circo,
652 1699 752 1790 inque
767 1696 837 1766 aliis
854 1697 1015 1766 similibus
1027 1698 1263 1790 intempestivis
1275 1700 1339 1769 lar·

292 1805 472 1899 gitionibus
487 1805 642 1898 pecunias
652 1804 850 1896 impendunt
865 1833 873 1874 t
889 1827 929 1873 ex
944 1805 982 1874 iis
991 1805 1050 1898 qui
1065 1804 1181 1875 domos
1196 1805 1339 1899 splendi-

288 1915 352 1984 'das
367 1926 401 1981 et
422 1913 608 2002 magnificas
624 1921 778 1995 struunt,
799 1910 928 2005 aliaque
941 1913 1051 1982 omnia
1067 1935 1144 2005 quea
1160 1912 1295 2004 largiter
1307 1929 1339 1984 et

287 2017 454 2090 'inutiliter
464 2032 633 2110 apparant,
651 2041 727 2112 quae
739 2041 807 2088 non
820 2021 886 2112 jam
900 2043 1050 2089 sermone
1065 2043 1257 2112 percensere
1271 2021 1341 2091 aui·

293 2146 370 2196 mus
382 2137 441 2194 est.
453 2123 550 2208 Quod
563 2139 672 2194 autem
685 2147 815 2194 necesse
828 2127 880 2212 sit,
895 2141 933 2196 ut
943 2128 969 2196 is
980 2129 1038 2220 qui
1051 2130 1117 2196 tim
1131 2144 1340 2221 sumptuosus

296 2245 329 2303 et
344 2231 538 2323 magnificus
554 2245 603 2303 est
618 2243 651 2301 et
671 2234 735 2303 hoc
750 2235 868 2330 morbo
894 2234 1047 2322 laborat,
1069 2259 1171 2328 rapax
1186 2239 1286 2306 etiam
1301 2237 1340 2306 sit

295 2350 483 2425 staturus,
505 2340 629 2408 nemini
652 2361 720 2409 non
743 2355 859 2410 notum
881 2355 940 2409 est.
966 2345 1009 2411 Ut
1026 2343 1113 2410 enim
1140 2345 1242 2436 possit
1262 2344 1339 2413 ferae

298 2466 406 2515 escam
430 2448 598 2537 praebere,
620 2447 656 2514 in
678 2447 817 2515 aliorum
840 2446 1011 2516 facultates
1027 2471 1144 2518 manus
1159 2451 1278 2544 injicit.
1298 2455 1340 2520 Et

291 2552 377 2650 quid
400 2553 495 2634 dicu,
521 2550 719 2621 facultates?
746 2558 819 2624 Non
843 2556 930 2623 enim
950 2558 1107 2647 pecunias
1127 2557 1258 2644 solum,
1285 2561 1339 2627 sed

296 2658 395 2727 etiarn
411 2657 534 2725 animas
555 2657 609 2726 hic
622 2658 705 2750 ignis
721 2659 877 2748 devorat,
894 2685 955 2731 nec
973 2677 1169 2754 praesentem
1185 2665 1336 2750 tantum,

296 2765 468 2836 sedetiam
487 2764 635 2835 futuram
650 2780 791 2838 mortem
809 2783 973 2860 operatur.
991 2775 1096 2841 Mater
1110 2775 1199 2840 enim
1216 2775 1338 2862 gehen·

294 2895 347 2942 nae
363 2887 411 2942 est
425 2872 531 2941 inanis
547 2872 648 2964 gloria
665 2864 672 2942 ξ
692 2876 867 2966 ignemque
882 2875 976 2944 illum
993 2879 1206 2947 vehementer
1223 2901 1338 2948 accen-

296 2980 346 3050 dit
364 3003 402 3049 ac
417 3001 561 3048 vermem
573 2995 783 3049 venenatum.
794 2979 913 3051 Videre
924 2998 973 3052 est
982 2986 1078 3052 etiarn
1093 2983 1184 3054 illam
1199 2989 1235 3054 in
1251 3009 1338 3056 mor-

297 3099 373 3156 tuos
395 3086 568 3176 imperium
587 3085 791 3156 obtinentem
805 3119 814 3178 3
828 3075 991 3183 quo'quid
1015 3094 1109 3187 pejus
1127 3091 1237 3162 suerit.
1257 3097 1338 3165 me

298 3191 352 3264 alii
374 3213 487 3261 omnes
506 3193 605 3262 animi
625 3191 762 3265 allectus
785 3213 889 3267 morte
903 3198 1127 3270 dissolvuntur
1142 3231 1149 3271 ι
1162 3202 1217 3270 hic
1230 3217 1337 3272 autem

296 3299 395 3368 etiam
406 3309 480 3390 post
497 3313 636 3370 mortem
654 3302 721 3372 vim
735 3301 858 3389 infert,
875 3323 912 3375 ac
927 3306 1097 3377 contendit
1112 3331 1205 3377 suam
1227 3323 1337 3378 osten·

295 3405 373 3475 dere
387 3419 538 3475 naturam
555 3408 591 3476 in
612 3423 743 3479 mortuo
772 3413 1027 3503 corporalium
1051 3417 1140 3483 enim
1165 3415 1339 3508 splendida
1406 3451 1409 3458 ⁴

159 3511 165 3518 ’
279 3510 465 3603 sepulcra,
483 3537 559 3607 quae
574 3537 707 3584 omnem
724 3519 794 3610 ejus
812 3519 1027 3589 substantiam
1050 3523 1244 3607 absumant,
1268 3545 1339 3591 mo-

246 3619 247 3624 ’
294 3619 413 3687 tientes
434 3618 496 3687 sibi
513 3621 592 3710 erigi
610 3635 745 3707 curent,
766 3625 849 3692 etin
870 3625 1038 3717 sepulturi
1060 3627 1175 3697 luxum
1193 3627 1338 3697 multum

294 3722 416 3816 apponi
430 3725 584 3794 studeant
600 3758 608 3813 3
625 3727 750 3797 etiamsi
767 3731 915 3799 viventes
931 3755 991 3821 pro
1007 3733 1107 3803 obolo
1121 3748 1154 3802 et
1171 3757 1258 3827 pane
1270 3757 1339 3804 uno

276 3827 485 3899 ¹accedentes
506 3853 665 3922 pauperes
680 3835 879 3903 contumelia
896 3837 1092 3924 affecerint,
1111 3853 1144 3908 et
1160 3841 1338 3910 morientes

332 3965 340 3992 ¹
355 3957 423 4006 Joanv
440 3957 545 4008 Cassian.
560 3957 601 4008 lib.
619 3975 653 4008 ru
667 3960 699 4009 de
712 3954 814 4026 Supe'rb.
827 3979 851 4011 o.
864 3975 905 4028 27.
