2930 4582
250 393 314 456 232
405 405 585 456 annnorum
607 405 634 454 s.
658 403 813 471 rlruun,
837 405 914 456 rum
936 410 979 471 rr,
1004 408 1087 456 taor.
1113 411 1138 454 1.

247 525 459 603 receperant,
482 509 632 581 educere.
656 512 735 580 Haec
750 509 847 580 sacris
866 510 1000 600 dignata
1014 509 1194 600 mysteriis,
1211 508 1287 578 chm

223 653 225 656 ·
247 620 381 710 acceptat
397 618 499 708 gratih
511 617 648 708 dignum
660 617 788 688 virtutis
800 616 945 686 studium
957 617 1169 703 adhibuisset,
1186 615 1287 686 vitam

249 725 385 810 clausit,
405 725 481 794 crim
502 738 635 817 peccata
649 724 758 792 omnia
777 724 987 816 pergratiam
1004 723 1150 809 eluisset,
1169 735 1203 792 et
1216 737 1290 815 post

247 831 450 923 baptismum
472 853 626 920 magnam
642 829 839 902 exhibuisset
859 829 1111 921 philosophiam.
1137 833 1205 899 Nec
1224 853 1289 898 un·

233 927 352 1030 'quhm'
370 951 529 1008 amatores
545 935 624 1004 olim
640 959 714 1004 suos
732 935 922 1006 accedentes
937 937 1080 1028 aspicere
1094 934 1221 1020 voluit,
1238 959 1289 1004 se-

248 1067 314 1136 que
340 1045 445 1134 ipsam
468 1041 616 1126 inclusit,
644 1041 832 1135 multosque
859 1066 960 1112 annos
983 1043 1077 1136 quasi
1101 1043 1138 1110 in
1164 1065 1290 1111 carcere

249 1137 418 1240 transegit.
437 1147 500 1220 Sic
521 1161 624 1216 erunt
643 1149 827 1218 nouissimi
843 1151 970 1241 primi,
988 1163 1023 1218 et
1041 1149 1158 1241 primi·
1173 1151 1290 1219 noum-

248 1256 333 1326 st'ntr'
348 1257 372 1322 ¹.
401 1254 453 1322 Sic
476 1254 571 1322 nohis
590 1252 716 1345 ubique
736 1251 875 1324 ferventi
897 1255 1007 1324 animo
1023 1279 1105 1347 opus
1126 1267 1186 1324 est.
1204 1253 1290 1326 Nihil

250 1359 389 1454 impedit
403 1358 580 1452 quominus
595 1359 706 1449 magni
720 1373 753 1450 et
768 1357 933 1434 mirabiles
949 1349 1135 1435 evadamus.
1171 1353 1174 1361 ’
1239 1381 1242 1383 ·

296 1496 312 1533 u
331 1472 434 1538 Nemo
445 1466 542 1556 igitur
554 1466 590 1534 in
605 1467 751 1559 nequitie
766 1465 888 1558 degens
898 1467 1047 1560 desperet
1060 1497 1067 1537 :
1080 1490 1178 1536 nemo
1188 1467 1290 1536 virtu-

248 1588 317 1644 tem
330 1595 481 1642 exercens
494 1571 661 1656 dormitet,
680 1595 787 1664 neque
805 1573 851 1668 ita
866 1573 1021 1642 confidat.
1041 1574 1134 1665 Saepe
1149 1595 1292 1666 namque

250 1681 379 1752 eveniet
389 1693 428 1746 ut
438 1678 590 1748 meretrix
601 1677 697 1746 illum
705 1693 898 1750 antevertat.
911 1680 971 1748 llle
982 1683 1061 1751 verd
1076 1703 1119 1748 ne
1129 1678 1290 1772 desperet,

250 1787 372 1878 poterit
387 1786 475 1854 enim
492 1785 590 1854 etiam
605 1783 800 1878 praecedere.
812 1785 899 1854 nudi
911 1785 992 1879 quid
1003 1786 1090 1858 dicat
1101 1790 1188 1854 Deus
1202 1789 1293 1856 Jero-

156 1952 158 1957 ,
251 1891 922 1986 solymae:Dim',postquomfhrnr'cota
934 1893 1035 1960 estin
1045 1889 1291 1962 bisomnt'bus:

256 1999 488 2084 Convertere,
507 2012 542 2067 et
555 2020 729 2088 conuerso
745 2021 818 2066 non
835 2012 887 2066 est
902 2005 927 2066 ².
946 1999 1031 2070 utrm
1047 1999 1147 2088 igitur
1161 1998 1294 2068 lerven·

251 2119 320 2173 tem
338 2105 395 2174 Dei
418 2127 563 2173 amorem
586 2103 731 2188 adimus,
752 2115 821 2172 non
844 2105 1035 2174 recordatur
1054 2104 1110 2174 ille
1133 2105 1292 2196 priorum.

251 2215 326 2282 Non
345 2224 393 2279 est
416 2211 500 2288 sicut
519 2212 619 2280 homo
639 2215 744 2299 Deus,
766 2234 874 2303 neque
897 2212 984 2280 enim
997 2212 1162 2302 praeterita
1174 2211 1296 2304 probro

252 2316 321 2403 dat,
340 2341 449 2410 neque
466 2315 563 2386 dicit:
579 2318 684 2400 Quare
701 2331 793 2390 tanto
807 2333 955 2410 tempore
971 2316 1124 2386 abfuisti?
1140 2319 1176 2389 Si
1186 2333 1297 2388 tamen

250 2425 481 2518 poenitentiam
502 2426 663 2516 egerimus
676 2423 805 2516 ,diligit
828 2449 905 2511 nos,
920 2426 996 2494 chrn
1013 2426 1121 2518 ipsum
1146 2426 1294 2512 adimm,

222 2571 227 2582 ·
252 2532 333 2602 dhm
349 2545 387 2600 ut
407 2545 537 2622 oportet
557 2531 760 2600 accedamus.
786 2533 853 2624 Ipsi
873 2534 951 2624 ergd
970 2533 1150 2602 admoddm
1170 2534 1298 2602 haerea-

251 2661 341 2722 mus,
365 2650 397 2704 et
422 2639 645 2731 corgrigamus
667 2635 793 2706 timore
813 2637 890 2730 ejus
909 2635 1023 2707 cordo
1043 2653 1170 2709 nostra
1187 2642 1211 2708 ³.
1232 2642 1297 2709 lies
1385 2729 1387 2737 ‚

252 2743 442 2836 hujusmodi
462 2767 530 2832 non
544 2741 579 2810 in
595 2743 680 2812 novt
700 2740 808 2812 soldm
825 2748 928 2834 Lege,
946 2743 1004 2812 sed
1019 2757 1052 2812 et
1065 2747 1101 2814 in
1115 2747 1219 2817 veteri
1235 2745 1297 2814 ob-

249 2864 432 2920 servantur.
463 2848 552 2931 Quid
581 2849 669 2918 enim
695 2853 842 2918 Manasse
869 2849 1012 2932 deterius
1040 2852 1077 2920 ⁴?
1094 2849 1163 2920 sed
1188 2852 1297 2942 potuit

251 2963 358 3029 Deum
378 2955 519 3048 placare.
546 2954 634 3035 Quid
659 2955 833 3024 Salomone
856 2955 1008 3024 beatius?
1031 2957 1090 3028 sed
1115 2957 1296 3042 dormitans

250 3062 368 3134 cecidit
393 3065 416 3126 ⁵.
444 3061 515 3126 Imh
535 3059 607 3125 haec
632 3059 730 3128 ambo
749 3083 883 3151 possum
904 3061 940 3128 in
961 3085 1029 3131 uno
1053 3063 1242 3148 ostendere,
1259 3063 1296 3132 in

239 3167 319 3262 'ejus
341 3165 462 3235 scilicet
477 3179 601 3256 patre:
620 3167 695 3234 nam
711 3164 767 3234 ille
787 3179 820 3234 et
836 3167 959 3258 probus
982 3182 1015 3246 et
1029 3169 1200 3260 improbus
1216 3168 1291 3238 fuit.

249 3273 337 3358 Quid
354 3270 440 3340 tuda
457 3271 671 3340 beatiusised
680 3271 911 3364 fuit'proditor.
924 3275 1012 3356 Quid
1020 3276 1121 3344 Paulo
1130 3277 1295 3346 miserius?

247 3381 305 3451 sed
321 3378 385 3448 fuit
403 3378 578 3471 apostolus.
598 3381 687 3462 Quid
701 3381 857 3450 Matthaeo
873 3383 984 3474 pejus?
1001 3381 1058 3450 sed
1070 3381 1135 3452 fuit
1150 3407 1292 3476 evange-

166 3571 167 3575 ,
246 3486 331 3556 lista.
350 3484 438 3567 Quid
455 3485 586 3554 Simone
605 3485 821 3556 laudabilius?
833 3486 891 3556 scd
902 3485 967 3556 luit
982 3489 1132 3557 omnium
1146 3491 1291 3558 miserri-

246 3611 336 3661 mus.
356 3596 445 3674 Quot
460 3591 579 3660 similes
599 3593 813 3678 mutationes,
833 3607 866 3660 et
886 3592 965 3662 olim
981 3607 1014 3662 et
1029 3617 1119 3664 nunc
1143 3596 1291 3687 quotidie

186 3759 189 3762 ,
245 3699 359 3784 factae,
373 3697 485 3768 videre
499 3701 612 3790 potes?
633 3700 851 3778 Quamobrem
867 3699 958 3784 dico,
968 3723 1029 3768 nec
1045 3701 1159 3771 histrio
1172 3705 1292 3795 despe-

281 3853 289 3878 ¹
303 3842 389 3892 Matth.
405 3857 447 3906 xx,
463 3841 537 3890 ι6.-
554 3851 563 3876 ²
579 3845 668 3890 Jcrem.
681 3857 716 3906 m,
734 3860 757 3906 r,
771 3859 794 3906 ς.
810 3868 840 3876 -
857 3839 942 3891 ³Psal.
959 3837 1049 3906 orvrn,
1060 3857 1113 3894 120.
1133 3843 1288 3910 -fiqlte‘g

246 3941 296 3977 rxr.
313 3922 366 3961 —5
380 3925 395 3976 3
407 3927 465 3987 Reg.
478 3940 512 3986 n,
526 3921 550 3984 4.
951 3936 953 3942 ·
