2984 4580
150 447 154 452 ’
183 464 307 516 elren
322 445 429 516 vnurt
451 470 608 514 urrnouo
631 471 666 530 ru
688 469 896 514 eonororruus
918 466 1085 516 tuursrul.
1111 455 1176 518 339
1280 462 1282 466 ’

139 553 342 640 lamentabili
358 592 450 656 voce,
475 567 534 638 sed
548 567 746 637 laceratione
760 567 904 660 corporis
919 582 954 637 et
965 568 1091 640 dolore.
1109 576 1179 643 Ma·

138 673 239 744 nabat
251 699 311 768 pro
320 676 452 748 fletibus
468 674 622 766 sanguis,
640 686 674 742 et
688 696 749 766 pro
760 672 913 766 lacrymis
928 697 1026 746 eruor
1040 679 1178 750 semiue

138 779 251 854 tutaris
264 781 622 860 visueribusdelluebat
637 781 663 848 ¹.
683 805 700 845 u

182 889 239 958 21⁰
259 887 509 960 Concessionis
522 885 658 981 quoque
668 882 806 956 formam
821 907 890 956 non
902 887 1004 957 semel
1013 886 1177 961 advocent

138 995 348 1068 sanctinostri
358 1001 526 1080 Doctores,
540 995 645 1080 irtus,
657 991 1044 1087 coucedendoqueedam,
1057 997 1178 1069 intenti

137 1123 300 1174 summam
314 1103 498 1172 obtineant.
517 1105 610 1171 Hane
628 1098 769 1170 formam
783 1100 939 1172 orationis
954 1099 1071 1196 saepiirs
1087 1104 1178 1198 apud

136 1221 288 1280 sanctum
297 1208 497 1300 cyprianum
508 1208 664 1299 reperies,
679 1207 860 1278 ermaxime
869 1210 1005 1302 qnando
1014 1211 1177 1305 sicVirgi·

137 1337 196 1384 nes
211 1315 255 1385 ad
269 1315 454 1406 legitimum
467 1313 654 1384 divitiarum
666 1337 763 1384 usum
774 1315 825 1383 his
841 1315 949 1386 verbis
960 1317 1175 1393 adhortatur:

186 1448 203 1486 «
227 1421 442 1513 Locupletem
464 1435 498 1490 te
520 1443 589 1490 esse
611 1420 709 1507 dicis,
731 1435 765 1490 et
782 1417 939 1508 divitem,
959 1438 993 1493 et
1015 1425 1179 1497 utendum

137 1539 236 1617 putas
251 1527 301 1614 iis,
313 1545 391 1620 quae
404 1527 569 1620 possidere
584 1541 617 1597 te
631 1532 720 1598 Deus
734 1528 839 1598 voluit
857 1557 865 1598 ι
883 1543 989 1617 utere,
1006 1530 1065 1601 sed
1076 1531 1179 1604 adres

138 1631 317 1722 salutarem
334 1647 446 1718 utere,
462 1633 520 1702 sed
543 1635 586 1702 ad
607 1635 709 1702 bonas
726 1647 832 1724 artes3
849 1649 943 1704 utere
966 1635 1008 1706 ad
1032 1637 1089 1708 illa
1104 1663 1181 1734 quae

138 1744 226 1810 Deus
242 1739 410 1831 precipit,
428 1763 504 1833 quae
527 1741 687 1808 Dominus
707 1741 861 1810 ostendit.
888 1741 1028 1810 Divitem
1052 1757 1087 1814 te
1103 1767 1182 1821 esse

136 1850 280 1919 sentiant
298 1871 478 1940 pauperes,
495 1847 696 1940 locupletem
708 1849 851 1921 sentiant
867 1843 1060 1941 indigentes.
1076 1843 1180 1924 Patri·

136 1957 250 2026 monia
265 1969 326 2024 tuo
344 1959 414 2024 Deo
426 1952 571 2041 loenem,
588 1954 755 2026 Christum
770 1955 855 2024 riba.
875 1957 1092 2029 Possessiones
1106 1961 1180 2048 tibi,

136 2063 196 2134 sed
216 2062 365 2133 eoelestes
387 2063 491 2158 magis
510 2083 680 2154 compara,
703 2062 762 2130 ubi
785 2059 914 2132 fruetus
933 2077 1010 2133 tuos
1027 2067 1121 2158 juges
1143 2089 1182 2138 ae
1282 2067 1285 2074 ’

137 2192 312 2264 perennes,
327 2183 362 2238 et
374 2169 417 2238 ab
427 2169 519 2238 omni
527 2182 684 2238 contactu
693 2168 823 2261 injuriae
832 2167 996 2239 saecularis
1005 2171 1179 2261 immunes,
1248 2169 1252 2176 “

137 2300 202 2347 nec
218 2277 337 2368 rubigo
354 2288 489 2361 atterat,
505 2297 566 2344 nec
582 2273 705 2364 grando
722 2275 845 2362 cedar,
869 2297 931 2344 neo
945 2277 996 2347 sol
1010 2292 1103 2366 uret,
1121 2303 1184 2352 neo

137 2383 252 2478 pluvia
264 2387 490 2474 corrumpat&
511 2409 527 2447 u
969 2471 974 2478 ⁹

183 2490 281 2561 Idem
301 2488 379 2559 abbi
394 2491 440 2574 sie
453 2502 594 2560 mortem
610 2487 763 2558 timentes
779 2486 822 2558 ad
833 2488 1044 2560 christianam
1059 2493 1183 2563 seomi-
1210 2487 1214 2495 “

135 2611 242 2669 tatem
258 2610 412 2667 revocat:

184 2734 206 2772 u
229 2703 316 2774 Mori
328 2701 426 2795 plane
441 2701 567 2786 timeat,
583 2700 641 2771 sed
649 2701 708 2792 qui
718 2702 852 2794 eraque
865 2717 899 2770 et
915 2704 1038 2794 Spiritu
1048 2729 1116 2777 non
1126 2731 1183 2778 re-
1268 2747 1270 2756 ‚

135 2827 250 2895 natus,
266 2811 425 2905 gehennae
433 2808 567 2900 ignibus
576 2808 783 2900 mancipatur
796 2835 803 2877 :
817 2809 1033 2896 modrimem,
1047 2814 1184 2906 quinon

136 2917 264 2990 Christi
281 2937 379 2985 cruce
397 2929 430 2984 et
444 2914 593 3007 passione
612 2927 767 2983 censetur
787 2941 795 2984 ι
816 2913 900 2983 mori
915 2914 1047 3004 timeat,
1065 2920 1123 3016 qui
1138 2919 1182 2993 ad
1206 2927 1208 2932 '

135 3022 319 3096 secundam
335 3035 474 3091 mortem
495 3020 538 3092 de
557 3021 619 3090 hle
638 3033 744 3090 morte
759 3021 909 3090 denubit
930 3025 1041 3095 :mori
1064 3025 1182 3098 timeat

136 3153 239 3225 quem
265 3129 310 3198 de
327 3128 448 3197 saeculo
468 3127 676 3196 recedentem
702 3126 904 3219 perermibus
925 3130 1034 3220 poeuis
1059 3143 1182 3204 aetema

128 3238 274 3308 ,flamma
293 3233 488 3326 torquebit:
509 3233 594 3302 mori
613 3233 744 3329 timeat,
765 3233 820 3302 cui
835 3235 900 3302 hoe
920 3236 1012 3304 mord
1034 3235 1185 3330 longiore

136 3344 322 3427 confertur,
329 3355 369 3412 ut
375 3339 537 3410 muretus
543 3342 613 3434 ejus
622 3352 656 3407 et
664 3337 806 3430 gemitus
812 3337 944 3408 interim
952 3340 1126 3412 differatur
1132 3348 1180 3413 θ.»

183 3453 242 3520 22⁰
260 3451 366 3533 Quam
388 3445 541 3542 frequens
562 3445 604 3514 sit
625 3442 715 3537 apud
732 3441 864 3514 eosdem
878 3439 1104 3520 Eelortatto
1119 3475 1183 3522 ne·

137 3558 264 3628 minem
276 3555 376 3645 latet3
393 3553 428 3624 id
437 3553 526 3622 enirn
537 3551 603 3644 piae
619 3551 774 3628 orationis
791 3551 973 3642 proprium.
997 3557 1068 3624 Hoc
1081 3558 1181 3630 modo

137 3675 390 3756 argumentatur
403 3659 493 3730 idem
508 3658 694 3750 Cyprianus
707 3659 824 3730 eontrt
840 3659 1085 3732 Demetrianum
1103 3692 1112 3734 r

108 3764 110 3775 ⁴
187 3799 204 3836 n
222 3768 384 3859 Respieite
394 3767 519 3859 itaque,
535 3763 616 3834 ditm
631 3779 760 3856 tempus
774 3777 835 3850 est,
853 3765 897 3832 ad
911 3787 1022 3836 verum
1037 3781 1071 3838 et
1085 3785 1183 3843 ειη.

137 3901 217 3952 uam
233 3875 391 3962 salutem3
408 3887 441 3942 et
456 3873 609 3967 quiajam
623 3871 826 3946 mundiliuis
842 3871 1039 3964 inproxiruo
1054 3892 1120 3966 est,
1137 3881 1180 3952 ad
1235 3884 1239 3890 ’
1288 3955 1292 3962 ,

173 4017 182 4043 ¹
196 4009 220 4056 S.
235 4009 307 4070 Cypr.
319 4003 351 4054 de
362 4001 452 4068 Leptis.
469 4027 501 4038 -
516 4013 525 4038 ²
539 4002 573 4052 ld.
588 4003 619 4053 de
628 4001 702 4054 nabit
713 3999 803 4067 virgin.
816 4025 849 4036 -
862 3997 918 4050 ³Id.
938 4001 969 4052 de
981 4003 1080 4056 Mertai.
1180 4019 1188 4030 ·

932 4127 934 4132 κ
971 4083 1023 4145 22.
