2992 4574
312 411 373 471 388
466 419 644 468 rrnnronrcl
668 421 691 466 S.
720 421 873 483 rtrnurr,
900 419 975 469 rans
999 426 1041 484 11,
1067 423 1150 476 sucu.
1177 407 1203 466 1.

307 546 419 617 aequos
435 521 675 616 propemodum
694 521 834 590 honores
857 543 1009 613 carpens,
1034 535 1068 591 et
1085 523 1300 614 susceperunt
1313 538 1345 596 et

305 627 517 716 custodiunt,
544 640 807 722 prosequeretur.
837 625 916 698 Tale
936 625 1001 698 fuit
1019 628 1223 722 imperatoris
1244 630 1346 702 nostri

305 735 419 808 funus.

349 872 366 910 n
393 843 478 913 Huic
493 842 623 934 contriti,
646 840 723 911 ciam
738 841 843 932 turpis
858 854 893 911 et
906 833 1001 912 faeda
1014 841 1198 936 expeditio,
1217 845 1345 936 (exagi-
1416 825 1421 834 ¹

304 951 438 1021 tabatur
454 950 543 1019 enim
558 948 720 1042 apopulis
733 961 767 1018 et
782 949 937 1034 urbibus,
951 949 1159 1043 publicisque
1175 960 1209 1022 et
1223 951 1345 1022 scurri-

303 1058 392 1126 libus
415 1056 553 1127 vocibus
567 1093 590 1142 ,·
604 1077 746 1148 quarum
773 1079 863 1125 nunc
890 1057 1025 1151 quoque
1049 1057 1206 1150 permulti
1228 1058 1345 1128 memi-

303 1165 466 1254 ne⁴runt,)
486 1163 558 1232 tum
579 1164 656 1232 verb
680 1163 809 1255 turpior
832 1177 932 1257 atque
953 1165 1202 1256 ignominiosior
1222 1165 1345 1236 reditus

301 1271 452 1362 contigit.
467 1274 549 1354 Quae
564 1271 663 1362 porro
677 1270 750 1339 baec
768 1270 949 1362 ignominia
965 1273 1052 1340 erat?
1064 1271 1158 1342 Mimi
1169 1285 1202 1342 et
1216 1272 1345 1342 histrio-

300 1401 361 1450 nes
368 1400 445 1446 eum
461 1376 640 1462 ducebant,
658 1376 883 1470 probrisquea
898 1378 994 1446 scend
1006 1375 1128 1470 petitis,
1145 1401 1183 1448 ac
1193 1377 1343 1450 ludibriis

300 1484 517 1568 incessebant,
532 1483 628 1576 eique
640 1481 718 1552 ndei
734 1483 985 1576 abjurationem,
1003 1497 1036 1553 et
1048 1483 1188 1571 cladem,
1201 1484 1343 1578 vitaeque

297 1593 399 1661 finem
420 1589 662 1682 exprobrantes.
689 1587 779 1671 Quid
802 1588 891 1657 enim
912 1612 951 1657 ex
970 1589 1008 1658 iis
1031 1613 1101 1661 non
1126 1587 1279 1660 fecerunt
1305 1615 1341 1662 ac

301 1697 472 1782 dixerunt,
489 1719 565 1788 quae
583 1692 772 1787 hujusmodi
787 1695 954 1781 homines,
975 1696 1034 1789 qui
1050 1696 1266 1789 petulantiam
1285 1721 1344 1790 pro

301 1821 371 1877 arte
386 1805 522 1892 habent,
546 1818 734 1898 perpetrare
759 1805 1020 1892 consueverunt,
1043 1805 1155 1900 quoad
1170 1830 1246 1876 eum
1268 1821 1344 1878 tan-

301 1914 377 1984 dem
406 1913 569 1982 Tarsensis
594 1911 706 1994 civitas
730 1912 868 2002 excepit,
895 1911 986 1982 haud
1012 1914 1079 1984 scio
1102 1913 1284 2006 quomodo,
1311 1929 1344 1984 et

301 2019 456 2113 quamob
468 2022 612 2102 causam,
630 2017 691 2084 hac
702 2016 903 2085 contumelia
914 2017 1345 2091 mulctatai'llicillifanum

300 2123 458 2218 ignobile,
470 2122 684 2215 tumulusque
696 2123 857 2214 impurus,
872 2123 1100 2219 templumque
1109 2125 1341 2215 execrandum,

299 2257 337 2303 ac
353 2255 395 2301 ne
406 2231 537 2323 piorum
552 2225 688 2322 quidem
702 2226 806 2298 oculis
821 2229 999 2322 spectabile
1015 2233 1039 2300 1.
1061 2257 1077 2296 n

359 2339 433 2410 Hdc
458 2339 608 2409 sistamus
633 2335 791 2428 gradum,
816 2360 878 2408 nec
906 2335 993 2407 ultrb
1019 2340 1225 2433 praescriptos
1248 2341 1343 2412 nobis

217 2489 219 2496 ·
298 2449 380 2516 fines
395 2445 623 2537 procedamus.
638 2448 690 2512 Ex
708 2442 814 2512 allatis
830 2457 941 2512 autem
958 2445 1140 2537 intelligere
1155 2445 1253 2520 liceat
1264 2446 1342 2518 nul·

298 2553 366 2621 lam
388 2573 455 2619 esse
476 2549 618 2619 formam
639 2551 658 2618 b
680 2547 826 2642 profanis
837 2552 1061 2622 Oratoribus
1052 2567 1243 2642 mventam,
1267 2579 1343 2652 quae

298 2681 368 2729 non
381 2655 505 2730 fuerit
497 2681 517 2727 a
531 2655 651 2727 sanctis
665 2656 862 2726 Doctoribus
877 2655 1086 2729 solertissime
1098 2673 1269 2754 usurpata.

642 2881 665 2964 ὃ
687 2879 728 2945 V
743 2881 787 2944 De
801 2879 1000 2964 dessolatione.

252 3061 255 3068 ⁵
342 3033 406 3146 Per
421 3079 662 3167 Argumentum
682 3077 799 3148 veritas
825 3078 1000 3169 statuitur,
1020 3101 1079 3206 per
1095 3078 1345 3151 Refutationem

300 3169 452 3275 dejicitur
467 3181 713 3251 mendaciumn
741 3185 786 3252 Ut
808 3195 919 3252 autem
934 3184 1065 3276 prorsds
1082 3185 1277 3280 dejiciatur,
1292 3183 1347 3258 vel

284 3287 429 3382 'objecta
444 3301 566 3380 neget,
583 3287 637 3360 vel
659 3287 830 3376 defendat,
848 3289 902 3360 vel
923 3291 1096 3364 transferat
1116 3293 1263 3366 veritatis
1283 3317 1347 3386 pa-

299 3411 416 3466 tronus
438 3418 568 3466 necesse
596 3410 656 3466 est.
676 3399 758 3477 Quae
784 3395 926 3488 quidem·
946 3397 1063 3468 melius
1088 3397 1246 3469 elucidari
1276 3421 1348 3472 non

301 3514 450 3620 possunt,
472 3501 535 3569 nisi
551 3501 674 3570 attente
691 3499 945 3590 perpendendo,
964 3505 1030 3621 rJud
1054 3504 1180 3574 ratione
1195 3505 1348 3575 celeber-

302 3609 375 3674 rimr
365 3608 540 3678 Doctores
556 3604 699 3696 vulgatae
724 3606 868 3694 cuidam,
892 3609 1002 3698 primis
1018 3609 1172 3679 Ecclesiae
1188 3612 1349 3738 tempori·

302 3713 376 3798 bus,
390 3711 577 3781 dalhcultatr
584 3712 823 3803 responderint
834 3717 925 3782 Tunc
938 3713 1026 3782 enim
1040 3715 1124 3784 mala
1140 3719 1265 3806 omnia,
1278 3718 1348 3788 sive

339 3857 506 3991 ¹SN3Gregor
499 3855 607 3908 Tlreol.
620 3863 683 3909 orat.
699 3875 733 3923 v,
753 3874 777 3908 n.
802 3857 936 3910 16·18.-
948 3859 1074 3920 ²Quinct
1092 3865 1152 3912 lost.
1164 3866 1234 3915 Orat.
1259 3865 1349 3927 liba,

303 3950 412 4004 capt.
