2982 4584
163 475 167 486 '
242 482 342 529 curua
365 467 644 529 v1.neunruono
669 485 711 526 ru.
726 484 934 530 counromnus
957 482 1123 530 anurnrra.
1151 467 1213 532 451

174 581 316 674 longiori
331 583 476 652 oratioue
498 581 580 652 mihi
602 578 810 650 deliniendus
833 603 870 650 ac
888 582 980 652 velut
1001 582 1219 656 incantandus

175 690 258 758 eris?
286 689 451 784 Equidem
476 702 510 758 te
534 685 663 780 jamdiit
693 688 897 758 sermonibus
922 691 1002 760 meis
1029 705 1218 786 correptum

112 819 113 824 ¹
174 795 298 882 teneri,
315 819 384 868 non
398 793 590 887 conjectura
604 791 750 886 quddam
767 812 939 888 assequor,
959 794 1018 868 sed
1033 809 1162 868 certum
1186 813 1219 868 et

174 899 379 996 exploratum
402 901 532 993 habeo;
555 899 660 970 fretus
676 900 829 995 quidem,
849 900 983 972 sinulld
1005 901 1069 972 atio
1088 925 1140 990 re,
1161 902 1219 974 lit·

128 998 131 1004 ’
173 1010 250 1080 teris
265 1011 355 1080 certe
370 1008 447 1102 ipsis
463 1022 496 1076 et
513 1007 679 1094 doctina,
696 1031 773 1102 quae
788 1023 822 1079 te
838 1006 934 1080 facile
949 1033 1079 1102 semper
1094 1009 1137 1080 ad
1156 1033 1219 1104 op·

173 1117 253 1188 tima
280 1139 424 1210 quaeque
433 1114 543 1201 ducit,
566 1115 620 1186 vel
645 1116 703 1186 tut
722 1116 823 1208 ipsius
843 1129 961 1208 sponte
986 1117 1217 1204 incedentem,

172 1223 227 1294 vel
265 1223 346 1294 alios
383 1237 595 1316 sequentem,
625 1223 690 1292 hoc
724 1223 814 1292 enim
844 1237 909 1310 est,
944 1247 1012 1320 quo
1056 1226 1219 1318 sapientes
1304 1215 1308 1223 ’

172 1329 293 1422 vulgus
317 1325 482 1424 superant.
512 1334 584 1421 Ego
608 1331 687 1400 verb
711 1328 863 1400 nonnihil
882 1331 983 1402 etiam
1012 1331 1055 1402 ad
1084 1355 1218 1426 eaquae

121 1483 122 1488 κ
168 1439 239 1532 jhm
251 1437 339 1525 dixi,
357 1439 516 1532 adjiciam.
544 1443 595 1508 Tu
609 1438 743 1532 quidem
764 1439 904 1508 orationi
923 1461 1007 1508 meae
1032 1439 1220 1512 mercedem

173 1543 386 1636 persolvisti,
419 1565 662 1638 quamcumque
694 1545 829 1614 tandem
855 1543 1038 1637 persolvisti
1065 1575 1073 1618 ε
1103 1546 1221 1618 atille

173 1650 235 1720 tibi
266 1651 355 1721 dono
373 1673 531 1743 pauperes
552 1649 673 1736 offert,
702 1663 814 1740 totum
841 1651 1050 1722 sacerdotum
1079 1653 1219 1724 chorum

174 1779 211 1826 ac
235 1755 508 1850 philosophorum
539 1771 697 1842 coetunr,
732 1757 793 1850 qui
832 1755 926 1827 nullo
957 1757 1092 1832 vinculo
1125 1761 1222 1830 humi

172 1877 340 1951 tenentur,
361 1867 420 1958 qui
438 1862 507 1934 sola
521 1887 675 1956 corpora,
693 1887 731 1934 ac
752 1887 795 1934 ne
809 1887 848 1934 ea
864 1865 999 1959 quidem
1015 1881 1097 1955 tota,
1115 1869 1220 1960 possi-

173 1968 254 2040 dent
283 1997 291 2041 ι
319 1971 378 2064 qui
400 1970 522 2044 Caesari
542 1970 626 2040 nihil
648 1971 795 2057 habent,
822 1975 891 2040 Deo
912 1973 1023 2044 omnia
1048 1973 1219 2066 tribuunt,

172 2077 335 2168 hymnos,
353 2101 483 2172 preces,
501 2078 642 2172 vigilias,
659 2079 838 2169 lacrymas,
854 2101 952 2173 opes,
970 2105 1046 2176 qum
1065 2083 1221 2154 manibus

173 2182 273 2278 arripi
294 2200 485 2280 nequeunt,
507 2187 633 2272 mundo
653 2187 772 2272 emori,
790 2188 922 2258 Christo
942 2189 1221 2280 vivere,carnem

172 2315 350 2379 macerare,
364 2293 507 2362 animant
522 2296 542 2362 e
556 2315 692 2384 corpore
703 2294 903 2372 abstrahere.
924 2295 983 2364 His
996 2316 1149 2387 parcens,
1163 2310 1222 2368 aut

54 2552 56 2557 ·
104 2512 107 2527 '
172 2509 405 2598 mysteriorum
420 2497 586 2595 conscios,
605 2507 857 2602 coelestiumque
872 2527 982 2578 rerum
997 2508 1217 2602 inspectores,

172 2616 243 2701 has,
262 2604 411 2708 inquam,
430 2617 557 2707 generis
572 2616 676 2686 nostri
690 2615 862 2708 primitias,
877 2615 949 2686 haec
964 2612 1144 2703 columina,
1159 2619 1220 2688 has

172 2721 251 2789 fidei
270 2742 423 2806 coronas,
440 2721 498 2789 has
513 2721 670 2812 pretiosas
688 2721 893 2809 margaritaS,
910 2719 971 2791 hos
987 2723 1102 2815 templi
1116 2723 1218 2814 itlius,

173 2823 344 2922 praeclari,
362 2825 518 2917 inquam,
535 2824 690 2896 Ecclesiae
704 2825 812 2895 coetds
824 2824 971 2916 lapides,
988 2829 1082 2920 cujus
1096 2828 1221 2900 funda-

173 2945 387 3006 mentum-et
416 2930 498 3024 lapis
527 2931 697 3022 angrrlaris
714 2946 764 3002 est
788 2931 966 3004 Christus:
997 2933 1219 3026 pulcherrime

174 3039 301 3132 utique,
317 3053 351 3108 et
361 3038 454 3132 ipsis,
469 3053 502 3108 et
517 3040 595 3127 tihi,
614 3052 649 3109 et
660 3039 755 3130 nobis
769 3038 923 3110 omnibus
934 3039 1151 3112 consulueris
1170 3045 1219 3116 Ac

172 3146 235 3216 tibi
249 3148 309 3232 has
333 3145 478 3238 potibsh
499 3145 594 3216 nobis
618 3147 747 3217 divitias
771 3147 931 3239 optarim,
957 3146 1058 3243 quem
1083 3159 1219 3240 magnos

135 3323 148 3349 ἱ
173 3253 245 3325 auri
256 3269 356 3348 atque
371 3255 497 3344 argenti
511 3256 693 3341 thesauros,
710 3253 770 3348 qui
785 3275 876 3323 nunc
890 3253 1054 3342 existunt,
1068 3277 1107 3326 ac
1117 3257 1217 3348 paulo

172 3376 247 3454 post
258 3374 446 3432 nonerunt.

219 3495 236 3533 s
262 3469 398 3538 Habetis
413 3465 569 3536 orationis
581 3487 665 3536 meae
676 3487 812 3569 munus,
828 3465 856 3534 si
870 3485 929 3556 spe
944 3453 1051 3535 vestrl
1064 3415 1214 3556 inferius,

164 3587 207 3642 at
222 3574 310 3642 cene
326 3573 424 3667 quale
443 3572 563 3644 offerre
582 3565 760 3664 potuimus
779 3574 845 3643 Vos
866 3571 945 3640 verb
967 3569 1049 3640 mihi
1071 3595 1131 3664 pro
1152 3573 1215 3646 hec

172 3681 246 3749 med
257 3681 462 3771 erogatione,
480 3679 571 3778 quod
590 3682 695 3773 majus
711 3682 771 3766 est,
789 3675 977 3770 rependite,
991 3679 1111 3770 nempe
1127 3693 1214 3763 trac-

172 3786 289 3857 tabiles
310 3802 344 3856 et
360 3787 577 3880 obsequentes
593 3788 728 3858 animos.
755 3787 806 3856 Sic
822 3785 865 3855 ad
880 3784 943 3854 alia
957 3785 1129 3856 commoda
1150 3789 1214 3862 hoc

172 3894 307 3988 quoque
318 3893 463 3979 accedat,
481 3894 733 3964 utsermonibus
747 3893 826 3962 meis
836 3892 945 3961 minus
961 3915 1042 3984 opus
1053 3892 1213 3984 habeatis,

173 3997 329 4071 nimirum
346 4001 464 4070 mutub
479 4023 535 4072 yos
556 4002 641 4094 ipsos
657 3997 897 4070 considerantes
917 3995 970 4085 ad
983 4017 1212 4100 provocabo-

1056 4107 1107 4170 93.
