2984 4580
245 455 348 508 error
363 463 417 508 rr.
442 461 484 508 nra
506 460 666 507 unruono
686 459 724 506 nr
737 421 948 506 contererimus
961 451 1128 510 tuamet.
1158 443 1223 532 llo

178 559 310 634 nullum
322 558 404 634 vitre
423 581 526 652 genus
546 575 613 644 est,
635 557 769 631 nullum
789 558 936 630 studium
958 573 993 630 et
1014 561 1222 648 institutum,

179 668 235 738 cui
261 691 331 740 non
358 669 422 738 hoc
451 664 694 739 conducibilius
729 665 783 736 sit.
810 667 874 749 Qui
900 665 1091 738 conditione
1119 668 1224 740 libera

180 773 342 867 gaudes¹‚
361 773 496 846 frenum
516 775 650 868 accipe,
681 773 740 868 qui
765 773 878 845 servili
896 775 1077 868 premeris,
1111 799 1225 870 equa-
1312 834 1316 840 .

178 879 245 950 lem
257 881 394 954 horroris
408 881 569 972 gradumg
586 879 646 975 qui
662 879 699 950 in
717 885 860 952 moerore
874 881 1031 968 versam,
1047 880 1224 974 solatium3
1318 936 1327 952 .
1349 973 1355 980 ,

178 988 238 1081 qui
252 987 331 1060 laeto
351 1002 451 1080 atque
471 986 569 1058 hilari
587 1009 623 1056 es
642 987 772 1074 animo,
793 986 1016 1081 disciplinam
1038 988 1097 1082 qui
1115 1011 1226 1060 rerum

178 1094 290 1186 inopia
300 1094 447 1180 laboras,
465 1115 544 1186 opes
558 1107 666 1178 tutas,
691 1115 754 1162 nec
774 1091 953 1187 direptioni
974 1093 1150 1188 obnoxiam
1167 1095 1226 1188 qui

178 1199 302 1271 divitiis
315 1201 434 1287 affluis,
449 1199 640 1293 preclaram
656 1198 852 1274 facultatum
867 1215 1000 1272 tuarum
1017 1201 1226 1274 administra·

178 1306 320 1397 tionem.
333 1306 424 1379 Nihil
435 1305 589 1379 adverada
605 1307 723 1378 animm
744 1320 812 1376 mae
824 1306 963 1404 salutem
979 1308 1124 1400 captiose
1138 1315 1227 1380 com.

179 1411 367 1500 miniscere,
384 1414 467 1487 nihil
482 1413 682 1484 machinare.
704 1415 787 1485 Nam
800 1411 879 1484 licet
896 1411 967 1484 aliis
987 1413 1103 1486 fucum
1123 1412 1226 1488 sacia-

180 1541 271 1607 mus,
281 1521 376 1590 nobis
387 1521 524 1615 quidem
535 1521 613 1614 ipsis
628 1521 800 1613 uunqulm
809 1519 1003 1612 poterimus.
1013 1525 1063 1595 ac
1074 1521 1226 1614 prol'eetd

180 1624 499 1720 adversirsseipsum
512 1625 648 1713 ludere,
666 1624 847 1700 admodum
868 1624 1091 1719 periculosum
1110 1641 1144 1700 et
1158 1641 1228 1702 sto-

177 1731 285 1804 lidum
301 1747 361 1803 est.

224 1865 241 1906 >r
266 1842 310 1910 At
325 1840 362 1909 in
375 1839 485 1910 media
501 1841 678 1912 homiuum
693 1838 880 1932 frequentil
895 1839 1052 1927 versaris,
1066 1863 1104 1914 ac
1114 1841 1227 1934 publi-

179 1969 293 2016 camm
318 1970 431 2018 rerum
447 1949 527 2018 eura
542 1961 577 2018 et
591 1946 872 2020 administratione
891 1948 1074 2042 inquinaris
1098 1978 1107 2020 ι
1127 1963 1227 2044 atque

179 2052 308 2124 idcirco¹
326 2054 469 2136 metuis,
493 2076 537 2124 ue
556 2052 798 2140 misericordia,
822 2078 924 2148 quam
946 2078 1005 2148 per
1022 2056 1227 2148 Baptismum

178 2174 375 2232 consecutus
390 2185 438 2248 es,
455 2161 629 2254 depereat?
652 2160 799 2255 Simplici
813 2163 963 2240 oratioue
987 2178 1097 2234 tecum
1117 2185 1224 2254 agam.

179 2273 307 2339 Forum
321 2267 458 2361 quoque
470 2268 597 2362 ipsum,
614 2268 642 2336 si
657 2268 729 2338 fieri
743 2282 862 2360 potest,
880 2293 957 2340 cum
972 2263 1112 2362 pulchro
1124 2271 1227 2343 eomi-

182 2388 255 2445 tatu
270 2372 362 2466 suge,
377 2373 509 2468 aquilae,
517 2373 583 2459 vel,
600 2385 637 2444 ut
647 2373 750 2464 magis
766 2376 913 2465 apposita
922 2374 1043 2461 dicam,
1061 2374 1227 2448 columbe

139 2491 144 2498 ’
180 2481 297 2576 pennis
313 2480 377 2552 tibi
401 2481 462 2572 ipsi
482 2479 662 2572 impositis3
678 2479 880 2572 (quidecim
903 2482 964 2552 tibi
980 2505 1057 2554 cum
1076 2485 1224 2570 Caesare,

181 2604 240 2660 aut
250 2588 388 2661 Caesaris
404 2587 655 2681 rebusilatque
667 2585 824 2678 itafuge‚
837 2602 956 2662 utnon
969 2590 1227 2684 anteconquies·

180 2721 247 2784 cas,
259 2699 411 2792 quimed
425 2696 624 2789 perveneris,
638 2697 698 2766 ubi
710 2719 771 2766 nec
781 2713 954 2787 peccatum
966 2714 1031 2784 est,
1049 2722 1110 2770 uec
1119 2699 1226 2770 infus-
1301 2757 1305 2765 .

182 2804 289 2890 catio,
306 2828 368 2874 nec
389 2825 520 2896 serpeus
532 2801 568 2870 in
589 2801 643 2871 viai
658 2801 835 2888 mordens,
852 2802 991 2896 piosque
1005 2817 1081 2874 tuos
1099 2827 1227 2896 gressus

181 2909 377 3003 impediens.
399 2910 522 3002 Abripe
546 2907 688 2980 animam
711 2922 804 2980 tuam
828 2932 870 2978 ex
890 2909 953 2980 hoc
977 2908 1125 3000 mundo,
1147 2911 1226 3002 fuge
1294 2935 1297 2942 ’

90 3005 94 3012 ’
183 3019 376 3108 Sodomam3
393 3015 584 3088 incendium
606 3013 709 3106 fuge,
728 3015 881 3088 irretorto
902 3015 1000 3088 oculo
1014 3017 1168 3106 gradere,
1182 3041 1225 3088 ne

182 3126 217 3194 iu
238 3123 311 3196 salis
330 3122 475 3218 lapidem
489 3145 690 3194 eonoreseas.
709 3123 755 3194 ’lu
769 3137 918 3196 montem
941 3121 1055 3196 salutis
1072 3125 1168 3195 causa
1192 3138 1225 3196 te
1323 3167 1326 3174 ·

181 3230 310 3317 confer,
324 3254 367 3300 ne
381 3229 480 3300 simul
495 3229 689 3322 corripiaris.
704 3227 799 3312 Quod
814 3230 842 3298 si
852 3231 921 3322 jam
933 3244 1112 3323 occupatus
1130 3254 1176 3319 es,
1186 3255 1225 3302 ac
1278 3287 1289 3312 ,

182 3339 369 3409 necessariis
377 3336 525 3427 ,vinculis
542 3336 717 3420 astrictus,
736 3335 782 3406 ita
796 3349 909 3406 tecum
923 3337 993 3429 ipse
1006 3337 1154 3429 disputa,
1170 3338 1225 3410 vel

182 3469 244 3538 ego
265 3443 374 3539 potiris
389 3459 501 3516 tecum
518 3441 706 3536 disputabo.
721 3446 858 3512 Praestat
878 3441 1030 3535 quidem,
1052 3455 1086 3511 et
1096 3443 1225 3516 bouum

181 3553 358 3645 consequi,
384 3565 417 3622 et
434 3549 664 3644 purgationem
678 3550 765 3620 tueri
780 3572 819 3620 ae
834 3569 1026 3620 conservare
1044 3577 1052 3620 a
1067 3549 1184 3620 verim
1198 3550 1225 3622 si

181 3673 361 3752 utrumque
376 3681 446 3728 uon
463 3655 579 3742 datur,
596 3654 681 3724 illud
700 3656 790 3728 certe
810 3668 961 3748 praestat,
983 3655 1020 3724 in
1033 3678 1142 3726 rerum
1158 3681 1224 3750 pu-
1246 3701 1248 3705 ·

180 3764 343 3835 hlicarum
354 3757 634 3834 administratione
649 3761 802 3832 nonnihil
813 3762 982 3834 iuterddm
991 3762 1137 3855 sordium
1148 3787 1237 3861 eon-¹
1311 3763 1315 3774 '
1364 3807 1369 3816 ,

181 3873 331 3958 traxisse,
351 3870 453 3964 quam
473 3872 609 3944 omniuo
630 3872 650 3942 'a
673 3869 946 3963 gratilexeidere
972 3900 981 3943 ι
1006 3873 1224 3966 quemadmo-

216 3999 317 4054 ¹Galat.
331 4014 367 4063 nr,
378 3997 420 4068 28,
510 4036 515 4042 .
