2984 4580
300 441 364 500 390
453 453 633 499 inmortua
655 452 682 498 s.
708 451 856 512 sanun,
882 451 958 496 utus
984 454 1026 510 ιι,
1052 447 1148 498 sucu·
1166 453 1191 496 ι.

296 557 365 648 ejus
397 553 539 624 Sodoma
564 567 597 620 et
623 552 806 620 Gomorrha
826 551 941 642 igneus
966 551 1074 620 imber
1094 549 1255 622 excussit:
1274 551 1344 646 olet

295 661 414 732 adbuc
428 659 583 746 incendio
600 673 707 743 terra,
728 673 763 727 et
777 659 804 727 si
817 663 885 751 'qua
906 657 973 726 illic
993 659 1149 728 arborum
1167 681 1267 751 poma
1284 683 1340 730 co-

295 783 417 838 nantur
430 767 534 837 oculis
553 766 671 852 tenus,
694 765 851 835 caeterum
872 765 1023 836 contacta
1038 766 1255 838 cinerescunt.
1274 766 1340 840 Sed

296 897 358 946 nee
367 875 483 944 Tuscia
498 877 567 968 jbm
576 887 657 944 tune
669 887 768 966 atque
780 873 960 965 Campania
969 870 1011 942 de
1024 873 1216 964 Christianis
1229 895 1343 966 quere·

294 981 507 1068 batur,ci1m
533 979 699 1050 Vulsinios
721 980 762 1050 de
778 977 882 1068 coelo,
901 980 1074 1071 Pompeios
1086 981 1129 1050 de
1152 1003 1213 1050 suo
1230 995 1343 1052 monte

294 1087 442 1182 perfudit
457 1089 553 1180 iguis.
572 1092 676 1159 Nemo
691 1085 801 1156 adbiru
821 1091 937 1156 Romae
954 1091 1060 1158 Deum
1078 1109 1197 1158 verum
1220 1085 1340 1158 adora·
1410 1159 1412 1166 ,

295 1195 470 1282 bat,ci1m
492 1193 638 1263 Annibal
654 1217 735 1284 apus
751 1197 879 1266 Cannas
902 1199 1069 1264 Romanos
1090 1194 1229 1264 annulos
1252 1193 1343 1268 caede

295 1303 355 1372 susi
369 1300 481 1370 modio
493 1299 703 1370 metiebatur.
716 1301 837 1372 Omnes
852 1298 899 1370 dii
912 1301 1010 1370 vestri
1025 1300 1067 1370 ab
1082 1301 1237 1372 omnibus
1252 1299 1342 1370 cole-

295 1409 447 1493 bantur,
473 1406 549 1476 ciam
569 1407 677 1498 ipsum
698 1405 899 1498 Capitolium
921 1410 1065 1476 Senones
1081 1409 1338 1501 occupauerunt.

295 1520 340 1586 Et
362 1514 465 1600 bene,
480 1512 586 1608 'qubd
605 1514 630 1584 si
650 1512 733 1608 quid
759 1511 886 1584 arlvcrsi
906 1512 1042 1582 urbibus
1061 1513 1193 1599 accidit,
1216 1513 1342 1592 eaedem

295 1622 404 1699 clades
423 1621 624 1714 templorum
643 1645 720 1714 quus
731 1634 765 1690 et
778 1621 941 1692 moenium
963 1619 1120 1707 fuerunt,
1143 1634 1182 1690 ut
1194 1623 1263 1714 jam
1278 1623 1342 1692 hoc

285 1732 464 1800 revincam
478 1753 546 1798 nun
560 1727 822 1814 tonsoratum,
839 1728 917 1821 quia
933 1741 967 1798 et
981 1729 1059 1822 ipsis
1075 1729 1194 1800 evenit.
1207 1733 1342 1821 Semper

295 1839 440 1908 bumana
447 1860 526 1928 gens
534 1835 620 1906 malit
630 1837 672 1906 de
684 1841 753 1906 Deo
768 1836 901 1922 meruit,
916 1837 1024 1928 primb
1036 1835 1172 1930 quidem
1181 1849 1219 1932 ut
1230 1837 1341 1906 inoffi-

293 1945 379 2016 ciusa
407 1945 476 2036 ejus
495 1967 616 2036 quem,
639 1941 982 2034 subintelligeretur
999 1958 1113 2036 parte,
1138 1967 1206 2014 non
1227 1945 1340 2036 tequi-

296 2052 389 2136 sivit,
405 2049 464 2122 sed
489 2063 523 2118 et
542 2049 622 2120 alios
642 2050 775 2140 insuper
794 2051 857 2122 sibi
879 2065 1100 2122 commentata
1118 2066 1167 2124 est
1183 2075 1267 2144 quos
1286 2075 1340 2122 cc-

298 2157 402 2247 leret,
431 2155 552 2226 dehinc
579 2155 671 2249 qubd
693 2179 762 2226 non
783 2158 980 2250 inquirendo
1002 2159 1200 2230 innocentiae
1220 2159 1341 2250 magis-

296 2278 404 2350 num,
434 2278 468 2334 et
482 2264 799 2356 nocentiaejudicem
814 2277 848 2334 ct
869 2254 1054 2336 erectorem
1079 2266 1232 2338 omnibus
1253 2266 1341 2338 vitiis

226 2431 227 2438 ,
247 2409 248 2412 ¹
296 2385 330 2442 et
345 2371 537 2442 criminibus
549 2370 875 2442 inolevit.'Gaeteritm
890 2373 917 2442 si
932 2374 1127 2465 requisisset,
1142 2374 1342 2466 sequebatur

296 2491 336 2548 ut
359 2491 624 2567 recognosceret,
643 2489 676 2546 et
688 2478 895 2568 recognitum
910 2479 1118 2566 observaret,
1137 2493 1170 2551 et
1184 2481 1341 2550 observa-

296 2597 370 2652 tum
384 2583 566 2674 propitium
581 2583 686 2671 magis
697 2583 901 2674 experiretur
915 2587 1016 2678 qu'arn
1031 2587 1161 2659 iratum.
1176 2585 1342 2656 llumdem

297 2687 399 2780 igitur
411 2708 500 2758 nunc
512 2689 647 2782 quoque
659 2689 741 2762 scire
753 2689 853 2760 debet
862 2691 995 2779 iratum,
1005 2705 1106 2787 quern
1117 2708 1151 2763 et
1164 2695 1344 2764 retrbsem·

297 2819 356 2889 per
367 2849 376 2882 ,
387 2797 579 2889 priusqubm
589 2797 766 2869 Christiani
778 2799 1038 2872 nominarentur.
1051 2800 1152 2893 Cujus
1167 2801 1263 2872 burris
1275 2813 1343 2872 ute·

284 2904 397 2978 ,batur
412 2905 488 2974 ante
504 2903 600 2974 editis
615 2907 715 2996 quam
733 2904 796 2974 sibi
811 2903 890 2976 deos
913 2907 1066 2996 smgeret,
1084 2929 1144 2976 cur
1159 2930 1227 2978 non
1248 2908 1292 2978 ab
1304 2930 1342 2976 co

297 3012 395 3081 etiarn
411 3010 496 3078 mala
508 3009 671 3100 intelligat
686 3011 828 3096 evenire,
843 3013 935 3104 cujus
951 3013 1039 3086 bona
1051 3037 1118 3084 esse
1134 3037 1203 3084 non
1219 3015 1342 3084 sensit?

296 3117 389 3218 Illius
407 3140 462 3184 rea
479 3129 548 3202 est,
566 3119 660 3208 cujus
676 3113 864 3208 et'ingrata.
884 3124 927 3188 Et
948 3135 1059 3190 tamen
1071 3121 1097 3190 si
1110 3122 1265 3214 pristinas
1279 3120 1342 3192 cla·

298 3221 356 3294 des
371 3218 749 3314 comparemus,leviora
773 3248 862 3296 nunc
886 3227 1057 3314 accidunt,
1076 3251 1115 3298 ex
1136 3252 1204 3320 quo
1227 3227 1341 3298 Chris-

256 3419 259 3423 ,
297 3329 402 3400 uanos
414 3331 511 3398 aueo
523 3329 610 3398 orbis
620 3332 766 3424 accepit,
778 3355 817 3412 ex
830 3334 869 3400 eo
882 3333 969 3402 enim
982 3349 1015 3404 et
1029 3335 1218 3406 innocentia
1231 3331 1343 3404 saeculi

299 3436 489 3530 iniquitates
498 3439 753 3528 temperavit‚et
762 3439 988 3531 deprecatores
999 3441 1059 3512 Dei
1071 3465 1139 3510 esse
1151 3455 1338 3533 coeperunt.

300 3544 450 3636 Denique
465 3543 593 3614 eumab
610 3545 775 3616 imbribus
790 3540 901 3618 aestiva
912 3547 1050 3618 hiberna
1065 3542 1293 3640 suspendunt,
1310 3560 1342 3618 et

297 3675 402 3722 annus
417 3652 539 3722 incurat
555 3665 615 3736 est,
629 3675 686 3721 vos
702 3652 837 3744 quidem
847 3653 972 3724 balneis
987 3669 1021 3724 et
1032 3656 1189 3747 cauponis
1203 3669 1237 3726 et
1248 3655 1341 3748 lupa-

296 3761 431 3828 naribus
446 3759 669 3852 operantibus,
682 3759 832 3853 aquilicia
849 3762 922 3830 Jovi
937 3761 1136 3850 immolatis,
1154 3763 1339 3856 nudipeda-

294 3864 338 3936 lia
354 3866 479 3958 populo
489 3867 700 3953 denuntiatis,
720 3869 843 3938 eoelum
858 3867 947 3958 apud
958 3870 1158 3961 Capitolium
1175 3871 1335 3964 quaeritis,
1354 3869 1360 3886 ⁸

294 3971 408 4041 nubila
420 3971 462 4040 de
477 3971 685 4064 laquearibus
699 3973 891 4066 expectatis,
911 3977 1013 4046 aversi
1030 3977 1161 4071 abipso
1176 3991 1210 4048 et
1222 3982 1292 4048 Deo
1304 3989 1338 4048 et
