2992 4590
218 475 321 522 carna
343 478 388 546 rr.
413 477 454 520 un
477 477 634 523 usanono
657 477 691 520 ru
711 475 917 524 concremans
932 470 1098 524 ausimum.
1127 459 1185 518 181

152 590 210 647 aut
225 578 329 664 certe,
351 589 388 647 ut
403 601 480 647 cum
496 577 573 649 lorti
589 577 699 647 animo
714 573 926 669 perferamus,
940 573 1100 667 persuade
1118 603 1125 644 :
1140 586 1191 644 at-

152 683 218 776 que
231 705 362 752 omnem
375 697 518 752 nostram
537 684 640 752 vitam
652 679 695 750 ad
706 681 754 766 id,
772 680 863 774 quod
878 681 1018 750 maxime
1034 678 1193 751 conduci-

152 787 219 858 bile
230 803 290 875 est,
305 789 407 878 dirige
421 818 429 858 ι
448 811 588 882 nosque,
602 789 815 880 posteaquam
827 810 867 855 ex
880 787 943 855 hac
956 787 1022 855 vita
1032 786 1192 877 migrave-

152 897 272 982 rimus,
298 893 364 965 illic
388 897 523 990 quoque
547 892 766 966 tabernaculis
790 893 855 962 tuis
884 893 1016 986 excipe,
1037 907 1076 962 ut
1098 893 1196 964 simul

151 1003 317 1086 viventes,
332 1014 367 1070 et
387 1015 533 1072 sanctam
552 1025 589 1070 ac
608 1002 737 1070 beatam
754 999 965 1086 Trinitatem,
988 1001 1082 1092 cujus
1103 1023 1193 1070 nunc

152 1109 304 1200 exiguam
315 1109 456 1199 speciem
468 1122 502 1176 et
516 1108 691 1199 imaginem
707 1106 902 1199 accipimus,
920 1105 1035 1200 purius
1047 1105 1196 1199 plenilu-

153 1238 219 1310 que
228 1227 412 1298 cernentes,
431 1211 597 1286 desideriis
609 1212 726 1282 nostris
741 1213 841 1281 finem
857 1225 1055 1299 statuamus,
1073 1236 1111 1282 ac
1123 1210 1198 1280 bel-

153 1321 265 1392 lorum
285 1341 417 1404 eorum,
440 1318 718 1414 quae'intulimus,
735 1319 789 1389 vel
803 1319 1013 1412 pertulimus,
1032 1319 1097 1388 boc
1111 1341 1198 1412 prae-

153 1429 261 1497 mium
280 1424 467 1495 referamus.
486 1429 595 1519 Atque
615 1426 701 1499 hanc
719 1423 885 1519 quidemb
905 1425 1000 1494 nobis
1015 1425 1198 1495 orationem

153 1533 260 1602 babes
280 1561 287 1602 :
304 1555 363 1602 nos
379 1545 505 1618 autem,
519 1533 621 1602 vitam
637 1545 760 1624 postte
776 1554 853 1601 cum
869 1545 976 1600 morte
990 1545 1199 1601 commutau-

155 1652 226 1724 tes,
255 1637 327 1730 quis
350 1635 542 1707 laudaturus
564 1641 635 1707 est?
655 1635 784 1731 siquid
805 1651 915 1706 tamen
935 1635 1035 1706 laude
1060 1636 1199 1728 dignum

152 1744 345 1831 babeamus,
358 1745 450 1839 quod
461 1745 602 1816 orationi
617 1744 828 1838 suppeditare
838 1749 1009 1837 possimus,
1021 1746 1056 1813 in
1068 1744 1199 1816 Christo

153 1857 233 1922 lesu
251 1853 391 1922 Domino
403 1867 527 1940 nostro,
546 1855 600 1924 cui
613 1854 715 1946 gloria
732 1853 911 1922 insaecula.
927 1857 1069 1923 ament
1091 1880 1107 1917 s

199 1963 296 2028 llunc
313 1959 400 2028 beati
413 1961 562 2052 Gregorii
574 1960 768 2031 Nazianzeni
781 1959 900 2029 loetum
916 1983 992 2029 cum
1005 1971 1200 2051 argumento

154 2185 227 2241 tum
239 2172 436 2264 reperimus,
450 2174 637 2262 comparare
650 2171 761 2242 sorsan
774 2196 842 2242 non
855 2174 917 2242 erit
931 2173 1108 2264 ingratum.
1122 2171 1200 2243 Pla-

154 2281 242 2351 cebit
253 2281 342 2350 certe
359 2303 482 2350 novum
498 2281 620 2349 intueri
631 2295 810 2366 certamen,
828 2281 864 2350 in
879 2305 946 2374 quo
961 2281 1105 2373 ingenua
1120 2282 1200 2350 sim·

153 2388 283 2482 plicitas
308 2411 385 2456 cum
398 2387 557 2481 exquisitis
577 2385 731 2457 facundii
756 2388 987 2479 congreditur,
1014 2387 1200 2458 Bernardus

154 2496 280 2567 scilicet
302 2519 380 2565 cum
402 2496 569 2585 Gregorio.
586 2497 713 2567 Amisso
728 2495 828 2566 fratre
845 2495 1000 2583 Girardo,
1014 2495 1200 2567 Bernardus

154 2601 213 2672 diii
229 2603 327 2671 lletus
340 2617 595 2694 compresserat3
620 2627 744 2674 sacram
771 2603 986 2673 nihilomiuus
1010 2605 1201 2675 ascenderat

154 2708 365 2798 cathedram,
382 2707 518 2776 allatum
533 2710 704 2800 scripturae
721 2723 848 2778 textum
860 2707 1043 2807 tranquillo
1059 2711 1201 2806 exterius

154 2817 266 2885 animo
287 2812 495 2907 explanabat,
518 2813 593 2884 citm
618 2814 729 2883 subiti>
753 2813 914 2884 exclamat
940 2813 1054 2883 dolore
1068 2815 1197 2887 victus:

158 2951 175 2989 u
198 2925 322 2992 Moeror
337 2922 437 3023 finem
453 2921 603 3014 imperat,
621 2934 654 2990 et
666 2918 833 2990 calamitas
845 2944 944 3014 quam
960 2920 1077 3015 patior.
1093 2947 1110 2988 n
1126 2924 1200 3003 Quo

156 3027 247 3100 dicto
262 3043 369 3098 tacere
384 3028 574 3122 impatiens,
592 3027 637 3097 sie
652 3026 745 3122 loqui
760 3029 888 3121 pergit:

202 3167 220 3205 a
245 3137 424 3230 Quousque
447 3133 633 3221 dissimulo,
651 3149 684 3205 et
703 3135 788 3228 ignis
808 3161 909 3231 quem
924 3137 1010 3209 intra
1031 3135 1200 3231 meipsum

154 3235 345 3330 abscondo,
373 3243 465 3312 triste
496 3257 611 3336 pectus
644 3242 770 3329 adurit,
802 3245 957 3315 interiora
993 3246 1200 3338 depascitur?

155 3351 296 3422 Clausus
312 3349 408 3420 latiirs
428 3349 541 3442 serpit,
562 3349 653 3419 saevit
676 3349 794 3418 acrius.
809 3350 898 3432 Quid
920 3352 1000 3420 mibi
1024 3365 1057 3420 et
1073 3353 1200 3422 cantico

156 3458 247 3543 huic,
264 3457 322 3551 qui
337 3458 371 3526 in
388 3454 605 3526 amaritudine
620 3457 715 3524 sum?
727 3456 784 3524 Vis
802 3453 924 3525 doloris
939 3456 1075 3526 abducit
1090 3459 1201 3526 inten-

158 3565 296 3649 tionem,
311 3578 344 3633 et
355 3563 537 3655 indignatio
551 3560 680 3648 Domini
692 3560 796 3630 ebibit
813 3562 961 3662 spiritum
975 3555 1098 3632 meum.
1115 3563 1201 3633 Sub-

158 3684 264 3741 tracto
288 3668 449 3763 siquidem
477 3667 546 3754 illo,
569 3683 747 3761 perquem
772 3691 845 3738 mea
872 3668 906 3736 in
929 3669 1069 3738 Domino
1093 3668 1202 3738 studia

157 3779 330 3870 utcunque
346 3775 448 3844 libera
463 3799 531 3844 esse
546 3774 715 3863 solebant,
733 3773 830 3843 simul
847 3789 880 3844 et
898 3799 954 3845 cor
978 3800 1088 3845 meum
1104 3775 1202 3845 dere·
1261 3793 1263 3797 ’

158 3883 257 3978 liquit
268 3906 333 3952 me.
351 3882 412 3952 Sed
429 3880 491 3950 leci
504 3881 572 3951 vim
592 3881 713 3966 animo,
732 3904 768 3950 ac
782 3879 983 3952 dissimulavi
998 3883 1101 3976 usque
1117 3883 1201 3972 hirc,

198 4021 204 4048 ¹
220 4014 246 4062 S.
260 4013 359 4074 Gregor.
373 4006 457 4060 Tlreol.
471 4011 541 4058 Orat.
554 4023 621 4072 xrnrr,
632 4025 655 4057 n¹
673 4007 714 4071 81,
727 4011 768 4058 82.
1222 3995 1225 4004 Δ
