2984 4580
317 462 381 528 tot
460 475 640 524 uunrourct
664 475 690 522 s·
717 474 871 537 rtruuu,
898 474 974 524 etus
997 481 1044 540 rr,
1069 479 1153 524 sacr.
1182 481 1206 521 1.
1226 547 1228 551 Ι

313 577 401 648 enim
429 576 605 646 muliebres
625 573 679 644 isti
707 587 903 667 praetextus,
934 575 988 645 vel
1004 561 1172 669 potiusne
1194 573 1260 645 illis
1278 577 1355 669 qui-

245 667 250 672 ’
311 685 388 756 dem
404 685 447 754 ad
459 680 674 754 obtinendam
688 681 819 751 veniam
834 683 1058 753 excusationes
1073 683 1144 753 istae
1154 683 1354 770 sufficerent,

289 793 432 886 ‚quibus
444 789 594 888 molliora
602 802 681 859 sunt
694 811 833 882 corpora
840 801 874 859 et
888 789 1086 862 imbecillior
1100 803 1231 861 natura.
1247 795 1357 874 Quan-

309 900 411 994 quam
438 911 548 968 autem
568 895 730 990 ejusmodi
754 893 979 968 defensionem
996 897 1207 990 responsione
1230 896 1356 967 diluere

310 1020 407 1100 turpe
427 1002 614 1090 videbitur,
631 1003 851 1073 necessarium
865 1017 914 1073 est
933 1018 1057 1074 tamen.
1078 1002 1216 1075 sienim
1235 1003 1283 1074 illi
1298 1005 1356 1075 bas

310 1109 491 1183 obtendere
503 1109 727 1180 excusationes
742 1133 811 1180 non
826 1110 1047 1196 erubescunt,
1062 1110 1168 1180 multb
1185 1110 1288 1202 magis
1297 1133 1356 1183 nos

308 1215 434 1312 pudere
446 1241 514 1286 non
526 1216 627 1286 debet
639 1217 711 1286 baec
723 1215 884 1286 refellere.
896 1217 986 1300 Quid
996 1221 1073 1309 ergo
1083 1218 1155 1288 haec
1168 1217 1355 1288 obtenden-
1371 1211 1378 1223 ’

308 1327 398 1406 tibus
413 1326 645 1420 opponemus?
662 1325 776 1394 Trium
793 1347 972 1418 puerorum
987 1325 1052 1396 illis
1073 1325 1263 1396 memoriam
1279 1325 1355 1398 volo

309 1433 481 1528 refricare,
504 1432 562 1526 qui
582 1430 659 1500 ciam
674 1431 710 1500 in
725 1427 878 1518 somace,
897 1455 935 1502 ac
950 1431 1066 1504 mediis
1085 1433 1227 1502 flammis
1243 1456 1355 1504 versa-

306 1554 444 1627 rentur,
469 1538 547 1607 cium
566 1535 715 1631 undique
735 1558 769 1606 se
785 1553 958 1608 comerent
972 1539 1105 1632 ignibus
1119 1539 1279 1626 obsideri,
1297 1544 1354 1635 qui

265 1711 269 1719 ,
309 1649 346 1718 ἱη
358 1671 412 1734 os,
426 1647 463 1716 in
477 1644 610 1731 oculos,
626 1645 661 1713 in
675 1642 858 1714 anhelitum
868 1645 976 1737 ipsum
989 1643 1210 1732 incurrerent,
1225 1670 1352 1719 sacrum

306 1755 402 1825 illum
425 1769 458 1825 et
482 1753 658 1844 mysticum
677 1753 842 1842 hymnum
865 1776 942 1824 cum
969 1755 1124 1824 creaturis
1145 1759 1213 1826 Deo
1237 1779 1354 1826 canere

305 1889 375 1936 non
392 1865 571 1948 cessarunt,
584 1859 642 1930 sed
652 1860 801 1948 alacrius,
814 1884 915 1955 quarn
925 1863 952 1931 si
963 1877 1057 1956 prato
1068 1864 1185 1933 versati
1201 1861 1351 1952 fuissent,

298 1972 379 2042 'tium
392 1971 427 2040 in
439 1970 549 2038 medio
561 1991 642 2059 rogo
651 1981 773 2038 stantes
786 1970 955 2039 communi
970 1975 1111 2042 Domino
1123 1971 1352 2042 universorum

305 2075 421 2148 laudes
433 2074 619 2146 offerebant
633 2103 641 2145 ε
654 2088 688 2144 et
700 2099 778 2144 curn
789 2075 896 2146 tribus
905 2077 955 2146 bis
969 2079 1090 2170 pueris,
1101 2078 1236 2156 leonum
1246 2081 1283 2150 in
1290 2085 1354 2150 Ba·

304 2185 450 2276 bylone,
468 2181 612 2253 Danielis
626 2195 660 2252 et
672 2183 774 2254 lacius.
790 2189 904 2280 Neque
919 2189 997 2256 verb
1008 2187 1139 2258 tantirm
1155 2189 1276 2282 hujus,
1295 2190 1353 2260 sed

306 2305 341 2364 et
364 2291 497 2362 alterius
512 2290 623 2378 lactis,
652 2313 690 2360 ac
721 2280 1061 2388 propbetae,lutique'
1074 2320 1142 2390 quo
1165 2295 1208 2365 ad
1229 2297 1353 2367 collum

306 2400 413 2496 usque
425 2399 652 2472 suffocabatur
660 2399 874 2484 Jeremias,ut
881 2400 1107 2489 recordentur,
1117 2401 1190 2473 illos
1200 2404 1349 2474 obsecro.

305 2511 351 2578 Et
367 2531 406 2576 ex
427 2508 566 2578 lacubus
591 2507 660 2576 istis
682 2507 878 2595 ascendens,
896 2509 931 2579 in
951 2533 1114 2580 carcerem
1142 2511 1352 2583 introducere

305 2614 384 2683 istos
397 2611 496 2699 volo,
514 2613 574 2705 qui
588 2612 712 2682 calores
725 2613 930 2702 obtendunt,
952 2616 1159 2714 Paulumque
1170 2635 1352 2690 monstrare

219 2753 227 2782 ·.
306 2743 343 2790 ac
357 2718 458 2790 Silam
472 2716 686 2812 compedibus
698 2717 766 2788 illic
777 2720 996 2814 praepeditos,
1018 2727 1160 2818 vestigiis
1174 2728 1351 2798 verberum

305 2825 432 2919 plenos,
449 2813 571 2920 ciuibus
584 2841 693 2897 toturn
702 2851 820 2922 corpus
831 2827 1023 2901 vulneribus
1032 2831 1271 2928 plagarumque
1281 2833 1352 2904 fue·

304 2947 356 3002 rat
372 2932 585 3003 multitudine
606 2933 803 3020 laceratum,
820 2935 929 3006 media
946 2953 1043 3008 nocte
1056 2944 1163 3009 Deum
1178 2939 1350 3011 laudantes

305 3053 339 3108 et
354 3063 459 3110 sacras
474 3039 544 3108 illas
559 3039 684 3131 vigilias
696 3041 907 3113 celebrantes.
926 3050 969 3114 Ar
982 3069 1049 3116 non
1065 3049 1153 3117 enim
1170 3047 1350 3118 absurdum

304 3158 354 3212 est
369 3158 498 3213 sanctos
513 3145 647 3236 quidem
659 3144 745 3232 illos,
760 3169 836 3216 cum
852 3149 886 3218 in
898 3147 1042 3239 fornace,
1057 3167 1090 3223 et
1105 3155 1194 3247 igue,
1213 3171 1247 3224 et
1261 3153 1347 3241 lacu,

304 3262 338 3318 et
354 3247 484 3335 belluis,
506 3263 539 3318 et
550 3249 639 3338 luto,
654 3265 836 3340 etcarcere,
847 3268 881 3324 ct
896 3257 1122 3351 compedibus,
1140 3275 1173 3330 et
1186 3261 1305 3354 plagis,
1317 3274 1350 3330 et

303 3357 495 3449 ergastutis,
514 3371 547 3427 et
570 3359 783 3432 intolerandis
806 3381 1014 3436 versarentur
1036 3365 1152 3455 malis,
1177 3367 1262 3438 nibil
1283 3393 1349 3438 un-

303 3467 405 3560 quam
420 3466 540 3536 horum
560 3466 711 3561 culpare,
731 3469 789 3538 sed
804 3469 909 3542 multi
924 3473 1000 3544 ciun
1016 3475 1116 3544 animi
1136 3477 1349 3546 contentione

236 3611 240 3619 ·
303 3587 338 3644 et
347 3572 464 3643 ardore
476 3589 636 3668 perpetuo
647 3577 797 3669 precibus
807 3593 840 3648 et
853 3580 985 3670 hymnis
1000 3584 1096 3652 sacris
1106 3607 1239 3683 operam
1251 3585 1346 3672 dare,

300 3703 362 3750 nos
380 3680 523 3775 quinon
545 3679 647 3751 ullam
665 3681 833 3773 exiguam,
857 3709 926 3755 nou
945 3711 1097 3780 magnam
1119 3714 1160 3760 ex
1177 3689 1255 3777 illis,
1272 3713 1347 3784 quae

303 3803 502 3858 enumeratae
529 3801 618 3875 sunt,
634 3789 837 3880 passionibus
862 3793 1090 3882 toleravimus,
1109 3797 1152 3867 ad
1176 3813 1294 3868 aestum
1315 3809 1347 3865 et

303 3891 445 3963 calorem
459 3895 626 3972 modicum
636 3918 673 3965 ac
686 3895 853 3983 sudorem,
865 3909 985 3994 nostrae
1000 3902 1146 3994 ipsorum
1163 3904 1277 3974 salutis
1292 3926 1349 3973 cu-

302 4025 373 4072 ram
389 4000 566 4096 deponere,
577 4026 615 4076 ac
630 4002 749 4078 relictis
760 4004 904 4080 collectis
915 4008 995 4081 loris
1002 4014 1124 4104 vagari,
1138 4037 1265 4108 nosque
1273 4005 1346 4084 coe-
