2930 4582
210 447 312 495 claun
335 453 380 495 vr.
406 453 447 495 na
471 453 627 496 murnum
643 454 678 496 ur
693 453 904 500 concremans
920 453 1086 500 numerat.
1121 437 1186 500 847

143 548 303 620 ditionem
318 552 481 637 omnium,
500 551 685 620 communis
699 551 776 618 maii
792 554 917 642 proelret
930 554 1135 646 o'xcmplum3
1149 571 1188 624 ut

142 657 201 749 qui
217 657 251 726 in
267 655 324 726 itta
340 656 447 750 qualis
459 681 521 749 ego
538 656 658 726 luerim
678 655 804 740 vident,
822 658 856 725 iu
875 681 928 726 me
949 661 1109 752 quantrim
1131 684 1206 752 pec

144 765 298 854 Spiritum
316 777 466 832 sanctum
483 785 580 832 suum
595 762 753 832 Dominus
769 763 809 830 sit
825 777 977 854 operatus
993 782 1183 854 agnoscant.

140 871 284 940 Orabam
297 895 358 962 ego
371 869 519 962 quotidie
534 893 611 939 cum
624 869 749 958 magnis
763 867 917 958 lacrymis
929 870 964 938 in
979 870 1054 940 loco
1066 872 1125 942 ubi
1140 887 1190 942 est

139 980 298 1062 Memoria
313 978 534 1068 gloriosissimi
550 975 702 1064 martyris
723 976 891 1066 Stephani.
917 976 975 1044 Die
992 989 1103 1046 autem
1122 983 1190 1048 Do-

139 1087 263 1154 minico
280 1086 433 1167 Paschae,
451 1085 535 1152 sicut
554 1080 606 1178 alii
633 1083 690 1174 qui
712 1097 887 1174 praesentes
903 1098 996 1152 erant
1011 1083 1187 1171 viderunt,

139 1192 223 1260 dir-m
248 1215 344 1260 orons
368 1212 444 1259 cum
461 1213 581 1280 magno
598 1189 678 1257 ssetu
691 1188 853 1258 cancellos
869 1203 987 1276 teneo,
1005 1189 1115 1260 subitd
1133 1215 1189 1260 ce·

114 1300 217 1369 cidi.
245 1299 414 1367 Alienatus
435 1312 544 1366 autem
568 1300 586 1365 ‘a
608 1321 716 1381 sensu,
739 1298 797 1364 ubi
821 1295 939 1366 fuerim
965 1298 1084 1367 nescio.
1113 1285 1203 1370 Post'

138 1405 319 1498 paululum
341 1405 516 1488 assurrexi,
539 1418 571 1472 et
594 1403 687 1472 illum
704 1419 879 1474 tremorem
904 1407 938 1474 in
963 1431 1100 1498 corpore
1115 1432 1189 1478 meo

139 1535 212 1580 non
230 1512 351 1578 inveni.
373 1511 455 1578 Huic
471 1512 582 1604 itaque
603 1515 698 1580 tanto
713 1511 770 1580 uei
785 1513 947 1581 beneficio
962 1537 1029 1581 uon
1045 1514 1190 1602 ingratus

139 1605 233 1684 hunc
248 1616 397 1685 libellum
413 1617 521 1685 obtuli
540 1647 546 1687 :
569 1617 602 1686 in
616 1643 682 1710 quo
703 1618 800 1686 etiam
818 1643 894 1709 quae
910 1618 951 1687 de
967 1619 1085 1687 nostris
1101 1619 1191 1688 cala-

136 1723 307 1792 mitatibus
330 1723 547 1813 ignorabatis,
573 1738 607 1792 et
631 1723 723 1816 quod
747 1723 788 1792 de
814 1726 887 1793 med
910 1725 1136 1794 incolumitate
1157 1740 1190 1796 et
1238 1773 1242 1782 ·

135 1827 244 1903 salute
268 1831 484 1920 cognovistis,
508 1830 659 1915 exhibui,
682 1843 720 1898 ut
744 1843 777 1898 et
796 1854 856 1922 pro
879 1833 951 1899 med
971 1855 1081 1902 sorore
1095 1855 1188 1904 orare

135 1935 340 2027 dignemini,
354 1951 387 2004 et
403 1960 464 2028 pro
480 1959 533 2004 me
546 1959 642 2027 agere
655 1941 724 2005 Deo
739 1933 855 2026 gratias
869 1940 893 2007 ¹.
913 1963 929 2003 n

179 2045 287 2119 ,Nemo
303 2058 351 2112 est
366 2045 523 2138 sanequi,
538 2043 683 2136 perlecto
696 2043 754 2112 tali
767 2044 941 2129 miraculo,
953 2069 1023 2115 non
1033 2045 1189 2116 ardenter

135 2148 302 2218 desideret
326 2152 438 2219 audire
462 2152 570 2242 ipsum
596 2164 671 2243 post
692 2151 826 2220 recitata
848 2151 953 2220 libelli
973 2153 1075 2224 verba
1091 2177 1187 2246 pero-

135 2271 266 2326 rantem
282 2258 506 2347 Augustinum
526 2285 533 2325 ε
1196 2255 1199 2260 ’

184 2391 200 2432 r<
227 2365 449 2435 Misericordia
465 2364 692 2459 quidem‘Dei,
711 2363 847 2451 fratres,
868 2367 930 2451 ait,
949 2369 1034 2436 sicut
1048 2367 1188 2438 creden·
1287 2373 1291 2430 ’.

134 2473 218 2541 dum
237 2487 301 2558 est,
326 2497 439 2541 omnes
460 2474 512 2541 isti
535 2471 670 2558 fratres,
694 2497 777 2566 quos
798 2496 867 2541 una
893 2475 952 2544 Dei
968 2475 1015 2542 ira
1040 2479 1188 2546 materna

133 2578 557 2672 plagdaperoussitmdejus,
570 2577 686 2672 dequo
697 2579 1099 2675 gaudemus,quaudoque
1112 2605 1187 2674 pere
1237 2635 1241 2642 ,
1273 2639 1277 2654 ,

134 2686 269 2756 venturi
285 2699 363 2753 sunt
375 2685 558 2752 sanitatem.
573 2689 810 2754 Verumtamen
823 2685 949 2754 discant
961 2688 1020 2754 srlii
1033 2689 1184 2780 obsequis
1239 2687 1246 2713 “

134 2793 275 2861 timeant
285 2805 435 2883 parentes
448 2791 552 2859 irasci.
574 2791 737 2882 Scriptum
753 2805 823 2858 est:
847 2789 1059 2862 Benedictio
1065 2794 1187 2882 patris
1214 2831 1221 2876 ,-

125 2902 262 2992 firmat
278 2899 424 2968 domum
437 2897 603 2994 filiorum
610 2931 627 2984 ,·
649 2897 858 2967 maledictio
874 2900 1003 2967 matria
1020 2896 1187 2994 eradicat
1206 2892 1219 2929 '³'

128 3005 383 3103 fundamenta
396 3005 421 3074 ².
443 3006 546 3077 Modo
565 3007 615 3074 isti
631 3029 689 3098 per
705 3019 807 3074 terras
827 3005 863 3072 in
882 3004 1107 3075 fundamentis
1126 3029 1186 3102 pa-

134 3116 209 3184 triae
224 3140 292 3184 suae
308 3139 376 3184 non
391 3131 467 3186 suut
482 3145 489 3185 ε
505 3115 655 3208 praebent
671 3115 787 3208 utique
803 3115 1048 3208 spectaculum,
1063 3140 1185 3210 propos

135 3239 222 3293 nunt
245 3247 341 3293 suum
359 3225 558 3315 supplicium
581 3255 588 3292 :
607 3225 761 3315 praebent
773 3225 875 3294 oculis
891 3226 1054 3294 miseriam
1069 3238 1183 3315 suam,

135 3331 456 3421 terrentsuperbiam
470 3330 620 3398 alienam.
639 3329 770 3413 Discite,
786 3329 968 3421 fitii,'qu0d
983 3331 1063 3400 dicit
1079 3331 1189 3424 Scrip-

135 3453 226 3523 tura,
252 3438 390 3506 reddere
406 3439 566 3527 honorem
583 3435 775 3528 parentibus
796 3437 957 3522 debitum.
985 3439 1048 3506 Sed
1074 3453 1107 3507 et
1128 3462 1185 3521 vos

135 3559 299 3638 parentes,
318 3543 452 3636 quando
469 3541 689 3626 offendimini,
708 3556 858 3634 parentes
870 3565 928 3611 vos
941 3558 1012 3610 'esse
1029 3544 1183 3613 recorda-

136 3653 228 3720 mini.
249 3652 362 3721 Oravit
377 3665 481 3718 mater
502 3653 616 3719 contra
631 3648 732 3734 filios,
750 3649 901 3718 exaudita
918 3663 988 3740 est3
1006 3651 1083 3744 quia
1099 3657 1185 3721 Deus
1236 3674 1239 3678 ’

135 3761 211 3830 verb
221 3763 330 3854 justus
347 3774 405 3843 est,
421 3759 498 3851 quia
516 3760 591 3827 vere
607 3758 759 3851 injuriam
775 3781 867 3849 passa
883 3757 1002 3828 l'uerat.
1023 3763 1115 3829 Unus
1130 3761 1183 3853 ip-

138 3889 247 3936 sorum
270 3881 301 3934 ct
318 3866 417 3934 verba
432 3865 668 3934 contumeliosa
683 3880 715 3934 et
737 3889 852 3935 manus
868 3867 1045 3959 injecerat,
1067 3881 1099 3938 et
1115 3892 1181 3938 cae-

173 4005 180 4031 ¹
193 3997 217 4045 S.
232 3999 330 4060 August.
346 3997 423 4044 Serm.
438 4011 533 4044 cccxxn.
547 4021 578 4030 -
593 4006 602 4029 ²
617 3994 692 4046 Eccli.
710 4013 748 4058 111,
768 4013 805 4044 11.
