2996 4598
263 438 366 487 ιιιιι·
389 441 442 485 nrt
469 441 513 486 ιι
533 427 785 487 murmurosi
806 435 849 486 trs
869 436 1137 488 commannis.
1171 424 1218 488 st

176 541 372 636 mnssdere
394 539 463 626 vis,
492 540 658 632 gemendo
678 539 716 609 id
736 539 859 632 magis,
881 542 984 634 qutm
1003 540 1220 612 ἆιιΙιιιιιιιιιο

175 649 308 719 modest
325 643 502 739 oportebit.
524 643 724 738 Exemplum
749 647 828 715 sano
850 646 922 717 tiam
936 649 972 720 in
994 647 1064 719 aliis
1086 647 1218 736 multis,

153 756 246 827 *tlun
261 755 316 826 vel
325 754 539 824 maximhboc
553 753 589 822 in
598 753 748 845 negotio,
762 753 865 824 verbo
876 754 1040 826 efficacim
1050 767 1111 825 est.
1121 755 1222 826 Dabis

173 863 247 933 voci
267 848 334 930 tuae
355 883 474 931 vocem
490 859 637 946 virtutis,
654 857 782 953 siquod
804 858 935 946 mades,
947 859 1039 952 pride
1058 861 1121 930 tihi
1135 859 1222 934 illud

175 969 379 1061 cognosceris
398 968 606 1062 persuasisse.
634 965 784 1038 validior
802 968 911 1060 operis
933 969 1035 1061 quim
1058 969 1123 1038 oris
1143 989 1219 1040 vox.

174 1081 297 1148 Fac-ut
311 1076 471 1170 loqueris,
486 1069 522 1144 'et
536 1098 606 1144 uon
616 1073 722 1148 solinu
733 1091 788 1143 mo
802 1072 1224 1164 factiosissimum

171 1202 310 1278 quoque
328 1205 397 1252 non
415 1181 481 1251 levi
496 1180 612 1250 liberm
627 1179 750 1272 probro
769 1183 795 1251 ¹.
813 1208 832 1246 s

218 1288 407 1360 Praedicent
423 1289 511 1378 ergo,
523 1299 557 1355 et
567 1285 772 1356 confidenter
783 1285 901 1357 soliilli
910 1286 1091 1380 predicent
1100 1289 1223 1381 quibus

169 1393 239 1466 dici
253 1417 321 1466 non
336 1401 463 1488 potest:
481 1391 644 1480 Medico,
662 1415 752 1464 cura
768 1407 804 1463 te
818 1393 936 1486 absum
949 1397 984 1480 ²,
1000 1393 1058 1463 sed
1074 1394 1133 1488 qui
1148 1417 1222 1465 mo-
1317 1437 1321 1442 -
1376 1389 1388 1404 “

169 1505 237 1574 rito
246 1501 355 1572 dicere
368 1514 504 1594 possunt
518 1518 596 1570 curn
603 1506 777 1595 Apostolos
790 1501 1004 1572 Imitatum
1014 1506 1089 1571 met
1095 1515 1219 1590 estote,

169 1609 270 1680 sicut
285 1621 320 1684 et
330 1630 397 1705 ego
420 1604 559 1677 Christi
567 1610 592 1678 ³.
615 1606 667 1679 ad
680 1607 880 1702 supplicium
895 1621 1056 1698 martyres
1070 1608 1224 1679 hortetur

168 1715 377 1808 Cyprianus,
395 1713 471 1807 qui,
496 1737 566 1784 non
581 1713 684 1784 verbo
699 1714 830 1784 tantiam
845 1712 903 1784 sed
917 1737 1017 1808 opere
1029 1728 1160 1808 potens,
1177 1714 1225 1785 la-

169 1823 282 1906 horem
293 1833 469 1906 summust,
481 1818 640 1912 pericula,
653 1819 801 1914 exilium,
812 1835 952 1891 mortem
964 1821 1108 1916 deniqub
1119 1822 1224 1915 ipsam

169 1951 233 2023 pro
246 1927 380 1999 Ghristo
394 1949 472 1996 mox
481 1925 699 2013 tolerandam,
710 1924 814 1997 veluti
820 1927 933 1998 nobile
942 1926 1226 2022 quoddamveril-

169 2037 259 2123 lum,
278 2035 516 2128 praetendebat.
530 2036 763 2125 Mystenorum
779 2034 884 2116 ,fidem
907 2049 1030 2106 astruat
1048 2033 1224 2107 Ecclesias-

169 2163 237 2238 que
255 2141 479 2214 obedientiam
494 2143 611 2212 heatus
623 2143 838 2231 Athanasius,
856 2166 956 2238 quem
968 2146 1139 2216 universus
1153 2167 1223 2216 sus-

41 2309 43 2318 ,
170 2247 261 2344 pexit
282 2248 371 2319 orbis
394 2247 640 2318 immaculatam
668 2250 755 2320 hanc
775 2251 896 2321 Christi
924 2271 1094 2344 sponsam,
1120 2273 1222 2344 quarn

170 2355 340 2448 sanguinis
356 2353 519 2424 effusione
533 2348 728 2424 l'oecundare
740 2355 908 2441 voluisset,
926 2356 1038 2426 effusis
1048 2355 1223 2455 sudoribus

169 2463 373 2555 irrigantem.
402 2461 455 2532 Ad
471 2461 654 2532 castitatem
678 2460 822 2552 'virginea'
834 2462 990 2534 informet
1004 2465 1219 2552 Ambrosius,

169 2570 240 2663 qui,
253 2568 410 2638 castitatis
426 2569 627 2661 exemplum,
638 2569 835 2661 cupiditates
852 2569 993 2662 pedibus
1012 2571 1221 2642 conculcatos

169 2677 276 2748 vietor
289 2676 479 2768 superabat.
504 2681 692 2746 Peccatores
709 2676 751 2745 ad
764 2677 996 2768 poenitentiam
1020 2679 1136 2748 incitet
1151 2684 1221 2749 hu-

171 2783 339 2876 goninus,
363 2783 434 2875 quia
453 2795 552 2875 rupto
563 2779 773 2873 voluptatum
782 2784 882 2874 jugo,
896 2783 1085 2853 insanientis
1100 2785 1219 2856 delicta

166 2890 352 2984 juventutis
376 2891 445 2960 tim
465 2889 561 2980 largis
579 2889 712 2977 fletibus
727 2886 837 2958 delere
857 2888 1006 2958 assiduus
1023 2879 1216 2962 conabaiur.
1330 2900 1334 2908 '

169 2995 332 3068 Goeles'tes
344 2995 448 3066 divini
463 2995 581 3066 amoris
602 2993 734 3065 delicias
758 2995 831 3089 pius
850 2995 996 3066 insinuet
1009 2995 1215 3085 Bernardus,

171 3099 227 3194 qui
238 3099 388 3170 beatam
402 3098 644 3189 solitudinem,
658 3099 775 3172 solum
793 3099 1051 3173 beatitudinem
1061 3103 1218 3176 anhelans

171 3206 287 3300 procul
310 3209 330 3276 a
357 3208 475 3276 mundi
498 3206 731 3278 tumultuantis
753 3207 1030 3280 sollicitudinibus
1052 3209 1216 3280 altissime

171 3315 442 3409 contemplationi
462 3339 595 3405 vacare,
617 3331 651 3388 et
670 3317 758 3388 intui
775 3317 899 3389 viscora
913 3319 1047 3405 Christi,
1063 3320 1157 3414 quasi
1177 3321 1214 3389 in

159 3421 414 3518 foraminibus
440 3438 556 3516 perne
575 3426 615 3512 ⁴,
638 3441 773 3497 securus
800 3425 1003 3518 requiescere
1033 3427 1209 3518 gaudebat.

170 3532 292 3600 Omnes
315 3527 459 3624 deniqui
490 3533 533 3602 ad
552 3525 752 3604 oluninrodoe
770 3533 901 3604 virtutis
919 3535 1067 3606 studium
1088 3556 1212 3629 provo*

172 3655 245 3707 oare
268 3655 338 3706 non
363 3636 544 3725 desistant,
578 3641 637 3733 qui
661 3639 791 3732 virtutis
818 3643 895 3712 verb
927 3641 1064 3714 studiosi
1086 3664 1212 3712 ucrens-

67 3743 68 3750 ’
169 3740 270 3833 plum
295 3757 379 3814 sunt
390 3741 561 3841 fldeltism
583 3747 622 3816 in
642 3744 773 3836 verbo,
796 3747 835 3818 rit
856 3749 1150 3838 uantumatr'one,
1173 3750 1212 3820 r'n

207 3890 256 3939 ¹S.
273 3887 390 3940 ltunsrd.
411 3889 437 3940 in
449 3891 519 3945 Cant.
531 3893 610 3946 Βιιιιιι
632 3908 681 3960 ιιι,
700 3907 727 3946 ιι.
740 3892 765 3947 b.
783 3909 814 3933 ἃ
833 3895 917 3949 abac.
935 3910 973 3963 rr,
985 3893 1027 3950 at.
1047 3911 1080 3934 ν’·
1098 3891 1138 3948 ⁸1
1154 3897 1210 3950 cor.

175 3985 210 4041 ιι,
223 3987 248 4028 ι.
263 3993 297 4015 -··
309 3973 406 4029 teano
416 3991 443 4041 ιιι
459 3975 500 4044 ri·
864 4007 868 4012 ·
