2992 4590
268 405 331 468 ttt
422 399 600 468 uariorum
623 419 649 466 S.
676 418 829 484 alanum,
854 417 929 488 atus
951 423 998 482 ιι,
1024 418 1108 466 sacr.
1135 424 1159 464 1.

264 521 333 592 bile
344 521 567 614 spectaculum
575 521 671 616 justis
683 551 692 610 3
704 519 797 590 miles
812 519 992 614 transfuga,
1002 519 1308 604 virstrenuissimus

264 643 399 720 captus,
428 629 556 721 direpta
578 631 597 696 a
612 627 694 720 lupo
707 628 777 697 ovis
791 627 935 698 Christi:
954 642 1054 722 atque
1068 627 1152 697 illud
1173 629 1308 698 misera-

263 733 362 804 bilius
376 733 468 828 qudd
487 748 521 804 et
544 748 701 808 aeternam
721 733 824 804 vitam
839 733 962 820 amisit,
985 748 1019 804 et
1036 757 1078 804 ne
1095 735 1156 804 haic
1172 733 1308 828 quidem

262 841 383 912 fruitus
400 855 471 927 cst,
488 864 587 912 carne
602 839 702 934 ipsius
718 838 761 912 ad
776 839 1071 914 caloris-accessum
1086 842 1200 912 statim
1214 865 1309 914 cxso-

263 947 344 1018 lura.
363 952 407 1018 Et
420 948 474 1018 hic
486 947 621 1044 quidem
636 949 714 1021 vitae
730 973 863 1037 amans,
877 949 999 1022 frustrh
1014 947 1160 1022 admisso*
1169 951 1304 1040 scelere,

263 1053 405 1128 cecidit:
428 1057 486 1126 sed
507 1056 605 1127 lictor
627 1055 772 1128 ut'vidit
798 1080 876 1128 eum
902 1058 1110 1145 abscessisse,
1129 1072 1163 1128 et
1178 1057 1220 1128 ad
1234 1057 1309 1129 bal-

263 1187 364 1233 neum
378 1163 572 1250 accurrisse,
586 1179 690 1235 semet
704 1165 873 1234 substituit
890 1165 1047 1237 inlocum
1063 1167 1258 1253 desertoris,
1274 1161 1317 1238 et'

263 1271 465 1341 indumentis
479 1271 631 1366 abjectis,
649 1295 683 1340 se
698 1272 767 1364 ipse
789 1271 886 1340 nudis
908 1272 1101 1358 admiscuit,
1115 1271 1202 1342 idem
1215 1273 1308 1366 quod

193 1451 195 1458 ,
263 1377 367 1450 sancti
397 1377 542 1448 clamans
574 1407 582 1448 ε
617 1375 846 1450 Christianus
877 1403 967 1448 sum.
1001 1385 1111 1472 Atque
1136 1380 1334 1472 repentina·

262 1485 325 1555 haic
340 1485 523 1554 mutatione
537 1499 678 1554 astantes
690 1482 965 1578 obstupefaciens,
978 1499 1015 1554 ut
1027 1509 1204 1555 numerum
1220 1509 1308 1556 com·

262 1585 376 1684 plevit',
394 1592 439 1660 it'a
452 1590 583 1661 illorum
599 1591 641 1660 de
653 1589 800 1660 emollito
820 1589 990 1684 transfugi
1006 1615 1183 1662 moerorem
1199 1616 1309 1662 acces-

262 1701 353 1770 sione
364 1701 423 1772 suh
438 1698 610 1785 delinivit,
627 1699 773 1768 imitatus
788 1722 867 1783 cos,
894 1699 953 1792 qui
977 1699 1012 1768 in
1028 1700 1096 1770 acie
1112 1715 1305 1786 versantur,

263 1807 321 1900 qui
335 1830 403 1876 uno
416 1804 527 1900 aliquo
542 1806 578 1874 in
598 1806 704 1898 prima
720 1805 789 1875 acie
812 1804 950 1876 cadente
964 1857 974 1892 ,
988 1805 1160 1876 confestim
1176 1807 1308 1899 replent

155 1959 158 1968 -
263 1913 476 2007 phalangem,
506 1927 596 1982 utne
618 1914 705 1982 inter
719 1913 805 2006 ipsos
832 1911 986 1983 ordinum
1006 1913 1148 1984 densitas
1173 1913 1308 1985 defectu

179 2057 182 2060 ⁴
262 2019 349 2089 illius
368 2019 760 2112 interrumpatur.·Fecit
785 2019 885 2110 igitur
911 2019 1035 2111 etipse
1058 2019 1216 2111 quiddam
1239 2044 1308 2091 non

263 2127 429 2197 dissimile.
457 2128 550 2196 Vidit
574 2126 720 2197 coelestia
747 2126 926 2211 miracula,
955 2129 1090 2220 agnovit
1113 2130 1305 2216 veritatem,

263 2231 412 2326 confugit
429 2232 472 2303 ad
489 2234 685 2318 Dominum,
705 2248 938 2303 annumeratus
955 2247 1004 2303 est
1028 2235 1114 2304 inter
1131 2240 1304 2326 Martyres.

208 2351 217 2370 “
263 2340 504 2434 Discipulorum
514 2339 682 2428 renovarit
696 2338 793 2410 facta.
813 2341 903 2410 Abiit
916 2342 1041 2426 ludas,
1059 2357 1092 2412 et
1107 2342 1137 2411 ei
1151 2343 1310 2436 subroga-

262 2463 316 2517 tus
331 2462 379 2516 est
392 2447 547 2518 Matthias
559 2450 582 2514 ¹.
600 2447 749 2516 lmitator
760 2447 898 2516 effectus
913 2461 962 2516 est
978 2449 1090 2534 Pauli,
1106 2451 1177 2518 beri
1194 2473 1307 2548 perse-

263 2568 380 2640 cutor,
403 2551 503 2625 hodia
531 2551 700 2642 Evangelii
724 2558 868 2645 praecof.
887 2554 1012 2623 Habuit
1032 2569 1065 2623 et
1091 2555 1159 2648 ipse
1184 2579 1223 2626 cx
1248 2580 1308 2626 su·

263 2654 377 2754 pernis
400 2659 626 2746 vocationem,
649 2657 740 2732 Non
768 2655 818 2728 ab
843 2656 1066 2747 hominibus,
1093 2687 1209 2754 neque
1238 2687 1310 2755 per

238 2859 244 2864 ἱ
264 2763 476 2840 homz‘nem3.
488 2767 637 2839 Credidit
645 2767 678 2836 in
687 2767 821 2837 nomine
831 2767 961 2837 Domini
972 2769 1074 2838 nostri
1082 2771 1304 2841 resuctrisri:

183 2887 185 2894 ’
262 2877 445 2970 baptizatus
468 2866 517 2946 est
542 2877 578 2944 in
600 2876 731 2968 ipsum,
757 2897 825 2944 non
848 2874 883 2943 in
911 2875 1016 2967 aquai,
1034 2874 1093 2945 sed
1113 2876 1149 2945 in
1172 2878 1306 2970 proprio

256 2984 437 3076 sanguine.
891 3073 894 3079 Ι
1015 2972 1020 2994 ’
1329 3078 1331 3080 -

312 3085 777 3171 »lthdemi1mineuntedie,
795 3086 903 3155 adhirc
918 3089 1075 3182 spirantes
1098 3090 1166 3182 igni
1193 3088 1307 3160 traditi
1329 3081 1331 3084 ’

265 3209 362 3280 sunt,
386 3207 485 3288 atque
500 3190 647 3286 reliquiae
663 3191 747 3284 ignis
762 3191 797 3260 in
813 3193 953 3290 fluvium
969 3195 1124 3288 projectae
1139 3193 1253 3280 fuere,
1267 3208 1307 3264 ut

264 3303 438 3372 beatorum
457 3312 622 3369 certamen
637 3322 696 3394 per
716 3322 847 3368 omnem
860 3314 1043 3370 creaturam
1059 3303 1220 3372 transiret.
1238 3307 1306 3372 De·

264 3411 432 3483 certarunt
446 3408 481 3476 in
498 3421 603 3492 terra,
624 3405 831 3476 tolerantiam
847 3407 1063 3478 ostenddrunt
1076 3412 1111 3480 in
1124 3415 1198 3482 aire
1211 3462 1220 3496 ,
1234 3423 1306 3480 tra-

263 3520 325 3590 diti
348 3519 415 3610 igni
431 3531 529 3603 sunt‚
555 3539 639 3608 aqua
661 3515 748 3608 ipsos
769 3516 906 3608 excepit.
930 3513 1068 3585 Illorum
1083 3531 1205 3588 estvox
1219 3515 1304 3587 illa:

269 3625 516 3700 ttarzstnmas
535 3646 606 3716 per
635 3623 756 3718 ignem
771 3636 806 3691 et
821 3646 979 3716 aquam,
1001 3638 1036 3692 et
1061 3621 1221 3694 eduxisti
1237 3647 1308 3694 nos

264 3737 302 3804 in
333 3731 593 3830 refrigerium&
615 3731 658 3832 lli
679 3742 755 3798 suut
773 3730 831 3822 qui
852 3728 1018 3820 regionem
1043 3746 1190 3800 nostram
1214 3730 1308 3800 obti-

263 3854 400 3924 nentes,
416 3837 520 3909 veluti
531 3835 641 3932 densae
657 3835 809 3930 quaedam
822 3849 927 3910 turres
943 3837 1045 3930 ipsam
1059 3837 1211 3908 adversus
1226 3837 1309 3908 hos-

300 3974 374 4020 ¹hct.
389 3984 408 4032 r,
421 3967 463 4018 26.
481 3966 626 4031 ·-²ld.1x,
644 3978 684 4017 ao.
705 3990 735 4002 -
750 3963 826 4018 ³Gul.
840 3980 858 4028 t,
875 3981 896 4016 r.
912 3962 1036 4016 -trsat
1052 3983 1106 4034 axv,
1123 3979 1162 4018 ra.
