2982 4584
245 398 347 482 clius
368 434 416 479 vr.
441 429 484 478 uu
505 432 663 478 urauooo
678 431 714 476 rar
735 430 943 476 coucrorurus
957 425 1124 478 transm.
1155 414 1221 480 tro
1330 503 1336 512 .

179 535 339 621 convitia,
357 531 555 618 derisiones,
569 528 798 616 contumelias,
814 542 848 600 ta
862 528 1037 602 instituens
1053 530 1097 602 ad
1111 532 1222 603 omnia

145 689 148 693 r
180 642 310 714 fortiter
326 638 472 712 ferenda.
492 638 558 711 Sed
575 651 650 732 post
665 651 826 724 mortem,
840 639 1017 732 postqulm
1027 661 1147 732 corpus
1160 639 1223 710 de·-

180 765 334 845 posuerut
345 802 355 838 ,
366 748 452 821 illud
466 769 545 818 cum
559 747 682 840 majore
692 743 796 838 glorid
808 747 1002 838 resumpsit,
1019 757 1121 840 teque
1133 747 1224 819 bona

115 914 118 918 .
142 880 144 884 ·
180 881 238 952 spe
249 855 351 932 fulsit.
370 854 488 928 flaecci
503 852 868 940 confabulatorium
879 851 1008 946 plores,
1024 855 1097 926 haec
1112 854 1142 924 si
1154 875 1222 926 ore·
1267 882 1276 900 ‘

182 965 294 1038 dibilia
310 979 428 1058 putas,
446 985 488 1032 ne
503 959 703 1051 lacrymeris.
719 960 753 1032 Si
778 963 859 1033 verb
874 961 1025 1049 fleveris,
1051 962 1226 1057 qrromodb
1311 1039 1313 1046 ,

179 1073 304 1166 poteris
316 1056 503 1152 Gentilibus
519 1066 713 1161 persuadere
724 1082 758 1138 te
772 1067 850 1140 verb
864 1066 1022 1138 eraderet

228 1205 246 1243 o
262 1181 308 1248 tt
329 1175 390 1246 tibi
413 1174 523 1246 adbbo
545 1173 761 1246 intolerabilis
780 1197 875 1248 costas
897 1174 954 1246 ille
968 1175 1124 1248 videtur?
1138 1177 1231 1270 urge

184 1305 254 1354 non
268 1282 433 1374 lugendus
444 1282 521 1352 ideb
534 1281 591 1352 ille
603 1295 664 1369 est,
678 1281 738 1376 qui
748 1284 834 1354 blot
849 1281 1090 1354 calamitatibus
1100 1286 1170 1378 jlm
1182 1298 1232 1355 est

185 1391 291 1462 libert
318 1394 366 1463 Ne
381 1390 493 1484 itaqub
511 1390 573 1483 ipsi
596 1383 754 1462 invideas.
781 1392 866 1464 Nam
881 1390 944 1460 tibi
959 1392 1003 1462 ob
1018 1393 1234 1464 immaturum

87 1578 91 1584 Ι
186 1499 257 1591 ejus
272 1497 402 1568 obitum
414 1511 555 1570 mortem
571 1511 700 1591 optare,
717 1497 898 1591 lugereque
913 1497 991 1590 quia
1009 1499 1237 1586 convicitur

185 1605 263 1675 talia
284 1604 389 1674 multa
403 1606 567 1697 patiatur,
585 1604 689 1677 invidi
714 1605 804 1674 certe
818 1617 879 1674 est.
897 1602 973 1676 Noli
993 1607 1073 1697 ergd
1094 1607 1237 1696 cogitare

20 1719 24 1726 '
102 1769 105 1774 .
186 1712 295 1804 ipsum
310 1713 482 1805 nunquim
497 1711 637 1783 domum
653 1709 948 1799 esserediturum,
965 1710 1023 1782 sed
1038 1724 1073 1782 te
1083 1712 1177 1783 brevi
1192 1711 1237 1783 ad

184 1815 280 1890 illum
295 1843 364 1890 esse
379 1821 611 1911 migraturum.
635 1823 684 1892 Ne
705 1818 828 1911 cogites
850 1820 961 1912 ipsum
983 1843 1053 1890 nou
1064 1817 1155 1890 'dut
1169 1817 1238 1890 hire

186 1948 255 1996 esse
269 1939 471 2017 venturum,
487 1927 546 1998 sed
570 1927 678 2020 cogita
694 1929 766 1998 bae'e
787 1925 928 2000 visibilia
952 1949 1021 1999 nou
1041 1929 1088 1998 itt
1104 1941 1144 1999 ut
1158 1939 1237 1998 suut

186 2033 445 2120 mansura„sed
461 2033 725 2106 transtormanda
747 2057 828 2105 esse.
852 2036 939 2108 Nlm
957 2033 1104 2124 coelum,
1129 2049 1234 2125 terre,
1325 2034 1330 2070 ²

186 2155 326 2210 marcet
343 2141 455 2210 omnia
469 2155 752 2228 transmutantur,
777 2155 927 2238 tuncque
944 2143 1057 2214 omnia
1072 2165 1149 2214 oum
1164 2166 1238 2214 mu·

181 2247 254 2338 jore
269 2247 373 2346 gloriis
386 2249 524 2340 accipiet
538 2247 627 2318 filius
637 2262 726 2320 tuus.
739 2253 784 2318 Et
794 2249 957 2342 siquidem
967 2263 1121 2341 peccator
1135 2250 1230 2338 abiit,

175 2355 344 2448 ‘nequitiae
359 2378 482 2439 ,cursus
501 2356 703 2448 interceptus
719 2353 783 2425 fuit
797 2387 806 2445 3
824 2375 934 2447 neque
949 2356 1039 2424 enim
1054 2357 1081 2425 si
1096 2361 1232 2428 mutiu-

186 2460 268 2532 dum
283 2456 383 2531 illum'
394 2460 465 2532 lore
478 2466 564 2552 Deus
574 2461 789 2556 praevidisset,
802 2459 898 2532 illum
910 2461 987 2530 aute
1001 2463 1233 2554 poeniteutiam

187 2569 393 2662 abripuisset.
412 2571 445 2643 Si
456 2573 536 2643 verb
541 2572 652 2664 justus
662 2571 826 2657 discessit,
842 2569 880 2640 iu
890 2582 968 2668 tuto¹
976 2569 1065 2641 boua
1078 2595 1136 2642 sua
1152 2596 1231 2666 pos-

186 2671 283 2744 sidet.
298 2675 394 2744 Unde
407 2675 620 2744 manifestum
631 2691 681 2746 est
693 2677 856 2763 lacrymas
868 2690 942 2744 tuas
957 2699 1027 2746 nou
1041 2698 1110 2748 esse
1123 2679 1230 2770 lacry-

186 2805 258 2874 mas
271 2783 403 2868 amoris,
414 2781 472 2850 sed
487 2781 720 2852 irrationabilis
730 2781 880 2852 affectus.
895 2785 1017 2856 mesi
1032 2782 1230 2858 defunctum

187 2911 332 2976 amares,
349 2887 493 2980 gaudere
507 2901 673 2981 oporteret
688 2901 722 2958 et
732 2887 859 2974 luetati,
875 2887 968 2981 quod
983 2891 1231 2982 ipraeseutibus

186 2995 345 3065 fluctibus
361 2997 402 3065 sit
420 3008 563 3087 ereptus.
580 2994 670 3078 Quid
685 2994 775 3064 enim
791 2991 951 3086 amplius,
968 3017 1103 3090 quaeso,
1119 2997 1231 3070 videm
1290 3058 1293 3063 .

185 3105 257 3174 esti
272 3101 355 3196 quid
369 3101 540 3173 insolitum
553 3116 587 3172 et
605 3104 755 3174 novum?
770 3105 889 3174 Nonne
898 3102 1015 3174 eadem
1030 3103 1101 3196 ipsa
1116 3109 1230 3200 quoti·

186 3208 240 3280 dib
254 3209 378 3280 revolvi
393 3208 563 3280 videmus?
578 3211 672 3281 Diem
684 3233 750 3280 nox
759 3209 1047 3300 excipit,1‹uoctem
1058 3209 1145 3300 dies,
1163 3216 1233 3288 bie·

187 3339 277 3388 mem
291 3328 397 3401 ecstor,
411 3328 558 3390 aestatem
568 3315 690 3401 biems,
707 3328 742 3382 et
756 3313 840 3382 m'bil
851 3313 1002 3404 amplius.
1020 3320 1064 3386 Et
1075 3319 1147 3388 haec
1159 3324 1232 3415 qui.

188 3422 265 3492 dem
273 3445 401 3516 semper
409 3419 854 3511 eadem,malaverbsemper
862 3418 1141 3495 insolitaetnova.
1150 3430 1231 3499 Haeo
1298 3468 1301 3474 ·

188 3531 268 3602 verb
278 3531 410 3620 volebas
424 3529 520 3600 illum
529 3526 679 3623 quotidie
690 3527 823 3600 haurire
836 3539 871 3596 et
885 3527 939 3598 blo
953 3551 1106 3618 manere,
1122 3538 1232 3626 aegro.

190 3651 279 3724 tare,
292 3636 425 3730 lugere,
442 3637 559 3708 timere
569 3688 581 3722 ,
593 3650 753 3722 tremere,
763 3632 872 3704 etalia
883 3635 969 3704 mala
983 3637 1069 3728 pati,
1083 3637 1146 3710 alia
1162 3641 1235 3714 soo-

163 3789 171 3804 ·
191 3744 343 3814 midare‘l
357 3749 472 3839 Neque
488 3745 577 3815 enim
591 3742 701 3813 dicere
717 3744 802 3813 ausis
823 3742 966 3836 potuisse
989 3743 1084 3814 illum
1098 3738 1235 3842 longum

192 3853 257 3925 hoc
274 3851 409 3944 pelagus
424 3855 674 3948 uanjicieutem‚
685 3851 884 3926 moeroribus
894 3851 1238 3954 sollicitudinibusque
1335 3876 1342 3888 “

194 3979 337 4032 vacuum
353 3982 433 4030 esse.
443 3957 496 4030 Ad
509 3962 582 4032 boec
596 3955 765 4055 perpende
780 3969 814 4027 te
827 3957 1054 4048 congemuisse
1069 3959 1238 4040 immorta-
1282 3978 1287 3987 ·

1028 4065 1078 4130 33.
