2992 4590
293 465 355 526 118
438 474 617 526 introiret
639 476 666 524 s.
692 473 841 539 elerum,
866 473 946 550 olm·
965 478 1013 538 11,
1037 479 1122 526 ster.
1147 480 1172 526 ι.
1290 483 1295 502 ¹

154 657 160 664 ,
288 577 361 648 beri
380 597 441 669 par
463 587 523 646 est.
539 575 613 658 Qut
628 574 717 644 enim
731 573 793 666 ipsi
806 574 901 646 venis
917 573 1010 666 digni
1031 576 1162 662 essetis,
1182 575 1329 668 :iimpe-

289 696 397 756 rotore
412 681 578 775 propriam
594 679 747 772 injuriam
768 679 977 754 condonante
990 695 1024 752 et
1035 682 1151 770 oblito,
1172 705 1230 756 vos
1245 676 1330 758 nihil

215 858 219 862 ,
288 789 355 866 tale
374 789 470 882 pessi,
485 787 521 858 in
540 787 588 856 iri
603 785 768 860 obstinate
790 787 987 880 pergeretis?
1003 801 1061 860 aut
1082 787 1251 883 quomodo
1265 789 1330 865 hoe

287 895 477 990 spectaculo
495 892 604 966 soluto
621 906 823 980 recrementi
842 895 1153 982 mutuationes
1168 895 1330 988 precatio·
1383 917 1401 988 ᾖ

233 1051 236 1058 ·
287 1024 364 1076 nem
382 1001 474 1084 illem
489 1000 603 1072 dicetis
620 1051 630 1086 ‚
650 999 717 1094 qut
731 1022 847 1092 rogere
857 1000 1015 1093 Jubemur
1032 1030 1040 1072 z
1058 999 1211 1078 Dimitte
1226 1000 1331 1080 notis

286 1112 380 1182 sicut
395 1121 431 1180 et
445 1109 511 1180 n'os
521 1104 733 1180 dimittimus
744 1104 965 1183 debitoribus
979 1109 1143 1196 nostris¹‚
1157 1109 1183 1180 si
1198 1112 1218 1182 l
1233 1109 1331 1184 debi-

243 1281 246 1288 ,
286 1232 359 1290 tore
373 1230 482 1288 vestro
497 1239 614 1309 poenes
629 1215 782 1306 exigetis?
794 1215 925 1308 lnjuriis
938 1238 996 1288 vos
1011 1213 1096 1296 sorte
1106 1211 1234 1308 maguis
1248 1217 1331 1296 atie·

285 1326 331 1398 eit
345 1347 383 1396 ec
398 1321 629 1399 contumeliis?
643 1325 692 1396 Ne
706 1345 766 1394 nos
781 1321 916 1416 quidem
936 1321 1026 1398 istud
1046 1323 1172 1399 inficias
1190 1325 1329 1412 ibimur,
1417 1375 1421 1384 .

285 1431 345 1502 sed
363 1454 432 1503 non
452 1428 626 1504 tribunalis
641 1441 691 1500 est
705 1449 848 1522 premens
869 1442 1016 1524 tempus,
1032 1429 1090 1506 red
1103 1429 1332 1509 misericordie

218 1602 220 1606 .
284 1537 396 1632 potiris
413 1563 423 1606 :
439 1560 508 1608 non
523 1535 804 1629 repetundarum,
821 1534 879 1609 sed
898 1535 1081 1612 clementie
1101 1565 1109 1608 ι
1126 1560 1195 1613 oon
1210 1537 1332 1612 exomi-

285 1645 349 1730 nis‚
367 1642 426 1714 sed
440 1640 690 1719 condonationis
708 1669 716 1718 t
734 1664 803 1724 nou
817 1641 1050 1734 sulliagiorum
1061 1665 1099 1718 ac
1112 1642 1329 1728 calculorum,

285 1747 345 1820 sed
359 1747 573 1822 miserationis
589 1771 627 1821 ac
643 1748 765 1838 gratie.
783 1751 832 1828 Ne
846 1748 948 1840 igitur
962 1749 1036 1843 quis
1050 1749 1198 1824 vestitu
1214 1773 1332 1826 aceen-

285 1857 406 1943 datur,·
423 1876 506 1928 neve
517 1853 604 1946 segre
615 1853 716 1941 serat,
730 1851 788 1930 sed
805 1853 916 1948 potiris
930 1857 1136 1932 mitissimum
1149 1862 1257 1934 Deum
1269 1856 1330 1932 de·

286 1983 470 2057 precemur,
489 1976 528 2034 ut
540 1985 598 2035 reo
609 1963 710 2042 vitam
723 1977 891 2056 proroget,
904 1987 1049 2060 eumque
1063 1989 1103 2037 ex
1116 1965 1331 2062 impendente

278 2068 377 2144 -caede
401 2068 533 2161 eripiat,
556 2081 595 2142 ut
611 2068 680 2160 ipse
700 2082 806 2147 errata
829 2093 888 2144 sua
911 2069 1053 2162 corrigat
1074 2099 1082 2146 r
1106 2085 1140 2144 et
1157 2074 1330 2148 ‘communi

286 2175 386 2270 opert
415 2173 661 2268 interpellemus
689 2174 979 2260 clementissimum
1013 2177 1244 2272 imperatorem
1270 2203 1331 2284 pro

285 2283 434 2357 Ecclesit
459 2297 493 2357 et
517 2280 626 2368 altari,
653 2305 757 2354 unum
783 2283 952 2357 hominem
972 2299 1186 2365 sacrosanctae
1208 2303 1333 2368 meosae

286 2389 404 2460 donari
419 2387 638 2466 obsecrantes.
659 2389 758 2474 Quod
772 2390 799 2462 si
815 2387 989 2466 fecerimus
1004 2404 1038 2464 et
1052 2392 1242 2486 imperatori
1254 2413 1332 2486 gra·
1366 2409 1369 2414 '

287 2511 361 2568 tum
375 2497 546 2582 faciemus,
564 2509 598 2564 et
612 2500 700 2568 Deus
714 2496 806 2597 priris
820 2499 920 2590 quim
931 2498 1108 2592 imperator
1119 2497 1246 2577 factum
1259 2521 1333 2586 nos·

287 2618 379 2676 trum
396 2601 614 2705 approbabit,
639 2623 859 2697 magnamque
883 2604 978 2678 uobis
996 2607 1095 2701 hujus
1118 2607 1333 2693 humanitatis

285 2709 474 2784 mercedem
488 2708 660 2780 retribuet.
677 2709 769 2782 Sicut
780 2711 867 2784 enim
883 2710 1051 2786 crudelem
1063 2727 1098 2785 et
1111 2714 1332 2792 inhumanum

287 2830 455 2890 aversatur
470 2829 504 2886 et
519 2813 613 2914 odim
631 2815 677 2885 itt
692 2816 935 2920 misericordem
946 2831 980 2890 et
993 2819 1177 2896 humanum
1190 2822 1333 2916 ampleo

288 2926 370 2999 titur
389 2938 423 2996 et
446 2937 556 2998 amet:
574 2923 752 3017 eiquesive
767 2925 876 3021 justus
890 2925 952 3017 sit,
967 2926 1202 3022 splendidiores
1217 2930 1334 3022 plectit

287 3053 446 3104 coronas:
464 3029 530 3100 sive
539 3043 703 3122 peccator,
719 3045 853 3124 peccato
868 3034 1143 3130 sucessimus,
1157 3039 1333 3118 commite-

288 3137 424 3216 remonis
444 3137 521 3228 ergt
541 3159 736 3218 conservum
754 3139 911 3222 talionem
932 3134 980 3214 illi
1003 3142 1197 3224 retribuent.
1215 3143 1333 3228 Moe

288 3243 489 3320 ricordium
510 3242 613 3333 eolo,
638 3247 764 3340 iuquit,
782 3261 818 3320 et
831 3271 909 3327 uon
924 3249 1177 3346 sacrficium&
1205 3256 1251 3325 Et
1273 3275 1333 3346 per

289 3353 475 3430 universam
496 3352 698 3446 scripturam
712 3353 900 3438 vitesiam
916 3379 1046 3450 semper
1059 3359 1123 3438 hoe
1145 3361 1329 3462 requirere.

282 3474 390 3556 etque
398 3461 485 3534 hooc
498 3481 567 3534 esse
578 3458 688 3538 dicere
704 3475 915 3553 peccatorum
930 3462 1103 3546 outcom-
1117 3465 1260 3551 Proiodt
1272 3490 1333 3548 nos

288 3566 425 3662 quoque
445 3565 592 3644 adhunc
611 3567 750 3647 modum
764 3567 859 3645 illum
875 3571 1055 3663 propitium
1072 3570 1269 3664 reddemus,
1287 3574 1333 3654 sic

289 3689 425 3769 peecata
439 3688 550 3754 nostre
568 3675 783 3765 redimemusr
799 3677 845 3752 sio
862 3678 1042 3754 Ecclesiam
1061 3682 1271 3773 omebimus5
1286 3682 1333 3760 sic

289 3797 324 3862 et
339 3785 517 3878 imperator
535 3781 825 3870 clementissimus,
841 3799 880 3866 ut
898 3785 984 3872 dixi,
1002 3811 1061 3864 nos
1075 3787 1225 3868 laudabit
1247 3819 1256 3868 t
1282 3791 1328 3868 ill

290 3890 349 3962 fiet
367 3903 407 3962 ut
422 3889 593 3969 ursiversus
614 3889 756 3983 populor
777 3891 872 3973 nobis
893 3892 1088 3986 applaudat,
1109 3908 1143 3976 et
1161 3897 1267 3990 risque
1287 3896 1330 3968 ed

328 4019 337 4048 ¹
353 4015 439 4072 llattlr.
453 4033 489 4084 rr,
503 4017 544 4072 m.
557 4041 589 4058 -
605 4017 690 4080 'osee
698 4033 734 4084 rr,
749 4017 794 4072 oo.
