2996 4598
91 4003 94 4006 ’
165 4033 168 4038 -
218 4007 262 4059 62.
278 4029 310 4043 -
323 4001 334 4042 ³
349 3991 483 4054 Bahamon.

231 431 263 500 d⁴
387 449 615 496 austoricus.
642 448 796 527 strupra,
821 449 898 502 raas
920 455 968 514 11,
992 455 1076 498 seor.
1102 457 1126 497 1.

228 561 376 640 ternpore
391 547 548 636 residere,
566 546 675 640 (forte
691 549 781 618 enirn
798 550 908 621 evenit
922 552 1113 644 episcopum
1123 551 1188 622 loci
1203 575 1273 622 non

228 677 297 724 esse
313 655 383 724 t¹am
399 655 612 743 instructum,
631 679 740 750 neque
754 658 824 726 tam
849 657 1005 728 doctum:
1019 661 1034 749 )
1049 659 1075 727 is
1096 659 1155 753 qui
1170 657 1273 731 adve-

227 763 295 850 nit,
314 785 383 834 non
398 763 533 858 incipiat
557 779 768 835 contemnere
794 788 887 853 eum,
902 780 936 836 et
958 755 1149 860 frequenter
1165 763 1274 838 facere

226 892 427 958 sermonem,
445 884 485 942 ut
504 870 699 942 dehonestet
710 884 744 940 et
757 871 902 942 infirmet
916 871 1005 942 illius
1020 896 1215 966 personam,
1230 898 1273 945 ne

219 1000 266 1046 ex
289 977 352 1048 hdo
368 977 538 1048 occasione
556 1000 626 1047 non
647 976 779 1046 dubitet
794 977 981 1072 relinquere
999 979 1195 1072 assignatam
1210 981 1272 1052 sihi

224 1084 406 1155 Ecclesiam
418 1098 451 1155 et
463 1084 601 1154 transire
615 1081 658 1155 ad
672 1084 874 1156 alienant»
1003 1077 1005 1080 ’
1270 1145 1274 1151 .

269 1195 333 1260 ΙΙΙ.
344 1191 500 1274 Quamvis
511 1204 624 1261 autern
638 1214 707 1262 non
719 1189 833 1262 liceret
841 1181 1021 1284 peregrinio
1032 1195 1191 1288 episeopis
1211 1219 1272 1288 pu·

225 1295 328 1367 blieos
340 1295 375 1366 in
386 1295 495 1366 alieni
507 1294 643 1368 dioecesi
658 1319 823 1369 sermones
837 1297 972 1385 habere,
986 1299 1050 1370 hoc
1065 1301 1272 1372 consuetudi-

225 1404 277 1475 nis
292 1418 362 1475 erat
376 1407 396 1474 ὲ
409 1405 523 1498 priscis
547 1402 769 1498 temporibus,
796 1418 835 1475 ut
856 1404 1025 1476 venientes
1052 1407 1095 1476 ab
1118 1410 1272 1478 extraneat

224 1511 358 1603 regione
367 1525 512 1606 pastores
522 1511 565 1582 ad
578 1511 844 1583 concionandum
852 1511 1073 1600 invitarentur
1081 1512 1123 1582 ab
1139 1515 1209 1608 ejus
1225 1513 1273 1584 ci·

225 1617 335 1689 vitatis
347 1616 500 1713 adquam
515 1619 724 1690 divertissent
739 1618 902 1711 episcopo.
924 1618 977 1689 Sic
992 1619 1079 1688 enim
1095 1619 1185 1712 apud
1197 1643 1274 1691 auo-

225 1739 331 1819 torem
354 1725 638 1797 Constitutionum
654 1725 907 1819 apostolicarum
922 1724 1068 1816 legitur:
1094 1754 1109 1790 «
1129 1727 1272 1818 Rogabis

223 1855 318 1919 eum,
335 1833 356 1902 ὂ
371 1832 522 1925 episcope
544 1833 689 1925 (nempe
704 1828 960 1926 peregrinum),
979 1847 1017 1902 ut
1032 1856 1197 1904 sermones
1212 1835 1273 1904 ha-

223 1942 303 2012 heat
318 1941 361 2014 ad
375 1941 554 2036 populum,
573 1941 616 2010 ad
633 1939 819 2011 docendum
831 1940 1113 2032 accommodatos,
1126 1943 1271 2035 peregri-

222 2070 343 2120 norum
361 2050 450 2118 enim
461 2047 648 2119 adhortatio
663 2061 697 2116 et
711 2046 893 2117 admonitio
907 2046 1005 2118 valde
1020 2063 1154 2142 accepta
1170 2063 1271 2142 atque

206 2160 207 2164 ’
222 2157 436 2226 vehementer
450 2154 539 2226 utilis
553 2178 622 2226 esse
637 2155 835 2226 consuevit:
848 2153 972 2230 Nemo
982 2157 1077 2226 enim
1087 2156 1277 2252 propheto

223 2279 395 2357 acceptus
410 2264 449 2334 in
461 2257 591 2357 putria*
605 2265 730 2334 sueth»
742 2267 893 2335 —Hunc
910 2266 1025 2358 utique
1034 2289 1160 2336 morem
1172 2265 1271 2336 fuisse

208 2397 291 2444 *non
313 2371 414 2443 semel
438 2385 635 2465 usurpatum
657 2374 677 2441 h
701 2371 894 2442 beatissimis
917 2372 993 2441 viris
1019 2373 1176 2462 Gregorio
1201 2376 1270 2444 Na-

220 2481 376 2552 zianzeno
392 2493 425 2549 et
437 2483 565 2549 Joanne
582 2477 838 2571 metropolitano
854 2476 998 2568 Ephesi,
1016 2475 1118 2547 tradit
1140 2478 1269 2548 disertis

218 2587 523 2660 ¹verbisBalsamon:
537 2581 839 2677 «Magnus,inquit,
849 2583 884 2652 in
898 2581 1065 2675 theologia
1076 2585 1266 2676 Gregorius,

220 2720 298 2768 cum
323 2696 526 2767 Sasimorum
540 2707 624 2764 esset
646 2693 817 2788 episcopus
830 2743 852 2779 ,.
868 2689 991 2762 multos
1009 2714 1175 2762 sermones
1189 2692 1270 2784 legit

191 2821 195 2828 “
222 2804 391 2892 Nazianzi,
413 2827 490 2874 cunr
516 2816 610 2896 pater
631 2801 700 2894 ejus
723 2800 759 2868 in
773 2799 812 2868 eat
831 2797 962 2868 civitate
977 2797 1149 2891 episcopus
1164 2813 1265 2886 esset,

222 2929 256 2986 et
269 2915 334 2985 hoc
354 2914 539 2985 ostenditur
561 2935 601 2980 ex
624 2909 787 2994 oratione,
807 2930 883 3000 quae
906 2906 952 2975 sic
969 2905 1091 2976 hahet:
1116 2901 1188 2988 [Cur
1202 2907 1269 2978 sol-

218 3021 293 3094 vitis
318 3021 468 3090 ordinem
497 3014 723 3086 laudabilem?
745 3014 846 3082 Porro
862 3025 896 3082 et
930 3011 1185 3103 sapientissimus
1209 3012 1267 3082 ille

174 3178 180 3194 .
218 3127 341 3222 Ephesi
365 3122 637 3217 metropolitanus
660 3121 802 3191 domnus
828 3123 992 3199 Joannes,
1009 3121 1068 3216 qui
1083 3121 1185 3191 instar
1200 3121 1266 3190 flu·

220 3237 266 3307 vii
290 3233 506 3328 philosophiae
540 3231 666 3300 fluenta
692 3226 838 3314 effudit,
866 3240 899 3295 et
917 3241 1057 3315 κολπωτὸς,
1083 3225 1120 3296 id
1134 3241 1203 3313 est,
1221 3228 1266 3296 si-

216 3365 340 3414 nuosus
361 3339 468 3409 dictus
480 3351 548 3424 est,
567 3338 603 3406 in
618 3341 692 3405 eam
716 3333 887 3425 regionem
901 3335 1059 3420 veniens,
1079 3333 1265 3428 quasillum

214 3457 289 3518 erat
318 3446 456 3533 sortita,
481 3467 559 3514 cum
588 3441 782 3514 auctoritate
803 3438 892 3509 illius
919 3440 1060 3531 regionis
1080 3440 1266 3509 antistitum

217 3556 352 3652 publice
363 3554 476 3624 docuit
489 3556 513 3622 ³.
528 3580 544 3618 a
564 3593 606 3604 -
620 3549 714 3620 Idem
729 3564 877 3642 tempore
903 3547 1007 3620 sancti
1039 3547 1266 3636 chrysostomi

154 3676 160 3679 ’
217 3665 336 3756 saepiirs
350 3661 536 3732 factitatum
550 3683 622 3748 non
642 3656 744 3728 semel
762 3669 925 3726 testantur
939 3653 1093 3724 facundae
1112 3656 1267 3748 ejus'Ho-

217 3771 337 3858 miliae,
362 3771 398 3840 in
413 3789 555 3863 quarum
569 3765 663 3836 initio
688 3763 813 3834 mentio
835 3763 874 3832 fit
888 3759 1068 3832 venerandi
1092 3761 1266 3856 cujusdam

257 3929 266 3957 ¹
293 3891 382 3986 synod,
397 3915 489 3968 Sardic.
503 3918 562 3968 Can.
584 3930 625 3967 ιι.
643 3937 677 3950 -
697 3913 830 3976 ²huo.1r,
848 3909 889 3977 24.
905 3895 1184 3982 Const.apost.1ib.rr,
1209 3925 1264 3975 cap.
