2992 4590
216 369 219 380 '
250 386 352 436 11111
375 393 421 437 vr.
447 393 489 436 1111
504 393 662 439 morrono
685 393 720 438 111
743 391 950 438 cortororrmua
966 385 1132 434 1111111111.
1157 373 1246 452 195,

182 486 284 576 illam,
302 513 380 575 nec,
397 489 521 562 etiamsi
537 489 673 584 quidam
692 490 809 582 majori
823 492 923 583 quam
939 503 978 558 111
994 485 1107 560 surore
1124 503 1225 583 atque

182 595 307 664 insanit
329 597 511 689 praecipites
541 595 712 680 serantur,
738 597 839 664 finem
866 595 1076 682 habituram,
1108 596 1225 669 verton

182 701 285 792 magis
298 725 426 794 semper
441 725 479 800 11
494 703 596 793 magis
612 724 878 793 progressuram,
893 699 1055 794 altibsque
1068 725 1226 776 assurrec-

182 819 313 896 turam,
330 808 431 884 fidem
443 808 531 878 enim
546 807 654 881 habeo
673 821 707 878 et
722 807 759 878 iis
774 831 850 900 quaa
866 805 1022 900 praedicta
1038 823 1126 894 sunt,
1143 823 1177 883 et
1188 807 1226 880 iis

179 937 258 1006 quae
269 914 451 1004 cernimus,
465 937 566 1007 quam
581 927 620 984 ut
635 918 722 984 Deus
737 913 881 998 creavit,
902 926 937 982 11
954 926 992 982 ut
1005 913 1106 984 homo
1118 914 1227 984 haere-

179 1018 285 1088 ditate
309 1033 506 1100 consecutus
528 1033 599 1108 est,
622 1042 723 1124 quam
743 1018 796 1088 lex
819 1016 1050 1103 adumbravit,
1068 1032 1103 1088 et
1118 1018 1228 1110 ¹gratia

178 1124 346 1217 explevit,
368 1139 402 1192 et
425 1125 574 1196 Christus
598 1123 779 1214 dedicavit,
806 1147 908 1216 quam
935 1125 1107 1215 Prophetae
1127 1147 1229 1216 coag-
1317 1127 1322 1137 '

181 1234 391 1316 mentbrunt,
408 1244 443 1299 et
459 1229 607 1323 Apostoli
621 1232 714 1324 quasi
723 1229 863 1302 vinculis
884 1231 1170 1320 constrinxerunt,
1193 1245 1228 1308 et

181 1323 403 1428 ‚Evangeli'stae
415 1336 558 1420 numeris
571 1337 724 1411 omnibus
736 1335 975 1410 absolverunt?

230 1447 367 1515 »Tu-ne
382 1443 534 1512 adversim
546 1443 666 1514 Christi
677 1443 872 1514 sacrificium
892 1465 967 1515 cum
989 1443 1054 1514 tuis
1070 1442 1228 1536 piaculis?

183 1563 278 1622 tune
293 1549 445 1624 adversus
466 1574 542 1622 eum
557 1574 722 1636 cruorem,
737 1575 806 1643 quo
820 1548 967 1628 mundus
982 1564 1140 1642 purgatus
1156 1566 1225 1640 est,

180 1680 259 1730 cum
276 1657 339 1728 tuis
355 1658 546 1733 cruoribus?
561 1673 659 1740 tu-ne
675 1658 801 1731 beilum
820 1657 974 1734 adversim
989 1662 1124 1750 pacem?
1134 1675 1228 1730 111-11

177 1780 316 1840 manum
333 1763 488 1835 1111111113
500 1787 584 1850 earn,
598 1789 688 1858 quae,
700 1780 734 1834 11
743 1789 804 1858 pro
815 1777 861 1852 te,
872 1780 907 1834 et
921 1779 1056 1858 propter
1068 1779 1113 1852 te,
1127 1765 1227 1838 clavis

177 1871 335 1950 transfixa
350 1875 417 1942 est?
429 1886 523 1942 tune
540 1871 695 1947 adversirs
712 1873 771 1959 fel,
794 1887 929 1964 gustum
944 1876 1060 1962 tuum?
1075 1873 1229 1946 adversus

177 2001 338 2065 crucem,
361 1980 570 2071 trophaeum?
594 1978 748 2052 adversus
767 1994 928 2069 mortem,
952 1979 1228 2052 dissolutionem?

179 2085 336 2155 adversis-s
354 2087 640 2173 resurrectionem,
654 2087 926 2162 insurrectionem
942 2100 976 2156 et
990 2086 1228 2160 rebellionem?

180 2190 336 2264 adversus
352 2207 548 2282 martyrem,
570 2217 613 2265 ne
627 2207 786 2282 martyres
801 2193 956 2287 quidem?
972 2207 1046 2284 post
1062 2192 1234 2300 Herodem

179 2310 383 2390 persecutor,
397 2313 431 2369 et
445 2312 520 2391 post
535 2302 554 2367 J
556 2297 656 2374 udam
668 2299 833 2390 proditor,
850 2299 912 2376 nisi
926 2297 1016 2392 qubd
1026 2299 1094 2368 rion
1106 2297 1235 2392 laqueo*

178 2418 218 2475 ut
229 2403 286 2475 ifle
301 2404 492 2496 poenitentis
505 2405 605 2506 animi
616 2403 887 2496 significationem
898 2403 1036 2498 dedisti,
1049 2419 1124 2498 post
1140 2405 1228 2478 Pila·

173 2524 253 2588 tum
265 2510 479 2596 Christicida,
497 2525 571 2602 post
583 2511 716 2596 Juoaeos
733 2513 792 2586 Dei
804 2512 918 2602 hostis.

226 2613 517 2702 »Non'victimas
542 2642 603 2710 pro
634 2619 766 2692 Christo
801 2644 899 2692 caesas
930 2619 1053 2690 veritus
1083 2622 1224 2692 estnec
1274 2651 1278 2660 r

177 2745 317 2814 magnos
329 2723 457 2814 pugiles
465 2723 654 2812 extimuisti,
665 2729 828 2796 Joanuem
839 2725 946 2810 illum,
966 2731 1117 2812 Petrum,
1137 2732 1225 2796 Pau-

178 2827 269 2914 lum,
296 2831 476 2916 Jacobum,
503 2831 725 2922 Stephanum,
747 2835 892 2918 Lucam,
922 2829 1108 2916 Andream,
1137 2834 1226 2902 The-

177 2935 277 3022 clam,
293 2960 361 3023 eos,
379 2937 449 3030 qui,
471 2951 545 3029 post
561 2936 651 3024 illos,
662 2951 699 3008 et
713 2938 791 3010 ante
806 2936 891 3020 iilos,
909 2959 969 3028 pro
984 2937 1121 3008 veritate
1136 2940 1225 3030 peri·

148 3087 151 3090 -
178 3041 261 3112 culis
279 3065 313 3116 se
327 3043 545 3138 objecerunt?
556 3043 617 3137 qui
630 3068 709 3116 cum
724 3043 793 3138 igni
812 3057 845 3112 et
859 3041 966 3128 serro,
985 3055 1018 3112 et
1034 3039 1172 3130 belluis,
1193 3057 1227 3117 et

177 3149 346 3239 tyrannis,
361 3163 395 3219 et
409 3150 625 3241 praesentibus
638 3149 748 3235 malis,
760 3163 795 3222 11
806 3148 1022 3236 denuntiatis,
1037 3145 1135 3223 alacri
1151 3149 1224 3220 ani,-

177 3278 251 3342 mo,
270 3254 363 3329 velut
378 3255 414 3328 in
428 3255 541 3332 alienis
555 3255 765 3348 corporibus,
780 3255 847 3325 imo
859 3255 953 3354 quasi
972 3279 1148 3348 corporum
1165 3280 1222 3326 ex-

101 3395 103 3401 ·
177 3377 303 3456 penes,
323 3363 540 3437 dimictruntt
551 3385 611 3434 cur
626 3363 693 3434 ita?
707 3385 751 3436 ue
767 3361 923 3454 pietatem
939 3359 993 3430 vel
1005 3360 1107 3430 verbo
1128 3363 1224 3433 tenus

177 3471 368 3563 proderent.
393 3470 520 3554 Quibus
546 3468 694 3560 praeclari
717 3469 858 3537 honores
883 3479 916 3536 et
939 3465 1023 3534 festa
1044 3467 1224 3558 ponstituta

177 3591 257 3647 sunt
276 3579 316 3646 :a
338 3569 458 3668 quibus
474 3575 639 3644 dremones
658 3572 906 3668 propelluntur,
925 3585 957 3639 et
973 3573 1082 3640 morbi
1101 3596 1223 3642 curan·

180 3696 255 3774 tur,
276 3706 418 3776 quorum
440 3680 657 3774 apparitiones
678 3693 711 3748 et
730 3679 981 3774 praedictiones,
1007 3701 1150 3776 quorum
1170 3680 1224 3750 vel

179 3791 247 3860 sola
262 3813 398 3882 corpora
412 3787 500 3858 idem
515 3800 652 3880 possunt
666 3786 758 3882 quod
770 3788 887 3860 animae
903 3799 1039 3872 sanctae,
1062 3785 1129 3856 sivo
1145 3799 1221 3860 tan-

181 3907 326 3986 gantur,
356 3893 423 3966 1111
449 3893 677 3966 honorentur:
699 3915 844 3988 quorum
872 3889 926 3963 vel
952 3889 1031 3962 solae
1054 3893 1220 3986 sanguinis

725 4015 731 4036 ¹
1048 3999 1097 4062 ta.
