2992 4590
195 433 300 481 carun
313 435 362 483 vr,
377 435 419 482 oz
441 435 598 482 nuuouo
620 439 657 483 ιι
678 437 885 484 ωιοιοιιπι
906 435 1072 484 tumim.
1101 423 1165 485 199

176 559 193 598 s
218 529 298 604 nec
314 548 352 603 tu
366 533 488 605 seilicet
502 534 695 605 Christianis
716 535 761 622 ob
777 535 915 606 salutem
929 557 988 628 per
1007 557 1062 606 eos
1080 535 1166 606 male

130 655 297 732 acceptam
315 641 449 734 praemia
470 639 630 709 retulisti?
645 641 718 709 baec
735 655 773 709 tu
795 641 935 710 Domino
949 646 1018 711 Deo
1041 657 1103 712 tuo
1115 665 1168 712 re—

129 742 288 839 pendistii
302 770 341 817 ae
349 747 439 841 priris
450 745 599 840 qnidam,
612 746 690 815 cum
699 751 787 815 Deus
798 735 890 816 suam
901 768 961 838 pro
976 748 1071 817 nobis
1085 749 1168 820 iram

129 850 237 922 adbuc
251 854 426 923 sustineret
447 855 546 945 atque
568 851 736 938 differret,
754 851 898 922 neodbm
917 851 1025 921 zelum
1036 875 1168 925 omnem

127 980 223 1027 suum
238 959 482 1044 inflammdsset‚
500 981 617 1028 verum
628 957 801 1026 sublimem
813 956 923 1028 adbiic
940 956 1097 1028 adversim
1105 960 1170 1031 im·

127 1065 198 1156 pios
212 1084 350 1136 manum
364 1067 526 1149 haberet,
544 1079 644 1157 atque
666 1085 796 1148 arcum,
813 1064 942 1133 tametsi
961 1065 1031 1157 jam
1049 1059 1173 1136 addus

126 1173 198 1239 tum
214 1185 247 1240 et
270 1184 424 1263 paratum
438 1219 449 1256 ,
465 1171 605 1263 pervim
620 1170 790 1255 retineret,
808 1169 1033 1262 tantisperque
1051 1190 1171 1263 expes·

126 1290 227 1362 taret,
254 1277 338 1346 dirm
356 1289 426 1346 totu
445 1274 532 1348 illius
550 1275 763 1369 improbitas,
787 1276 880 1369 quasi
900 1276 1116 1368 suppunidus
1137 1292 1171 1348 et

124 1383 292 1474 malignus
321 1383 455 1477 quidam
487 1385 641 1472 morbus,
670 1382 847 1477 erupisset,
873 1385 930 1454 bie
951 1384 1039 1456 enim
1067 1383 1171 1459 divini

122 1489 242 1583 judicii
267 1511 339 1559 mos
359 1503 480 1575 est,ut
504 1489 559 1561 rel
580 1513 640 1583 per
671 1491 902 1584 poenitentiam
923 1489 1064 1562 salutem
1091 1492 1168 1562 affe

124 1609 194 1680 rat,
218 1596 270 1665 vel
280 1596 411 1689 -justiori
426 1596 524 1666 titulo
538 1598 679 1689 puniat,
694 1597 767 1666 uim
782 1619 843 1666 nos
858 1618 913 1683 ea,
930 1617 1006 1690 quae
1030 1597 1168 1692 fiebant,

122 1703 212 1796 aegre
230 1717 264 1772 et
281 1705 397 1774 acerbe
412 1705 576 1788 ferentes,
593 1719 694 1798 atquc
716 1702 759 1774 ad
773 1703 925 1774 futurum
946 1705 1062 1774 animis
1077 1703 1171 1776 fatis·

122 1823 252 1908 centes,
279 1813 295 1882 i
302 1829 364 1880 nec
383 1811 471 1881 enim
491 1812 592 1903 ipsius
607 1811 844 1900 benignitatem
863 1810 930 1880 suis
946 1810 1171 1882 absconditam

123 1913 358 2007 ferebamus3)
377 1919 436 1986 bas
452 1919 494 1986 ad
516 1941 593 1987 eum
615 1937 711 1988 voces
732 1917 979 2003 emittebamus,
995 1919 1116 2009 partim
1131 1933 1170 1990 ut

122 2025 303 2093 Dominum
323 2025 531 2112 invocantes,
544 2024 664 2116 partim
684 2039 723 2094 ut
734 2022 824 2117 apud
841 2024 1023 2115 benignum
1038 2039 1072 2094 et
1087 2025 1169 2096 faoi-

122 2130 189 2200 lem
204 2131 608 2225 patiemeonquerentes,
625 2133 746 2225 partim
757 2132 850 2203 velut
864 2132 1116 2224 exprobrantes,
1134 2147 1169 2205 et
1248 2199 1251 2207 .

122 2257 200 2308 cnm
213 2231 532 2330 eo'expostulautes,
546 2252 586 2308 ut
599 2237 707 2308 solent
721 2239 826 2332 quiin
841 2238 955 2308 dolore
967 2254 1139 2310 versantur
1155 2270 1164 2310 a

129 2343 180 2414 [It
198 2341 307 2434 quid,
325 2343 446 2432 Deus,
467 2342 631 2437 repulisti
648 2347 686 2414 in
695 2338 843 2438 finem?
859 2347 975 2415 tintus
992 2345 1170 2440 cstfltmr

123 2463 206 2520 tuus
220 2475 331 2544 super
344 2471 427 2523 oues
438 2471 589 2543 pascuae
604 2445 704 2521 tuoe?
722 2465 952 2522 memoresto
967 2474 1168 2549 congrega·

124 2561 232 2630 tionis
249 2573 338 2643 tuce,
362 2583 474 2651 quom
491 2555 686 2652 possedisti
700 2559 749 2629 ab
766 2560 869 2631 initio
885 2563 915 2648 ¹,
932 2583 1032 2655 quam
1047 2562 1167 2654 unige-

122 2668 184 2737 niti
206 2669 308 2738 Verbi
329 2669 379 2737 tni
394 2667 599 2760 passionibus
620 2667 682 2736 tibi
697 2670 911 2760 comperisti,
933 2691 1034 2761 quam
1048 2692 1169 2760 magno

122 2787 182 2845 tuo
197 2773 327 2847 foedere
346 2772 500 2864 dignatus
513 2795 566 2858 es,
589 2779 691 2865 quam
710 2795 771 2864 per
784 2793 909 2844 novum
923 2775 1117 2862 mysterium
1134 2791 1168 2847 et

124 2881 263 2976 Spirittis
285 2880 417 2950 arrham
444 2881 479 2949 in
495 2878 620 2950 coelum
646 2879 781 2949 traxisti.
812 2884 887 2950 Et:
915 2878 1014 2951 Leto
1036 2905 1168 2954 manus

122 2993 206 3059 tuus
221 2992 260 3059 in
274 2986 464 3082 superbias
476 3008 599 3058 eorum
614 2988 775 3082 infinem
781 3042 794 3075 ,
818 2988 854 3058 in
865 2988 1057 3059 memoriam
1072 2997 1168 3060 revo-

122 3112 254 3182 cantes,
289 3097 441 3195 Quanta
466 3110 584 3166 essent
603 3093 801 3191 malignati
825 3093 998 3167 adversus
1018 3111 1166 3170 sanctos

123 3217 202 3276 tuos
218 3203 367 3291 inimici,
378 3217 414 3273 et
430 3201 603 3274 aduersus
614 3200 860 3273 solemnitates
876 3217 958 3273 tuas
967 3202 1122 3300 gloriati
1130 3212 1163 3299 ²3

124 3311 272 3404 gladium
288 3312 399 3396 etiam,
423 3323 458 3378 et
480 3310 676 3401 aegyptiacas
692 3308 804 3402 plagas
817 3299 1077 3402 prouocabamus
1089 3366 1098 3397 ,
1112 3329 1165 3384 at-

123 3437 189 3512 que
198 3433 239 3488 ut
250 3433 381 3488 caueam
393 3439 486 3487 suam
499 3417 568 3508 ipse
577 3415 756 3509 judicaret,
771 3416 971 3510 tandemque
986 3417 1165 3510 abquandd

124 3525 278 3596 adversus
295 3525 415 3616 impios
429 3532 615 3614 exurgeret,
630 3523 825 3613 rogabamus
843 3551 850 3592 :
871 3521 1074 3615 Usquequd,
1087 3524 1167 3596 Do·

124 3632 240 3717 mine,
263 3630 426 3715 dicentes,
440 3685 443 3692 .
456 3628 638 3719 usquequo
658 3642 871 3721 peccatores
889 3627 1164 3723 gloriabuntur,

121 3735 364 3831 populumque
373 3751 472 3805 tuum
482 3733 736 3824 humiliabunt,
746 3750 781 3806 et
788 3735 1039 3806 haereditatem
1049 3751 1161 3810 tuam.

126 3841 333 3930 necabunt,
364 3841 659 3931 iniquitatemque
694 3856 729 3911 et
757 3840 947 3934 loquentur
976 3857 1011 3912 et
1032 3867 1162 3936 perpe-

163 3972 247 4024 renat.
261 3988 344 4037 uxxrn,
362 3985 386 4035 ι,
399 3983 424 4022 a.
437 3995 469 4007 ·-
482 3968 604 4036 ¹·1t›i‹1.3,
616 3968 642 4036 4.
1035 3961 1042 3970 ’
