2930 4582
735 188 744 220 l

222 431 324 478 oraur
346 403 460 480 uranu
475 433 632 480 nnnaooo
646 432 683 477 m
704 431 913 478 concremans
935 424 1102 476 nummu.
1127 412 1210 476 265·

143 530 1197 628 'neamProhocigituropere,voloeumliliomeofacerecolrae·

155 643 307 712 redem...
318 645 421 735 Igitur
433 645 459 712 si
472 641 664 714 custodieris
685 639 838 708 mandata
848 640 989 724 Domini,
1001 653 1034 710 et
1042 641 1195 734 adjeceris

154 751 252 817 etiam
262 745 414 818 stationes
422 751 481 818 has
493 747 667 841 (jejunii),
681 747 836 838 majorem
851 743 1044 836 dignitatem
1061 746 1196 839 conqui-

154 879 217 942 res,
230 870 263 924 et
272 857 462 926 honoratior
482 853 570 946 apud
578 853 754 923 Dominum
762 852 864 920 eris...
874 851 1019 920 Primum
1033 852 1193 940 omnium,

154 987 233 1033 cave
246 965 287 1032 ab
300 965 390 1035 omni
400 963 534 1056 probro,
554 975 586 1030 et
600 961 687 1052 turpi
700 960 812 1044 verbo,
827 973 860 1028 et
875 959 918 1028 ab
932 959 1022 1028 omni
1034 960 1129 1028 noxii
1140 983 1197 1032 cu·

136 1080 138 1084 '
153 1059 302 1162 pitinate,
315 1084 348 1138 et
363 1070 499 1160 purifica
513 1091 643 1136 sensum
659 1079 753 1134 tuum
769 1065 811 1133 ab
827 1065 917 1134 omni
928 1065 1071 1135 vanitate
1086 1065 1198 1136 saeculi

153 1177 295 1269 hujus..
311 1175 453 1244 Peractis
470 1199 544 1267 quae
553 1176 650 1266 supra
662 1173 780 1264 scripta
796 1187 884 1257 sunt,
898 1171 956 1241 illo
969 1172 1022 1241 die
1032 1195 1100 1266 quo
1110 1174 1197 1266 jeju-

154 1283 267 1368 nabis,
279 1299 280 1304 ’
294 1281 378 1350 nihil
399 1281 532 1350 omnino
555 1279 713 1370 gustabis,
731 1279 792 1348 nisi
813 1301 931 1371 panem
955 1293 989 1348 et
1006 1302 1146 1372 aquam3
1164 1293 1197 1350 et

154 1389 347 1481 computati
358 1390 538 1482 quantitate
555 1387 632 1473 cibi,
651 1409 750 1480 quam
765 1387 889 1455 caeteris
900 1386 1016 1456 diebus
1030 1400 1197 1456 comestu-

156 1519 214 1564 rus
237 1519 321 1580 eras‚
349 1507 517 1585 sumptum
537 1493 602 1562 diei
625 1492 712 1562 illius
733 1515 882 1586 repones,
904 1505 937 1562 et
956 1492 1049 1563 dabis
1065 1492 1194 1580 viduae,

157 1601 284 1694 pupillo
300 1613 356 1668 aut
364 1601 455 1692 inopi
474 1630 481 1670 :
499 1613 532 1668 et
544 1600 588 1668 sic
598 1601 842 1670 consummabis
851 1601 1071 1670 humilitatem
1080 1601 1197 1672 animae

155 1723 264 1777 tuae...
277 1713 321 1776 Et
334 1709 394 1776 erit
405 1709 510 1777 hostia
523 1722 581 1778 tua
596 1722 729 1800 accepta
750 1710 940 1796 Domin0,ct
955 1709 1121 1780 scribetur
1133 1709 1198 1779 hoc

150 1814 315 1908 jejunium
330 1827 427 1882 tuum
445 1818 469 1882 ¹.
486 1841 502 1878 ι

200 1920 299 2003 Quod
314 1920 427 2019 primis
443 1895 646 2012 temporibus
672 1918 789 2010 agebat
811 1922 967 2007 Hermas,
985 1921 1049 1990 hoc
1069 1933 1198 2012 postre-

154 2027 216 2096 mis
243 2027 389 2119 quodam
412 2027 512 2096 modo
533 2026 679 2095 imitatus
701 2039 749 2095 est
771 2040 902 2101 sanctus
925 2025 1122 2095 Bernardus.
1148 2029 1199 2096 lta

155 2133 244 2202 enim
260 2132 301 2200 de
321 2133 470 2222 passione
489 2133 610 2202 Christi
630 2131 801 2218 disserens,
815 2155 883 2202 non
898 2132 1080 2226 injucundi
1094 2132 1199 2202 utitur

156 2238 381 2309 similitudine
396 2269 403 2310 :
418 2269 433 2305 u
450 2238 621 2307 Ludebam
633 2263 692 2329 ego
707 2240 785 2309 loris
796 2241 830 2308 in
844 2241 968 2332 plated,
983 2241 1063 2309 etin
1075 2253 1199 2310 secreto

154 2344 273 2436 regalis
285 2345 431 2414 cubiculi
446 2368 544 2437 super
558 2368 611 2412 me
625 2343 795 2414 ferebatur
806 2345 969 2438 judicium
985 2347 1110 2414 mortis.
1128 2350 1199 2414 Au-

154 2451 240 2522 divit
254 2453 318 2522 lroc
331 2452 520 2543 unigenitus
535 2453 661 2543 (regis)3
679 2453 760 2549 exiit
770 2453 875 2544 posito
894 2451 1089 2539 diademate,
1107 2475 1200 2523 saeco

153 2559 306 2648 vestitus3
325 2577 491 2652 aspersum
504 2549 740 2654 cinerecaput,
758 2559 840 2630 nudi
855 2560 967 2652 pedes,
985 2561 1067 2630 flens
1084 2575 1117 2630 et
1132 2563 1200 2654 eju·

152 2664 229 2734 lans
249 2665 341 2756 quod
361 2679 467 2743 morte
489 2665 662 2734 damnatus
683 2664 765 2735 esset
787 2666 936 2763 servulus
958 2669 1037 2759 ejus.
1065 2671 1201 2736 Intueor

152 2769 252 2839 illum
266 2770 375 2840 subito
387 2769 618 2861 procedentem
630 2801 638 2858 3
655 2784 772 2861 stupeo
780 2773 974 2860 novitatem3
986 2795 1116 2840 causam
1129 2795 1201 2864 per·

154 2891 276 2949 contor
297 2891 330 2946 et
353 2877 462 2946 audio.
476 2878 565 2960 Quid
578 2877 724 2947 facturus
738 2901 810 2946 sum
821 2880 835 2946 t
846 2878 1024 2948 Adhuc-ne
1039 2877 1153 2948 ludam
1167 2893 1204 2950 et

155 2983 314 3055 deludam
333 2983 494 3074 lacrymas
514 2987 603 3078 ejus?
623 2983 723 3054 Plane
743 2985 769 3054 si
785 2986 918 3054 insanus
937 3009 1010 3055 sum
1030 2999 1063 3054 et
1082 2986 1200 3056 mentis

155 3093 263 3184 inops,
286 3115 355 3161 non
374 3115 492 3184 sequar
519 3115 693 3179 cum,'nec
712 3091 811 3162 simul
822 3091 899 3164 edm
919 3091 1048 3185 lugenti
1063 3092 1197 3184 lugebo.
1213 3091 1215 3094 ’

156 3203 243 3269 Ecce
258 3198 349 3267 unde
366 3200 474 3290 pudor
486 3205 510 3266 ².
531 3227 547 3263 u
939 3276 940 3279 Ἴ

86 3311 90 3320 ’
199 3305 391 3378 Notandum
412 3303 595 3376 citantem
615 3307 650 3376 in
671 3303 854 3376 tratribus
874 3308 1076 3400 praecipuum
1092 3309 1202 3400 jacere

157 3401 325 3485 Parabolae
341 3416 500 3508 pretium,
520 3429 559 3482 ut
571 3417 629 3500 sit,
647 3412 861 3508 l⁰jucundu
868 3469 881 3502 ,
904 3417 970 3506 qual
982 3415 1080 3484 simul
1089 3415 1202 3485 auditd

157 3523 306 3593 omnium
319 3511 474 3614 evigilent
489 3521 590 3596 animi
603 3552 611 3608 3
636 3524 669 3618 2⁰,
687 3519 805 3608 obvia,
824 3529 898 3614 quae¹
913 3520 966 3590 vel
978 3522 1201 3614 exipsoaudi-

156 3641 267 3698 torum
284 3643 387 3715 statu,
400 3629 452 3698 vel
468 3652 506 3698 ex
516 3629 614 3698 rebus
631 3628 730 3719 vulgo
744 3628 992 3698 occurrentibus
1005 3629 1199 3720 accipiatur3

157 3735 201 3805 sic
212 3733 376 3804 maritimo
385 3735 509 3828 populo
519 3759 560 3834 ex
575 3737 746 3830 aequoreis,
761 3753 915 3828 agrorum
931 3733 1045 3806 incolis
1058 3759 1098 3804 ex
1112 3757 1201 3806 cam-

193 3891 201 3918 ¹
221 3884 304 3933 Herm.
325 3884 392 3935 Part.
415 3881 460 3938 lib.
482 3901 526 3950 ιιι,
546 3883 623 3938 smil.
638 3899 665 3951 9.
691 3887 749 3923 -2
768 3885 793 3938 S.
811 3862 928 3938 Bernard.
947 3885 1024 3938 serm.
1045 3900 1083 3954 ur,
1101 3884 1126 3936 iu
1145 3887 1200 3938 Nat.

158 3968 226 4019 Dom.
240 3984 265 4018 n.
278 3965 304 4032 4.
333 4003 337 4015 ,
