2992 4590
226 401 329 448 caena
352 388 398 450 vr'.
424 403 465 447 nn
488 399 645 448 unruono
668 402 703 447 m
721 355 931 450 couciournus
945 400 1113 450 tnnmrrt.
1142 387 1205 450 17³

160 503 320 596 tanqu'am
340 498 401 595 ipsi
415 525 496 594 par,
515 495 705 595 (quidnam
719 500 809 569 enim
822 499 908 570 illud
929 497 1060 596 esset‘l)
1085 503 1207 574 substi-

160 621 271 679 tutum
286 623 356 698 est,
373 608 431 679 sed
449 607 547 702 plene
571 605 784 701 perfecteque
805 607 947 679 litatum.
972 615 1062 682 Isaac
1084 612 1204 701 etiam,
1227 675 1231 684 .
1293 655 1301 674 ι

160 717 338 810 antequam
353 717 389 785 in
407 716 517 786 lucem
533 715 703 797 ederetur,
727 713 906 806 promissus
917 720 986 784 est¹
1007 718 1207 790 :bisantem

160 823 277 916 sponte
291 845 326 893 se
344 823 453 916 ipsum
468 820 637 916 promisit,
651 845 689 890 ac
704 821 911 908 Rebeccam,
928 822 993 893 hoc
1011 837 1072 909 est,
1089 823 1208 896 Eccle-

160 931 261 1019 siam,
286 954 356 1003 non
371 927 491 1023 procirl
511 928 705 1023 quaesitam,
731 925 789 996 sed
806 927 826 997 b
846 928 1035 1022 propinquo
1060 953 1208 1026 assump·

160 1051 248 1126 tam,
269 1033 408 1110 uxorem
428 1039 541 1124 duxit,
565 1058 627 1106 nec
642 1059 701 1129 per
722 1059 891 1106 servorum
910 1036 1126 1129 legationem,
1151 1040 1209 1112 sed

160 1145 272 1223 divino
295 1145 459 1217 beneficio
488 1167 673 1215 concessam
697 1157 797 1239 atque
828 1145 1059 1238 commissam,
1087 1171 1149 1218 nec
1172 1149 1209 1219 in

159 1254 307 1326 liliorum
331 1253 523 1348 praelatione
552 1252 793 1324 circumventus
821 1266 888 1340 est,
917 1254 975 1323 sed
1005 1255 1205 1350 unicuique,
1310 1269 1313 1274 '

159 1360 253 1457 quod
265 1361 531 1455 promerebatur,
544 1381 620 1430 cum
634 1357 773 1452 Spiritris
784 1359 910 1453 judicio
925 1373 959 1430 et
973 1359 1121 1449 delectu,
1135 1363 1206 1432 sine

157 1467 231 1538 ulla
246 1467 365 1538 fraude
379 1491 416 1538 ae
432 1465 747 1559 circumscriptione,
766 1465 894 1537 tribuit.
917 1469 1071 1539 Jamverb
1092 1471 1208 1542 lacobi

160 1574 282 1646 scalam
298 1587 331 1643 et
346 1572 533 1644 columnam
549 1596 622 1642 eam
641 1571 760 1656 laudo,
780 1597 881 1668 quam
902 1577 971 1644 Deo
993 1575 1103 1663 unxit,
1123 1577 1209 1670 ejus-

158 1704 226 1774 que
241 1681 341 1750 etiam
360 1703 437 1750 cum
452 1703 491 1750 eo
517 1677 804 1767 colluctationem,
831 1705 1051 1776 quaecumque
1073 1682 1208 1755 tandem

157 1787 215 1858 illa
239 1792 356 1878 erest,
377 1801 427 1857 est
441 1785 599 1881 quidem,
621 1801 661 1857 ut
679 1787 748 1880 ipse
770 1788 904 1880 opinor,
921 1790 1059 1859 humani
1079 1791 1208 1863 moduli

159 1918 237 1965 cum
264 1893 376 1966 divina
396 1892 598 1963 sublimitate
624 1895 825 1986 comparatio
849 1909 883 1965 et
906 1897 1090 1982 contentio,
1117 1897 1208 1967 unde

160 2002 259 2071 ctiam
273 2014 453 2094 procreatae
466 2013 593 2070 naturae
606 1998 744 2070 devictae
755 2015 848 2071 notas
862 2002 955 2094 gerit.
970 2001 1062 2072 Illius
1072 2003 1207 2098 quoqul¹

160 2108 247 2178 circa
263 2109 375 2178 ovium
392 2105 503 2198 grege's
519 2106 693 2176 artificium
708 2121 742 2176 et
757 2104 963 2196 felicitatem,
982 2122 1016 2178 et
1031 2107 1207 2184 duodecim

160 2237 200 2284 ex
223 2237 263 2284 eo
290 2227 385 2284 natos
403 2213 619 2299 Patriarehas,
647 2227 682 2282 et
702 2212 972 2284 benedictionum
996 2217 1207 2308 partitionem

159 2344 238 2392 cunr
259 2320 389 2413 egregia
404 2318 593 2390 futurarum
610 2341 720 2388 rerum
741 2319 955 2413 praedictione
975 2325 1204 2416 conjunctam,

158 2427 315 2499 laudibus
325 2429 441 2498 eveho.
458 2431 503 2497 At
517 2426 617 2520 hujus
631 2425 742 2514 etiam,
757 2450 826 2496 non
842 2443 1049 2522 conspectam
1061 2431 1203 2520 tantiam,

158 2535 217 2606 sed
244 2549 279 2605 et
305 2535 494 2620 transitam,
523 2546 557 2603 et
581 2535 640 2626 per
666 2529 875 2627 quotidianos
897 2535 1057 2606 virtutum
1085 2539 1205 2630 gradus
1246 2569 1249 2574 ·

158 2665 371 2714 conscensam
383 2639 503 2712 scalam
519 2639 631 2727 laudo,
649 2655 682 2710 et
698 2639 903 2729 columnam,
917 2667 1017 2737 quam
1032 2649 1118 2732 Dee,
1136 2667 1205 2721 non

158 2748 296 2844 quidem
311 2748 418 2834 unxit,
436 2745 495 2816 sed
508 2746 621 2832 erexit,
638 2746 815 2838 impiorum
830 2748 983 2838 dogmata
999 2750 1041 2819 ad
1060 2751 1205 2823 insamiae

62 2915 64 2920 .
158 2855 367 2950 sempiternae
390 2869 502 2925 notam
525 2854 633 2923 inusta
649 2853 889 2940 continentem,
907 2877 1046 2954 eamque
1066 2856 1204 2930 dimica·

158 2965 298 3050 tionem,
313 2985 429 3056 quam,
442 2984 511 3045 non
523 2959 676 3031 adversius
687 2963 805 3046 Deum,
819 2960 877 3029 sed
888 2966 948 3053 pro
964 2965 1033 3031 Deo
1049 2965 1201 3057 suscepit,

157 3071 390 3140 baereticorum
412 3060 567 3160 dogmata
582 3066 790 3161 dejicientem
812 3091 849 3138 ac
865 3085 1146 3164 prosternentem,
1164 3099 1202 3145 ac

158 3179 318 3271 praeterea
334 3175 530 3269 pastoralem
544 3172 632 3244 illius
645 3187 761 3260 artem,
775 3197 816 3243 ex
827 3176 893 3268 qua
907 3175 1127 3270 locupletatus
1139 3195 1200 3271 est,

158 3281 271 3379 plures
288 3306 363 3354 oves
380 3282 560 3374 insignitas,
577 3284 677 3375 quam
694 3279 779 3371 signi
792 3295 937 3373 expertes
956 3283 1112 3376 adeptus,
1133 3289 1202 3359 ele-

160 3405 296 3484 gantem
323 3390 415 3459 item·
428 3403 462 3458 et
485 3409 693 3457 numerosam
716 3380 863 3455 sobolem
890 3387 1072 3460 secundlrm
1096 3397 1203 3465 Deum

159 3497 385 3592 progenitam,
403 3520 440 3566 ae
456 3493 600 3588 denique
621 3491 899 3584 benedictionem,
917 3496 983 3590 qud
998 3498 1119 3572 multos
1131 3499 1203 3572 sus-

159 3604 300 3676 fulcivit.

206 3741 223 3780 »
250 3713 373 3805 loseph
387 3708 545 3782 frumenti
560 3707 754 3780 distributor
768 3709 833 3781 fuit
848 3714 878 3796 θ’,
892 3712 950 3783 sed
965 3717 1100 3811 AEgypti
1112 3717 1202 3790 dun.

197 3870 204 3899 ¹
221 3866 310 3913 Genea.
327 3875 395 3922 xvrn,
411 3874 458 3921 103
476 3857 575 3926 atiud
591 3863 616 3908 et
631 3873 700 3924 seqq.
720 3883 752 3894 -
770 3858 827 3910 ²1d.
842 3877 926 3927 xxrtu,
941 3875 969 3914 12
983 3869 1009 3916 et
1021 3880 1087 3934 seqq.
1101 3892 1132 3905 -
1145 3864 1201 3920 ΞΜ,

162 3963 210 4013 mr,
224 3945 255 4012 lo
267 3951 369 4011 etseqq.
874 3949 876 3954 '
