2982 4584
282 411 346 476 496
424 423 607 474 nannenten,
629 421 655 468 t.
682 421 836 484 runnu,
863 421 940 472 utne
962 427 1011 485 11,
1036 425 1120 470 aner.
1149 428 1173 468 1.

280 530 372 600 roni.
391 531 464 600 Non
481 549 573 598 meus
589 537 638 594 est
657 545 764 594 sermo
783 551 789 590 :
810 521 868 592 sed
881 521 1000 596 audisti
1023 523 1191 594 Christum
1207 520 1325 594 dicen·

281 653 345 706 tem
360 664 368 705 :
390 633 505 706 Orate
512 655 583 726 pro
595 631 638 700 iis
653 630 717 720 qui
724 627 825 699 nobis
837 626 1039 698 molestiam
1050 639 1257 714 creantfet
1271 654 1325 701 coa

280 745 346 836 gin
360 757 523 837 quantum
538 741 579 810 sit
590 738 780 832 praemium,
802 736 852 807 Ut
866 727 944 807 aitis
959 735 1092 810 similes
1106 737 1235 808 Patris
1250 763 1325 809 ves·

280 855 329 924 tri
339 853 403 946 qni
418 852 524 924 estin
543 845 667 922 coelo&
686 849 802 942 Itaque
817 847 1135 942 nulloprivatuses,
1151 850 1323 922 sedetiam
1379 839 1382 846 ’

278 959 454 1054 accepisti,
475 980 544 1028 uon
556 956 679 1050 injurin
701 955 855 1042 affectus,
874 955 932 1026 sed
945 969 1121 1026 coronatus
1140 979 1193 1044 es,
1211 958 1322 1029 animo

277 1068 381 1160 magis
396 1065 612 1162 philosophus
628 1063 786 1148 effectus,
803 1069 938 1158 Deoque
954 1062 1088 1151 similis,
1106 1065 1318 1157 pecuniarum

276 1177 356 1249 curi
370 1175 556 1260 liberatus,
578 1191 717 1264 regnum
733 1170 896 1241 coelorum
917 1187 1094 1244 assecutus.
1114 1173 1193 1244 Haec
1208 1173 1319 1267 itaque

153 1347 155 1352 ,
276 1285 387 1357 omnia
404 1281 580 1353 nobiscum
599 1291 809 1372 reputantes,
831 1280 866 1348 in
886 1279 1012 1373 injuriis
1027 1280 1319 1373 philosophemur,

275 1390 413 1477 nitenti,
438 1402 478 1459 ut
493 1401 526 1458 et
541 1389 561 1457 ὲ
576 1385 744 1480 praesentis
757 1385 834 1455 vitre
853 1386 1101 1478 perturbatione
1116 1387 1318 1476 liberemur,
1376 1387 1380 1398 ’

276 1513 310 1570 et
324 1496 478 1568 inutilem
493 1515 671 1567 moerorem
684 1491 898 1584 abjiciamus,
926 1491 1146 1588 futurumque
1161 1493 1323 1586 gaudium

274 1626 538 1700 consequamur,
563 1600 666 1692 gratie
687 1612 721 1668 ct
742 1598 945 1689 benignitate
964 1598 1096 1670 Domini
1118 1601 1222 1672 nostri
1243 1605 1323 1672 Jesu

274 1713 415 1798 Christi,
431 1733 509 1782 cum
524 1730 593 1802 quo
609 1707 698 1776 Patri
709 1717 742 1778 et
757 1707 823 1773 unit
837 1705 971 1798 Spiritui
983 1720 1098 1776 sancto
1113 1705 1237 1800 gloria,
1254 1709 1323 1779 im·

273 1823 419 1918 perium,
431 1821 559 1903 honor,
574 1838 665 1884 nnnc
680 1825 713 1882 et
725 1834 864 1923 semper,
879 1824 912 1881 et
922 1813 959 1881 in
973 1813 1093 1884 saecuula
1108 1814 1318 1886 saeculorum.

152 1952 153 1957 ’
257 1933 454 2018 ΛΜΝ.»

320 2041 376 2107 10⁰
385 2035 563 2126 Postqnim
574 2042 684 2112 autem
699 2027 777 2098 vitia
787 2025 927 2120 dejicere
940 2039 1076 2097 conatus
1085 2041 1145 2114 eet,
1156 2029 1322 2112 virtutum

273 2147 371 2216 etiam
390 2141 512 2232 erigere
533 2149 689 2231 procurat
707 2135 901 2226 imperium,
916 2157 977 2204 nec
988 2136 1137 2227 uuquam
1145 2136 1321 2208 sublimior

272 2252 393 2338 evadit,
411 2250 514 2344 quim
525 2243 602 2314 cnm
618 2265 802 2336 pauperum
824 2240 1017 2327 advocatus,
1031 2265 1163 2312 causam
1178 2244 1319 2337 inopum

271 2364 382 2432 norim
395 2355 508 2427 divino
525 2349 686 2422 tribunali
701 2371 797 2440 agere
814 2346 1027 2439 aggreditur:
1093 2393 1096 2398 ι

243 2471 245 2476 ’
318 2497 335 2534 u
352 2470 432 2536 Haec
455 2484 525 2532 nou
544 2458 614 2528 siue
639 2456 737 2524 carust
761 2477 852 2524 nunc
872 2453 968 2544 dico,
988 2452 1046 2526 sed
1065 2456 1144 2548 quia
1167 2455 1314 2552 plerique

271 2597 390 2665 egenos
413 2568 540 2641 curiose
566 2565 786 2652 interrogant,
815 2562 989 2655 inquirunt
1012 2565 1170 2656 patriam,
1188 2567 1313 2654 vitam,

270 2705 398 2767 mores,
409 2691 533 2762 artem,
552 2671 697 2764 corporis
708 2668 953 2741 valetudinem:
972 2673 1195 2744 accusationes
1209 2676 1317 2744 interr·
1332 2753 1335 2760 Δ

270 2805 362 2876 tant,
386 2802 420 2858 ct
435 2794 602 2856 sexcentas
613 2778 658 2848 dc
675 2776 814 2846 sanitate
830 2777 972 2846 rationes
987 2793 1153 2870 repetunt.
1167 2781 1318 2876 Ideoque

205 2965 208 2970 .
268 2898 366 2970 multi
381 2892 525 2988 corporis
542 2886 765 2958 mutilationes
787 2883 965 2972 simulant,
986 2899 1026 2956 ut
1041 2888 1129 2956 fictae
1145 2888 1320 2960 calamita·

268 3009 310 3078 tis
320 3005 457 3076 artificio
472 2993 1014 3086 crudelitatemimmanitatemque
1024 3008 1169 3066 nostram
1180 2998 1323 3068 sseetere-

117 3114 121 3122 '
212 3115 213 3118 ’
268 3113 411 3183 valeant.
434 3111 478 3177 Et
499 3113 610 3172 aestate
631 3100 767 3192 quidem
785 3097 897 3194 taliter
915 3100 1098 3186 criminari,
1121 3125 1219 3193 grave
1234 3089 1317 3174 licet

268 3220 321 3304 sit,
332 3239 402 3286 non
412 3211 516 3306 usque
530 3210 613 3280 adeo
630 3219 741 3277 tamen
752 3228 850 3297 grave
864 3220 912 3276 est
922 3235 931 3278 ι
941 3208 1061 3297 hyeme
1070 3210 1161 3294 vero,
1172 3226 1316 3302 urgente

266 3327 400 3420 frigore,
413 3324 458 3393 itt
473 3343 507 3391 se
522 3319 742 3394 inhumanum
754 3329 788 3384 et
799 3313 906 3385 serum
918 3329 1073 3409 praestare
1084 3317 1246 3412 judicem,
1260 3343 1316 3389 ve-

266 3429 557 3529 niamquennilam
573 3425 684 3497 otiosis
696 3422 897 3510 concedere,
914 3448 1173 3506 aunonsummae
1189 3428 1315 3498 crude·

142 3583 149 3593 -
265 3545 366 3614 litatis
388 3539 510 3610 fueriti
527 3538 596 3606 Cur
611 3530 879 3624 itaqueraulus,
896 3531 983 3602 dicet
1010 3532 1146 3627 aliquia,
1172 3534 1314 3606 Thessa-

265 3647 487 3721 lonicensibus
498 3645 584 3713 hanc
597 3639 703 3730 legem
720 3637 848 3706 serebat
863 3667 870 3706 ι
889 3637 933 3709 Si
942 3640 1022 3730 quta
1036 3663 1110 3710 non
1121 3639 1197 3710 uult
1212 3641 1313 3714 labo·

267 3761 363 3842 rare,
372 3776 439 3824 nec
454 3737 679 3822 manducet?
690 3746 732 3813 Ut
748 3757 781 3812 et
796 3745 918 3842 tuhaec
933 3745 1058 3835 audias,
1073 3762 1107 3818 et
1121 3771 1193 3820 uon
1200 3750 1312 3842 ipsum

313 3882 429 3934 ¹Matth.
449 3895 476 3944 v,
501 3874 553 3942 44,
572 3871 614 3938 45.
629 3896 661 3908 -
686 3881 697 3907 ²
718 3873 744 3922 S.
770 3871 895 3936 Chrysott.
916 3872 942 3922 iu
960 3851 1066 3939 Epist-r
1092 3877 1122 3928 a‘d
1145 3879 1201 3930 eor.
1216 3857 1310 3930 floruit.

264 3986 318 4036 nar,
329 3985 355 4020 u.
368 3967 394 4018 6.
1154 3981 1156 3988 ’
