2982 4584
215 431 317 483 etrus
333 437 379 482 vr.
398 437 441 482 nu
464 433 620 487 urrunnu
643 434 679 480 rr
701 431 910 500 mmrourrm
932 429 1099 482 tmnrrrt.
1126 415 1195 486 465

149 531 199 604 illi
222 533 425 628 penpmtatis
441 533 589 606 accessio
603 555 618 600 e
632 532 717 600 uim
741 531 870 623 quanti
890 529 987 624 plura
1011 533 1190 629 acceperit,

149 643 242 713 tantd
257 637 552 733 plura-desideret:
569 638 649 738 ergo
663 638 791 730 quantd
802 635 899 728 plura
910 640 1085 731 occeperin
1098 644 1203 714 tintd'

148 747 253 839 magis
267 769 393 842 pauper
412 745 550 818 evadit:
575 743 635 836 qui
653 742 742 814 emm
767 739 864 835 pinca
882 742 1068 833 desiderat,
1092 751 1195 841 magis

148 875 274 947 pauper
284 867 345 924 eet.
363 853 451 926 Cim
464 850 567 942 igitur
581 861 716 918 centum
730 846 854 920 menn
865 850 1033 939 habuerim
1044 854 1196 925 noudum

148 961 216 1030 tim
233 959 404 1032 mendicus
416 968 482 1044 est,
499 957 580 1028 nim
595 953 690 1028 mille
704 953 889 1047 desiderat3
906 956 984 1028 cium
998 959 1090 1030 mille
1100 980 1197 1032 acce-

147 1066 249 1160 perit,
263 1079 346 1136 tune
360 1062 463 1154 magis
478 1084 605 1156 pauper
616 1060 748 1149 evadit,
770 1079 841 1134 nou
857 1064 926 1156 jtn
943 1065 1033 1136 enin
1047 1065 1140 1138 misse
1158 1081 1203 1138 nt·

147 1172 238 1266 prids
265 1171 403 1264 querit,
435 1166 494 1240 sed
516 1165 623 1240 decies
646 1167 787 1238 millium
808 1168 874 1238 sibi
899 1189 982 1263 opus
1010 1191 1079 1244 esse
1102 1173 1194 1246 dicit.

148 1277 248 1363 Quod
273 1279 300 1348 si
316 1276 556 1368 concupiscere
571 1287 606 1346 et
624 1297 694 1346 non
716 1274 885 1368 consequi,
903 1275 1108 1369 voluptatem
1128 1301 1204 1353 esse

149 1384 255 1470 dicas,
278 1381 457 1476 voluptatis
472 1396 625 1454 naturam
639 1379 721 1452 mihi
737 1379 918 1452 admodim
934 1381 1088 1473 ignorare
1102 1385 1197 1460 vide·

149 1493 204 1561 ris.
223 1488 322 1574 Quod
336 1491 425 1562 enim
437 1490 504 1560 hoc
518 1513 588 1560 non
603 1488 778 1581 voluptas,
793 1487 852 1558 sed
862 1487 1063 1582 supplicium
1078 1491 1121 1564 sit
1131 1529 1146 1579 ,1
1155 1494 1199 1566 ad

151 1595 243 1674 aliud
262 1597 375 1666 cureris
396 1594 598 1668 adducentes
620 1595 864 1666 emminemrus.
884 1595 1027 1678 Quando
1050 1595 1196 1688 sitimus,

148 1729 218 1798 non
240 1704 315 1776 ided
336 1705 540 1776 delectamur
560 1704 713 1774 bibentes
738 1703 831 1797 qudd
858 1703 946 1774 sitim
963 1705 1137 1795 sedemus,
1163 1723 1203 1779 et·

147 1812 223 1887 ideo
233 1810 388 1905 voluptas
396 1825 446 1882 est
453 1824 565 1904 potus,
578 1810 827 1904 quodtnagno
834 1831 895 1880 nos
902 1811 1021 1884 liberet
1029 1816 1177 1886 cruciatu
1185 1837 1203 1904 ‚³

66 1921 69 1927 “
147 1919 364 2012 dcupiditate
383 1918 522 1990 bibendi
542 1917 684 2012 nempe3
700 1919 766 1988 hoe
779 1917 883 1990 cuivis
901 1920 1113 2013 perspicuum
1133 1938 1194 1994 est.

148 2025 248 2113 Quod
258 2027 286 2096 si
297 2026 334 2096 in
345 2026 404 2098 tali
415 2027 566 2121 appetitu
581 2047 709 2118 semper
722 2025 1033 2116 transmissurus,
1047 2051 1116 2100 non
1131 2051 1197 2102 mc·

147 2132 223 2204 liori
242 2133 437 2212 conditione
457 2155 601 2206 essemus
612 2134 713 2226 quem
727 2133 818 2204 dives
831 2131 900 2219 iile,
920 2134 978 2228 qui
998 2137 1112 2208 Lazari
1126 2161 1198 2209 non

147 2241 303 2312 misertus
313 2255 374 2327 est,
389 2240 553 2334 quantdm
565 2240 742 2312 scilicetne
753 2240 906 2334 supplicii
918 2242 1079 2314 rationem
1094 2271 1102 2314 ε
1119 2247 1197 2314 nim

148 2359 183 2417 et
206 2346 256 2416 illi
275 2347 341 2418 hoc
356 2346 556 2440 supplicium
571 2360 606 2415 et
620 2346 751 2439 punitio
765 2362 855 2432 erat,
872 2346 965 2440 qudd
979 2347 1056 2419 crim
1074 2349 1198 2420 stillam

149 2475 283 2546 parvam
302 2467 455 2545 cuperet,
476 2475 547 2524 non
568 2464 736 2522 assecutus
759 2449 874 2535 sit.11d
889 2451 982 2545 quod
1004 2453 1086 2526 mihi
1098 2457 1197 2526 Avari
1247 2490 1250 2495 ·

148 2563 310 2656 perpetud
326 2561 395 2654 pati
408 2561 585 2648 videntur,
600 2573 635 2630 et
649 2558 698 2631 illi
714 2556 835 2628 similes
849 2581 917 2630 esse
930 2560 990 2654 qui
1003 2563 1143 2653 rogabat
1158 2571 1198 2636 u't

148 2665 238 2738 stills
247 2664 426 2752 frueretur,
438 2687 547 2758 neque
555 2679 722 2734 assecutus
730 2677 791 2732 est.
803 2665 876 2730 Imd
885 2665 989 2756 magis
997 2670 1195 2756 draconem,

149 2775 251 2865 quim
274 2771 384 2842 divitis
400 2769 509 2856 illius,
531 2769 640 2840 anima
658 2767 883 2857 comburitur3
903 2782 940 2837 et
953 2769 1092 2861 pulchre
1112 2773 1196 2844 dixit
1296 2842 1298 2850 ,
1341 2837 1344 2844 «

149 2877 317 2974 quispiam
332 2881 456 2948 Avaros
473 2897 541 2946 esse
558 2873 760 2968 hydropicos
777 2897 785 2940 ι
807 2873 1089 2968 quemadmodum
1105 2879 1196 2952 enim

149 2983 199 3056 illi
207 2983 351 3054 multam
362 2984 399 3054 in
407 3005 545 3076 corpore
555 2995 719 3075 gestantes
727 3003 860 3076 aquam,
873 2981 977 3076 magis
989 2995 1194 3074 exumntnr3

149 3092 194 3162 sic
211 3103 246 3162 et
259 3090 360 3161 Avari
376 3089 497 3162 multas
514 3087 782 3160 circumferentes
796 3090 970 3182 pecunias,
988 3089 1100 3184 plures
1117 3114 1195 3172 con·

148 3200 335 3292 cupiscunt.
351 3201 458 3270 Causa
468 3198 663 3269 autemnaec
673 3211 744 3268 est:
762 3195 975 3290 nequeiliiin
985 3201 1196 3292 congruenti·
1312 3260 1320 3280 .

149 3307 212 3380 bus
223 3305 304 3378 locis
313 3327 415 3399 aquas
425 3305 564 3390 habent,
578 3327 687 3398 neque
695 3303 749 3372 isti
759 3305 795 3372 in
804 3304 1061 3393 congruentibus
1070 3307 1196 3398 cogita·

149 3413 297 3486 tionibus
306 3410 616 3506 concupiscentiam.
628 3409 809 3502 Fugiamus
817 3409 897 3500 ergd
907 3431 997 3478 nunc
1006 3407 1151 3482 alienum
1162 3426 1196 3484 et
1275 3442 1285 3452 „

149 3523 282 3594 inanem
302 3523 458 3594 morbum
477 3548 485 3590 z
503 3517 670 3611 fugiamus
683 3517 827 3588 radicem
836 3514 1196 3609 malorumetugtamos

149 3629 563 3721 praesentem=gehennam3
577 3624 727 3716 gehenna
740 3623 830 3694 enim
841 3635 1011 3694 esteorum
1020 3623 1192 3717 cupiditas.

149 3733 289 3828 Explica
295 3736 374 3826 ergo
385 3735 544 3828 cujusque
555 3731 715 3818 animam,
726 3744 760 3800 et
770 3732 841 3826 ejus
855 3729 913 3824 qui
921 3729 1076 3822 pecunias
1085 3729 1195 3826 despi-

151 3843 209 3930 cit,
223 3854 258 3911 et
266 3842 335 3934 ejus
347 3841 405 3936 qui
414 3863 483 3910 non
491 3839 629 3934 despicit
637 3870 648 3930 3
656 3852 690 3910 ct
700 3837 827 3910 videbis
836 3839 927 3912 hunc
937 3837 1074 3933 quidem
1080 3839 1194 3934 sureuf

152 3949 243 4021 tibus
259 3970 331 4046 esse
351 3945 508 4034 similem,
523 3949 582 4044 qui
594 3946 679 4028 nihil
696 3945 749 4018 vel
764 3946 875 4020 videre
890 3943 945 4020 vel
960 3944 1075 4020 audire
1093 3947 1193 4042 velit5

292 4071 330 4121 11.
637 4111 642 4116 ,
996 4055 1036 4119 30
1191 4085 1193 4090 -
