2984 4580
256 441 358 488 araur
374 430 427 488 vr.
446 445 487 486 nn
510 443 667 488 nanneno
691 443 726 486 ur
748 439 955 486 eoucroruaur
971 433 1138 482 summat.
1164 417 1228 482 425

193 555 255 610 tur.
275 542 432 624 Quamvis
449 541 536 610 enim
556 542 639 610 alius
654 538 752 608 alium
768 537 846 609 vitae
861 537 1025 630 probitate
1040 534 1226 621 antecellat,

190 647 308 718 eadem
317 664 425 720 tamen
434 650 592 741 ¹llaptismi
605 648 653 718 vis
668 659 734 737 est,
749 669 787 716 ac
804 646 909 740 quiris
920 645 981 716 tibi
997 645 1154 716 initiatior
1168 645 1225 730 sit,

189 755 247 848 qui
264 753 493 824 modeeadem
510 751 781 822 fideinlormatus
793 765 852 820 est.
1040 749 1041 752 ’

234 889 250 926 u
277 864 323 938 Ne
339 862 396 940 tuat
411 859 570 949 dignitate
585 859 730 930 alienum
746 873 859 952 putes,
876 855 974 928 simul
993 879 1069 926 cum
1084 879 1228 950 paupere
1261 949 1264 956 .
1312 871 1315 875 ·

189 966 358 1060 baptizari,
376 965 435 1058 qui
449 965 540 1034 dives
555 987 601 1052 es,
619 967 774 1058 patricius
785 987 862 1036 cum
878 962 1027 1057 ignobili,
1040 964 1139 1032 herus
1151 985 1228 1034 cum

187 1097 227 1144 eo
249 1074 309 1166 qui
327 1071 487 1152 hactenus
512 1071 573 1140 tibi
592 1094 702 1142 servus
725 1072 842 1142 extitit.
864 1071 1021 1146 Nondum
1044 1070 1172 1140 tantirm
1195 1083 1228 1140 te

187 1179 352 1262 demittes,
367 1177 529 1270 quantiam
544 1178 705 1262 Christus,
723 1177 777 1248 cui
791 1177 952 1248 hodierno
970 1177 1225 1269 die-baptizaris,

187 1288 244 1379 qui
264 1283 376 1368 salutis
399 1298 466 1354 tuae
484 1287 581 1354 causat
600 1285 748 1360 servilem
771 1285 904 1378 quoque
926 1284 1066 1354 sormam
1088 1285 1225 1376 accepit.

187 1398 314 1486 Exque
325 1392 379 1462 die
391 1392 862 1484 perBaptismuminrmutaris,
874 1405 1003 1462 ueteres
1014 1414 1128 1462 ornnes
1139 1405 1227 1462 notoe

76 1544 79 1549 ·
186 1499 355 1570 cesserunt
374 1528 381 1570 :
398 1522 464 1568 una
476 1497 580 1568 forma
596 1497 906 1585 omnibustristus
921 1499 1093 1590 impositus
1104 1512 1163 1568 est.
1178 1503 1227 1570 Ne

187 1621 359 1698 peccatum
383 1619 478 1676 tuum
502 1607 650 1676 confiteri
668 1630 765 1698 grave
782 1605 899 1692 ducas,
924 1605 1028 1676 sciens
1048 1629 1116 1700 quo
1130 1619 1227 1696 paeto

187 1716 329 1781 loannes
344 1713 577 1804 baptizaverit,
595 1727 634 1782 ut
649 1736 708 1805 per
721 1714 820 1808 hujus
834 1713 912 1782 vitae
933 1712 1108 1804 pudorem,
1122 1711 1227 1782 futuri

185 1818 295 1888 saeculi
307 1819 469 1911 pudorem
478 1819 759 1913 ignominiamque
769 1817 896 1910 fugias,
913 1821 1010 1910 (nbm
1021 1821 1226 1913 hocquoque

184 1927 373 2019 sempiterni
388 1927 475 1998 illius
487 1928 638 2020 supplicii
649 1952 722 2020 pars
738 1940 786 1996 est
796 1931 826 2018 3)
841 1949 878 1998 ae
894 1929 1102 2020 perspicuum
1112 1927 1223 2012 facias,
1325 1921 1337 1986 ἶ

184 2049 217 2104 te
232 2035 315 2104 serib
327 2049 427 2128 atque
442 2059 482 2104 ex
495 2035 604 2106 animo
615 2049 785 2128 peecatum
799 2035 903 2106 odisse
914 2061 951 2106 ao
962 2035 1127 2120 detestari,
1145 2033 1224 2104 ditm

183 2138 266 2210 illud
278 2145 437 2233 tanqulrm
449 2140 650 2212 contumelid
660 2140 798 2234 dignum
808 2140 954 2211 traducis
967 2195 975 2228 ,
989 2165 1026 2211 ac
1037 2140 1130 2210 velut
1141 2140 1226 2210 ludi-

183 2246 257 2315 brio
266 2248 416 2339 exponis,
431 2245 473 2316 de
484 2247 801 2340 coquetriumpbum
817 2249 897 2338 agis.
917 2251 965 2318 Ne
974 2247 1142 2316 exorcismi
1154 2269 1225 2316 me-

183 2351 325 2436 dicinam
336 2377 479 2446 respuor,
493 2377 554 2422 nec
563 2354 605 2423 ob
613 2353 700 2424 illius
707 2353 926 2448 prolixitatem
938 2357 1047 2424 animo
1057 2354 1221 2424 concidas.

182 2463 264 2530 Nam
280 2460 315 2530 id
330 2461 466 2556 quoque
479 2461 571 2532 velut
585 2461 667 2554 lapis
686 2463 820 2556 quidam
841 2460 967 2551 Lydius
981 2476 1048 2546 est,
1066 2459 1224 2554 ad·quem

182 2566 370 2658 exploratur
390 2570 489 2660 quim
506 2569 632 2638 sincero
649 2569 789 2662 quisque
807 2583 940 2661 pectore
964 2569 1006 2638 ad
1020 2569 1223 2661 Baptismum

182 2671 328 2740 accedat.
351 2671 535 2764 Ecquandb
557 2674 688 2742 tantum
707 2675 828 2742 laboris
844 2676 1042 2766 susceperiS,
1061 2676 1224 2768 quantum

183 2776 400 2870 AEtlu'opum
420 2779 568 2874 regina,
599 2803 679 2870 quoe
703 2777 751 2848 ab
776 2784 946 2859 extremis
968 2797 1072 2850 terrm
1083 2780 1223 2876 finibus

178 2886 358 2976 porreeti,
378 2885 421 2954 ut
430 2883 638 2957 Salomonis
657 2887 877 2978 sapientium
891 2881 1052 2958 uideret?
1072 2887 1127 2958 Et
1143 2911 1223 2980 ecce

176 2989 261 3084 plus
281 2990 392 3082 purim
411 2989 587 3064 Salomon
607 2991 665 3064 laic
683 2998 711 3080 ¹,
736 2993 851 3064 saltem
867 2994 956 3088 apud
973 3019 1046 3080 eos,
1061 2997 1127 3088 ·qui
1152 3019 1222 3066 rem

181 3097 324 3190 perfecte
339 3099 557 3170 considerant.
578 3104 626 3171 Ne
642 3101 704 3170 viae
719 3100 995 3195 longinquitatem
1014 3102 1219 3188 rel'ormides,

180 3229 241 3275 nec
261 3206 359 3295 mpris
382 3207 506 3296 spatia,
531 3231 593 3276 nec
614 3209 747 3299 ignem,
765 3197 797 3276 si
817 3209 1033 3297 adhibeatur,
1055 3233 1118 3280 nec
1133 3209 1223 3282 aliud

179 3312 415 3407 quodcumque
430 3311 724 3404 impedimentum,
751 3339 819 3407 quo
840 3317 975 3404 gratiam
999 3321 1217 3411 consequaris.

129 3478 132 3481 .
179 3420 263 3490 (irim
276 3425 385 3490 autem
399 3419 477 3502 tibi,
493 3441 554 3488 nec
569 3418 777 3513 laboreullo,
792 3443 853 3490 nec
865 3423 964 3513 operrl
975 3421 1045 3511 ullal
1056 3427 1217 3516 suscepta,

178 3525 224 3594 rei
241 3525 392 3616 expetitae
407 3539 592 3617 compotem
616 3527 685 3594 fieri
700 3525 815 3613 liceat,
842 3551 917 3622 quae
933 3527 1067 3598 tandem
1084 3529 1220 3600 stultitia
1264 3571 1269 3578 ·

178 3646 243 3718 est,
264 3631 390 3700 donum
406 3633 441 3700 in
466 3627 560 3700 aliud¹
572 3646 702 3725 ternpus
718 3635 870 3729 rejicere?
881 3633 1050 3706 Sz'u'entes
1058 3689 1070 3722 ,
1087 3637 1216 3730 inquit,

177 3739 296 3808 venite
312 3735 366 3806 ad
378 3761 526 3828 aquam,
545 3741 610 3830 (sic
633 3754 666 3810 te
681 3743 832 3836 hortatur
846 3748 945 3814 lsaias
958 3748 987 3834 ς)
998 3740 1131 3834 Ecqui
1146 3736 1218 3814 non

164 3842 320 3930 titubetis
335 3855 544 3941 argentum,
564 3849 799 3937 itaetemr'te,
818 3876 864 3922 ae
874 3853 1008 3938 uinum,
1025 3849 1122 3922 nullo
1136 3877 1216 3946 per-

115 3967 120 3978 *
212 3989 724 4071 hibera,r·3‚etlllattlr.nula.¹
833 4017 835 4022 ·
