2930 4582
270 444 335 506 320
424 453 603 504 nunnourct
624 455 651 501 s.
676 454 828 515 runnuu,
854 449 931 500 runo
952 456 996 516 11,
1020 455 1104 500 suen.
1130 459 1154 500 1.

269 572 380 628 autem
395 558 550 650 temporis
566 554 764 641 intercessit,
790 553 868 622 crim
884 552 984 622 altera
1000 565 1173 647 tempestas
1187 557 1305 627 adver·

267 665 323 734 sirs
332 663 512 734 Ecclesiam
528 663 688 732 excitatur
700 712 709 746 ,
721 659 756 730 id
768 675 832 745 est,
846 657 903 728 ille
917 660 1083 753 injustitiae
1098 663 1211 750 turbo,
1223 661 1307 734 illud
1329 712 1333 720 -

167 823 168 832 η
267 772 442 865 impietatis
469 768 769 862 complementum,
794 767 851 838 illa
874 768 1064 859 spirituum
1088 766 1308 865 legio1‚ttla

269 877 391 949 Ghristi
408 875 590 948 adversaria
603 875 733 966 lingua,
756 873 812 942 illa
828 873 1056 965 imquitatem
1071 875 1109 946 in
1125 875 1308 947 excelsum

266 983 416 1054 locota²
439 1006 551 1068 mens,
574 980 630 1050 illc
647 981 826 1051 divinitatis
842 995 970 1068 sector,
995 983 1089 1075 cujus
1110 985 1216 1074 gravis
1232 985 1308 1078 qui-

267 1091 343 1162 dem
360 1105 393 1160 et
405 1087 589 1160 horrendus
604 1102 740 1170 conatus
753 1141 762 1171 ,
777 1087 907 1178 gravior
917 1101 1028 1158 autern
1043 1090 1213 1183 magisque
1228 1092 1308 1160 hor·
1349 1122 1354 1130 ·

266 1197 369 1270 reuda
386 1221 491 1283 mors,
514 1211 548 1266 et
563 1194 660 1266 ludas
676 1193 862 1287 proditione
876 1193 992 1286 digna,
1007 1198 1107 1289 qubm
1122 1196 1178 1266 ille
1193 1197 1310 1269 adver-

266 1305 320 1376 sus
343 1320 463 1376 nostrae
485 1303 598 1375 salutis
627 1297 796 1371 auctorem
826 1299 933 1370 moliri
961 1325 999 1372 ac
1026 1317 1215 1394 perpetrare
1241 1328 1309 1374 non

267 1411 450 1482 dubitavit:
468 1410 576 1495 AriuS,
593 1408 750 1501 inquam,
773 1409 793 1476 b
816 1405 928 1476 furore
950 1407 1089 1500 pulchre
1114 1433 1237 1480 nomen
1250 1413 1310 1481 ha-

266 1521 358 1590 bens.
384 1519 442 1589 llis
457 1517 533 1587 cium
550 1516 592 1585 ab
604 1513 824 1584 Alexandrind
844 1514 975 1584 civitate
990 1517 1121 1586 initium
1145 1509 1306 1606 duxisset,

266 1628 401 1720 illicque
425 1623 617 1719 pestiferum
641 1621 759 1713 dogma
778 1623 811 1690 in
829 1645 862 1690 se
877 1624 1096 1716 concepisset,
1114 1648 1151 1695 ac
1166 1625 1306 1714 deinde,

175 1787 178 1794 .
266 1734 402 1804 immitis
424 1731 594 1826 cujusdam
615 1743 649 1800 et
673 1727 794 1822 rapidae
814 1729 957 1798 flammae
977 1731 1099 1818 instar,
1125 1733 1168 1802 ab
1193 1735 1309 1826 exigna't

266 1841 408 1914 scintillt
431 1863 584 1932 magnam
615 1838 703 1908 orbis
736 1851 895 1906 terrarum
925 1853 1052 1931 partem
1073 1841 1306 1932 percurrisset,

265 1949 400 2022 taudem
416 1952 435 2018 b
458 1947 609 2041 patribus
629 1944 767 2030 nostris,
794 1944 916 2038 pioque
936 1945 995 2016 illo
1010 1969 1149 2017 numero
1164 1951 1222 2042 qui
1234 1948 1308 2018 tdm

266 2060 409 2130 Nicaeam
424 2080 458 2126 se
473 2053 632 2139 contulit,
647 2053 809 2145 certisque
821 2053 944 2122 finibus
953 2078 990 2124 ac
1002 2055 1110 2124 verbis
1123 2055 1307 2128 divinitatis
1417 2078 1421 2090 ·

266 2165 451 2236 doctrinam
465 2159 733 2252 circumscripsit,
751 2182 923 2251 oppressus
938 2171 972 2230 et
987 2162 1147 2232 extinctus
1163 2167 1244 2233 est³.
1266 2193 1282 2230 u

309 2278 414 2345 Nemo
427 2285 475 2340 est
486 2270 563 2340 sane
572 2269 630 2362 qni
641 2269 764 2337 nesciat
776 2268 897 2360 quibus
912 2267 1075 2340 coloribus
1086 2270 1176 2340 idem
1190 2272 1306 2343 beatus
1372 2266 1376 2271 ’

266 2371 389 2452 Do'ctor
405 2375 598 2467 sacrilegum
614 2374 772 2467 depingat
788 2372 957 2446 lulianum
976 2405 984 2446 ι

312 2515 327 2552 a
343 2485 604 2566 Provinciarum‚
622 2482 731 2574 inquit
743 2533 752 2566 ,
764 2481 900 2572 imperia
915 2505 983 2552 non
999 2483 1130 2575 optimis
1146 2499 1179 2554 et
1194 2486 1305 2562 mode·

263 2593 446 2676 tutissimis,
463 2590 520 2658 sed
533 2587 763 2660 crudelissimis
771 2588 961 2658 hominibus
970 2591 1216 2662 mandabantur
1234 2609 1305 2664 :at-

264 2723 330 2795 que
342 2700 384 2768 ad
397 2700 555 2768 honorem
565 2717 602 2764 ac
615 2694 807 2785 dignitatem
816 2693 959 2788 aliquam
976 2697 1190 2768 obtinendam
1197 2725 1302 2770 unum

252 2809 454 2899 ¹suffragium
465 2819 545 2889 crat,
560 2807 583 2874 l
592 2803 657 2872 fide
667 2803 821 2894 defectio3'
832 2819 865 2874 et
873 2807 962 2874 utab
972 2829 1011 2877 eo
1020 2807 1107 2877 dona
1119 2833 1301 2904 conseque·

262 2931 389 3002 rentur,
404 2915 461 3007 qui
471 2913 534 2982 sibi
548 2912 626 3003 ipsis
638 2911 775 3001 pessime
785 2911 1019 2982 consulissent-
1029 2915 1115 2997 Quid
1126 2940 1300 2986 causarum

261 3022 506 3094 immutationes
534 3017 792 3109 inflexioncsque
816 3041 1091 3108 commemorem,
1129 3047 1206 3116 quae
1230 3025 1300 3116 ple-

261 3129 402 3221 rumque
414 3124 584 3216 interjecta
596 3123 755 3192 duntaxat
767 3125 833 3192 und
848 3139 945 3196 nocte
958 3130 1251 3200 commutabantur
1264 3154 1300 3200 ac

261 3233 553 3316 convertebantur,
578 3253 646 3299 non
668 3231 760 3300 seclis
774 3256 811 3301 ac
827 3233 990 3303 fluctuum
1006 3237 1297 3329 reciprocationes3

260 3337 531 3438 qnandoquidem
551 3335 585 3406 et
596 3338 650 3430 jus
666 3336 775 3409 dicere
790 3339 922 3409 volebat
939 3341 990 3411 vir
1004 3344 1171 3435 egregius,
1189 3346 1300 3414 omnia

260 3448 413 3524 videlieet
428 3447 472 3518 ob
489 3446 600 3538 gloriae
618 3445 766 3515 studium
781 3446 842 3516 sibi
854 3453 1029 3539 arrogans?
1045 3455 1148 3521 Parva
1163 3451 1299 3522 fortassd

261 3572 295 3628 et
308 3557 469 3652 perquam
485 3554 601 3644 exigua
618 3551 755 3621 crimina
770 3551 925 3645 colligere
939 3554 1071 3640 videar,
1097 3581 1135 3627 ac
1150 3559 1299 3628 maximis

259 3689 319 3758 per
334 3663 448 3754 exigua
469 3658 612 3728 dedecus
623 3655 755 3726 inferre.
767 3659 930 3728 Caeterirm
946 3660 1031 3730 illud
1046 3661 1221 3734 fatendum
1236 3679 1296 3752 est,

134 3767 153 3792 ⁸
258 3772 333 3844 haec
347 3769 464 3859 Elysiis
484 3765 607 3856 campis
628 3763 763 3832 minime
781 3765 881 3856 digna
896 3789 981 3853 esse,
999 3791 1060 3838 nec
1080 3772 1136 3857 ea,
1152 3774 1220 3864 qua
1232 3771 1298 3842 illic

231 3947 233 3951 .
309 3927 318 3952 ι
337 3918 395 3966 Luc.
417 3927 478 3975 rur,
499 3910 539 3962 3ο.
555 3933 585 3945 -
600 3907 690 3961 *Psal
706 3925 781 3974 mn,
793 3909 818 3962 6.
833 3919 886 3946 -2
911 3913 939 3963 S.
951 3915 1022 3981 Greg.
1042 3913 1124 3966 Tbcol.
1151 3919 1220 3969 Orat.
1237 3933 1295 3984 xxv,

258 4015 323 4054 num.
337 4002 362 4052 8.
423 4034 430 4042 ·
