2992 4590
303 399 366 460 162
456 411 635 459 annnorum
658 411 685 458 s.
711 410 865 474 narrum,
890 411 967 458 raus
990 416 1033 472 11,
1058 414 1142 458 incr.
1169 415 1192 455 1.

209 511 212 526 '
286 528 369 604 tus,
390 512 672 607 quemadmoditm
692 518 803 582 Poetae
818 513 973 604 Gigantes
995 513 1173 582 finxerunt.
1198 512 1272 578 Uno
1287 509 1342 578 die

295 634 425 692 sanctos
440 623 613 711 fingimus,
632 641 753 713 eosque
776 621 937 712 sapientes
950 634 983 689 et
1004 619 1148 688 eruditos
1161 640 1229 686 esse
1240 617 1341 710 jube-

297 749 392 812 mus,
410 728 468 820 qui
480 725 563 794 nihil
580 723 778 810 didicerunt,
797 748 858 794 nec
872 725 915 794 ad
929 726 1149 796 sacerdotium
1159 721 1343 815 quidquam

295 832 385 925 priris
395 833 629 918 contulerunt,
643 847 762 924 praeter
778 831 821 904 V
818 830 898 901 elle.
912 837 1021 926 Atque
1035 832 1092 900 ille
1104 829 1239 924 quidem
1255 827 1342 898 iufe-

297 939 375 1008 riori
390 939 466 1008 sede
482 940 678 1032 acquiescit,
693 939 894 1031 humilisque
909 953 984 1026 stat,
1003 941 1061 1032 qui
1077 937 1250 1014 sublimem
1262 961 1342 1029 pro·

296 1060 456 1132 meretur,
474 1045 573 1139 atque
594 1060 627 1116 et
650 1045 794 1114 multum
810 1045 935 1138 dirique
950 1047 985 1114 in
1002 1045 1191 1130 divinorum
1213 1047 1343 1113 Sermo-

297 1175 377 1221 num
402 1147 617 1222 meditatione
643 1165 790 1222 versatus
812 1165 877 1238 est,
896 1165 929 1220 et
950 1150 1093 1220 multllm
1113 1150 1237 1242 dirique
1252 1150 1343 1220 carni

295 1257 382 1348 leges
400 1259 508 1328 sanxit
523 1260 566 1328 ad
581 1258 710 1350 spiritui
727 1259 911 1350 parendum
930 1288 938 1328 :
958 1259 1013 1327 hic
1025 1259 1139 1327 contr'a
1155 1256 1295 1348 superbe
1309 1271 1343 1325 et

296 1378 486 1456 arroganter
508 1366 679 1458 praesidet,
706 1364 986 1457 superciliumque
1009 1363 1163 1433 adversirs
1190 1362 1342 1430 meliores

296 1469 435 1556 attollit,
454 1494 515 1540 nec
528 1471 654 1540 thronis
666 1470 860 1539 intremiscit
873 1523 881 1555 ,
895 1494 955 1540 nec
971 1494 1010 1538 ex
1026 1484 1159 1562 aspectu
1170 1469 1341 1537 horrorem

295 1576 450 1667 concipit,
461 1577 630 1646 hominem
638 1577 850 1645 continentiae
860 1576 1056 1662 studiosum,
1069 1573 1155 1644 insr'a
1165 1599 1198 1642 se
1208 1572 1339 1662 videns,

294 1683 411 1753 veriam
426 1685 525 1754 simul
549 1709 626 1754 cum
652 1685 807 1775 imperi0,
821 1685 1052 1776 sapientiorem
1068 1684 1202 1776 quoque
1223 1706 1257 1750 se
1273 1705 1341 1750 esse

294 1791 476 1879 existimat}
502 1791 602 1882 prave
628 1791 743 1883 utique
769 1790 933 1876 sentiens,
962 1804 1062 1882 atque
1090 1792 1108 1857 a
1134 1789 1283 1881 potentia
1308 1801 1341 1857 et

296 1897 489 1966 auctoritate
503 1896 544 1966 de
560 1911 671 1965 mente
687 1895 899 1965 deturbatus..
1188 1893 1190 1900 ’

340 2033 356 2068 s
372 2009 416 2074 ht
427 2027 495 2074 non
509 2005 555 2072 ira
572 2027 710 2094 magnus
721 2018 754 2072 et
766 2004 900 2093 insignis
916 2003 1052 2072 Basilius
1063 2035 1072 2093 3
1082 2003 1197 2072 verirm
1212 2017 1250 2071 ut
1265 2002 1340 2071 alia·

293 2133 367 2178 rum
383 2112 532 2179 omniunt
551 2111 734 2196 virtutum,
751 2097 912 2180 sic'etiam
928 2110 961 2177 in
982 2111 1033 2178 his
1054 2111 1152 2203 rebus
1169 2107 1291 2178 ordinis
1307 2124 1340 2180 et

294 2214 648 2308 disciplinaeexemplar
661 2216 730 2285 aliis
742 2240 776 2284 se
788 2217 924 2308 praebet.
939 2219 1023 2287 Nam
1039 2216 1115 2284 crim
1128 2215 1218 2308 priris
1233 2237 1339 2286 sacros

294 2323 410 2392 Libros
426 2323 550 2415 populo
564 2323 750 2407 lectitasset,
769 2324 838 2416 ipse
854 2347 968 2392 eorum
984 2324 1164 2414 interpres,
1182 2346 1243 2391 nec
1255 2321 1341 2392 illud

292 2429 423 2498 lectoris
437 2430 582 2498 officium
594 2453 628 2497 se
638 2429 811 2520 indignum
821 2430 981 2512 duxisset,
997 2430 1042 2498 itt
1052 2429 1189 2499 demum
1203 2429 1237 2497 in
1248 2453 1340 2521 pres-

293 2535 498 2624 byterorum,
519 2559 556 2604 ac
568 2533 688 2603 deinde
705 2536 738 2606 in
751 2537 979 2628 episcoporum
995 2537 1153 2604 cathedra
1163 2537 1340 2604 Dominum

292 2639 427 2726 laudat,
449 2665 517 2710 non
538 2642 623 2710 hanc
648 2655 843 2732 potestatem
864 2641 1015 2728 furatus,
1044 2665 1105 2710 nec
1133 2643 1171 2709 ea
1191 2665 1251 2733 per
1271 2643 1340 2714 vim

294 2751 434 2844 potitus,
464 2773 524 2818 nec
539 2749 700 2817 honorem
714 2764 923 2841 prosecutae,
941 2749 999 2818 sed
1014 2749 1056 2817 ab
1073 2750 1198 2818 honore
1218 2751 1338 2842 quaesi-

293 2875 359 2947 tuS,
381 2883 442 2928 nec
458 2859 606 2927 humano
624 2855 754 2941 favore,
779 2857 836 2926 sed
857 2857 1014 2927 divinitris
1031 2881 1068 2926 ac
1085 2857 1142 2926 Dei
1159 2859 1262 2948 gratia
1286 2883 1338 2926 sa-

293 2968 477 3038 cerdotium
489 2978 694 3035 consecutus.
705 2964 827 3031 Vertim
838 2963 879 3032 de
892 2962 976 3032 sedis
989 2964 1176 3056 principatu
1191 2963 1339 3033 hocloco

292 3099 352 3144 nos
364 3061 514 3165 expectet
528 3071 632 3140 oratio
645 3101 654 3158 3
673 3083 772 3161 atque
787 3070 822 3136 in
838 3072 892 3154 eat,
909 3095 984 3163 quae
1005 3071 1047 3140 ad
1060 3071 1249 3140 inferiorem
1265 3071 1339 3162 dig-

292 3181 403 3249 nitatis
417 3178 528 3246 locum
544 3176 705 3274 pertinet,
720 3175 872 3244 nonnihil
888 3176 1113 3245 immoremur.
1133 3179 1237 3260 Quale
1249 3177 1339 3245 enim

217 3320 221 3326 ·
292 3289 357 3357 hoc
376 3285 509 3380 quoque
524 3283 606 3352 mihi
621 3284 706 3374 pene
731 3283 876 3370 effluxit,
893 3284 928 3352 in
944 3283 1055 3354 medio
1073 3308 1206 3370 eorum,
1225 3309 1302 3378 quae
1320 3287 1338 3352 a

293 3394 389 3465 nobis
404 3403 658 3463 commemorata
673 3405 769 3476 sunt,
784 3392 916 3483 jacens¹
935 3391 942 3458 Ξ
965 3418 981 3455 »
1065 3403 1067 3408 ’

339 3504 385 3570 5⁰.
411 3499 591 3592 Episcopus
623 3509 755 3589 propter
782 3497 913 3567 eximias
943 3497 1079 3567 virtutes
1107 3511 1338 3585 consecratus,

291 3608 462 3678 haereticos
482 3603 611 3696 repellit
626 3603 768 3695 scriptis3
786 3602 880 3672 lactis
904 3617 1015 3672 autem
1039 3603 1170 3674 Valenti
1197 3605 1337 3691 resistit,

236 3775 244 3784 .
295 3717 388 3808 eujus
403 3714 449 3782 sic
467 3709 701 3804 persecutionis
717 3709 928 3778 acerbitatem
944 3709 1104 3801 depingit.

343 3848 359 3883 a
384 3818 486 3886 Porrb
517 3815 593 3886 crim
616 3812 753 3884 illustria
780 3814 914 3907 quidem
941 3815 1045 3905 prima
1074 3815 1163 3886 illius
1192 3816 1340 3887 facinora

331 3955 337 3980 ¹
350 3947 374 3995 S.
391 3947 461 4010 Greg.
473 3941 555 3993 Theol.
572 3944 638 3992 Orat.
654 3957 720 4006 rtur,
731 3959 754 3990 rr.
770 3939 813 4003 26,
827 3953 868 4005 27.
