<?xml version="1.0" encoding="UTF-8"?>
<!DOCTYPE html PUBLIC "-//W3C//DTD XHTML 1.0 Transitional//EN"
    "http://www.w3.org/TR/xhtml1/DTD/xhtml1-transitional.dtd">
<html xmlns="http://www.w3.org/1999/xhtml" xml:lang="en" lang="en">
 <head>
  <title>
</title>
<meta http-equiv="Content-Type" content="text/html;charset=utf-8" />
  <meta name='ocr-system' content='tesseract 3.04.00' />
  <meta name='ocr-capabilities' content='ocr_page ocr_carea ocr_par ocr_line ocrx_word'/>
</head>
<body>
  <div class='ocr_page' id='page_1' title='image "./rhetoricasancto00cailgoog_0497.png"; bbox 0 0 2982 4584; ppageno 0'>
   <div class='ocr_carea' id='block_1_1' title="bbox 177 487 1193 578">
    <p class='ocr_par' dir='ltr' id='par_1_1' title="bbox 177 487 1193 578">
     <span class='ocr_line' id='line_1_1' title="bbox 177 487 1193 578; baseline -0.008 -20"><span class='ocrx_word' id='word_1_1' title='bbox 177 509 179 516; x_wconf 78' lang='grc'>’</span> <span class='ocrx_word' id='word_1_2' title='bbox 292 496 355 558; x_wconf 79' lang='lat'><strong>502</strong></span> <span class='ocrx_word' id='word_1_3' title='bbox 442 487 621 554; x_wconf 75' lang='lat' dir='ltr'><strong>nnnrom&#39;ca</strong></span> <span class='ocrx_word' id='word_1_4' title='bbox 644 506 671 552; x_wconf 79' lang='grc' dir='ltr'><strong>ε.</strong></span> <span class='ocrx_word' id='word_1_5' title='bbox 696 499 849 568; x_wconf 70' lang='lat' dir='ltr'><strong>aurnum,</strong></span> <span class='ocrx_word' id='word_1_6' title='bbox 875 507 957 578; x_wconf 26' lang='lat' dir='ltr'><strong>raus·</strong></span> <span class='ocrx_word' id='word_1_7' title='bbox 973 512 1019 568; x_wconf 88' lang='lat'><strong>11,</strong></span> <span class='ocrx_word' id='word_1_8' title='bbox 1044 510 1129 553; x_wconf 80' lang='lat' dir='ltr'><strong>sacr.</strong></span> <span class='ocrx_word' id='word_1_9' title='bbox 1155 513 1193 553; x_wconf 89' lang='lat'><strong>1..</strong></span> 
     </span>
    </p>
   </div>
   <div class='ocr_carea' id='block_1_2' title="bbox 192 587 1408 3038">
    <p class='ocr_par' dir='ltr' id='par_1_2' title="bbox 192 587 1408 2396">
     <span class='ocr_line' id='line_1_2' title="bbox 290 587 1379 681; baseline 0 -15"><span class='ocrx_word' id='word_1_10' title='bbox 290 610 362 666; x_wconf 90' lang='lat' dir='ltr'><strong>tum</strong></span> <span class='ocrx_word' id='word_1_11' title='bbox 377 590 455 662; x_wconf 79' lang='lat' dir='ltr'><strong>inde</strong></span> <span class='ocrx_word' id='word_1_12' title='bbox 469 588 617 662; x_wconf 79' lang='lat' dir='ltr'><strong>fructum</strong></span> <span class='ocrx_word' id='word_1_13' title='bbox 639 611 771 681; x_wconf 86' lang='lat' dir='ltr'><strong>carpere</strong></span> <span class='ocrx_word' id='word_1_14' title='bbox 790 587 992 665; x_wconf 73' lang='lat' dir='ltr'><strong>debeamus?</strong></span> <span class='ocrx_word' id='word_1_15' title='bbox 1007 591 1143 668; x_wconf 76' lang='lat' dir='ltr'><strong>Etiamsi</strong></span> <span class='ocrx_word' id='word_1_16' title='bbox 1166 594 1255 664; x_wconf 89' lang='lat' dir='ltr'><strong>enim</strong></span> <span class='ocrx_word' id='word_1_17' title='bbox 1277 595 1332 666; x_wconf 85' lang='lat' dir='ltr'><strong>hic</strong></span> <span class='ocrx_word' id='word_1_18' title='bbox 1377 673 1379 676; x_wconf 57' lang='grc'><strong>,</strong></span> 
     </span>
     <span class='ocr_line' id='line_1_3' title="bbox 289 695 1332 790; baseline -0.002 -18"><span class='ocrx_word' id='word_1_19' title='bbox 289 722 418 790; x_wconf 87' lang='lat' dir='ltr'><strong>semper</strong></span> <span class='ocrx_word' id='word_1_20' title='bbox 428 698 573 768; x_wconf 90' lang='lat' dir='ltr'><strong>mansuri</strong></span> <span class='ocrx_word' id='word_1_21' title='bbox 589 719 753 783; x_wconf 87' lang='lat' dir='ltr'><strong>essemus,</strong></span> <span class='ocrx_word' id='word_1_22' title='bbox 773 696 824 768; x_wconf 91' lang='lat' dir='ltr'><strong>his</strong></span> <span class='ocrx_word' id='word_1_23' title='bbox 839 695 984 788; x_wconf 88' lang='lat' dir='ltr'><strong>pulchris</strong></span> <span class='ocrx_word' id='word_1_24' title='bbox 997 695 1182 790; x_wconf 81' lang='lat' dir='ltr'><strong>sumptibus</strong></span> <span class='ocrx_word' id='word_1_25' title='bbox 1197 721 1332 790; x_wconf 90' lang='lat' dir='ltr'><strong>parcere</strong></span> 
     </span>
     <span class='ocr_line' id='line_1_4' title="bbox 290 801 1331 898; baseline 0.001 -20"><span class='ocrx_word' id='word_1_26' title='bbox 290 830 360 878; x_wconf 93' lang='lat' dir='ltr'><strong>non</strong></span> <span class='ocrx_word' id='word_1_27' title='bbox 375 817 563 898; x_wconf 80' lang='lat' dir='ltr'><strong>oporteret3</strong></span> <span class='ocrx_word' id='word_1_28' title='bbox 585 805 663 874; x_wconf 78' lang='lat' dir='ltr'><strong>eum</strong></span> <span class='ocrx_word' id='word_1_29' title='bbox 679 818 789 874; x_wconf 90' lang='lat' dir='ltr'><strong>autem</strong></span> <span class='ocrx_word' id='word_1_30' title='bbox 806 817 880 896; x_wconf 93' lang='lat' dir='ltr'><strong>post</strong></span> <span class='ocrx_word' id='word_1_31' title='bbox 895 801 1061 876; x_wconf 79' lang='lat' dir='ltr'><strong>tantillum</strong></span> <span class='ocrx_word' id='word_1_32' title='bbox 1081 804 1237 896; x_wconf 91' lang='lat' dir='ltr'><strong>temporis</strong></span> <span class='ocrx_word' id='word_1_33' title='bbox 1253 807 1331 879; x_wconf 88' lang='lat' dir='ltr'><strong>hlnc</strong></span> 
     </span>
     <span class='ocr_line' id='line_1_5' title="bbox 287 909 1331 1006; baseline 0 -22"><span class='ocrx_word' id='word_1_34' title='bbox 287 913 477 1006; x_wconf 82' lang='lat' dir='ltr'><strong>migraturi,</strong></span> <span class='ocrx_word' id='word_1_35' title='bbox 499 911 647 1006; x_wconf 88' lang='lat' dir='ltr'><strong>nudique</strong></span> <span class='ocrx_word' id='word_1_36' title='bbox 669 909 818 1003; x_wconf 87' lang='lat' dir='ltr'><strong>rapiendi</strong></span> <span class='ocrx_word' id='word_1_37' title='bbox 839 909 963 996; x_wconf 89' lang='lat' dir='ltr'><strong>simus,</strong></span> <span class='ocrx_word' id='word_1_38' title='bbox 983 933 1084 1003; x_wconf 87' lang='lat' dir='ltr'><strong>quarn</strong></span> <span class='ocrx_word' id='word_1_39' title='bbox 1107 909 1331 984; x_wconf 80' lang='lat' dir='ltr'><strong>defensionem</strong></span> 
     </span>
     <span class='ocr_line' id='line_1_6' title="bbox 288 1007 1331 1114; baseline 0.001 -22"><span class='ocrx_word' id='word_1_40' title='bbox 288 1007 500 1104; x_wconf 86' lang='lat' dir='ltr'><strong>habebimus,</strong></span> <span class='ocrx_word' id='word_1_41' title='bbox 518 1018 577 1114; x_wconf 90' lang='lat' dir='ltr'><strong>qui</strong></span> <span class='ocrx_word' id='word_1_42' title='bbox 591 1040 632 1088; x_wconf 85' lang='lat' dir='ltr'><strong>ex</strong></span> <span class='ocrx_word' id='word_1_43' title='bbox 646 1016 871 1110; x_wconf 89' lang='lat' dir='ltr'><strong>proventibus,</strong></span> <span class='ocrx_word' id='word_1_44' title='bbox 885 1013 1042 1102; x_wconf 80' lang='lat' dir='ltr'><strong>famelicis</strong></span> <span class='ocrx_word' id='word_1_45' title='bbox 1052 1029 1085 1088; x_wconf 89' lang='lat' dir='ltr'><strong>et</strong></span> <span class='ocrx_word' id='word_1_46' title='bbox 1093 1018 1250 1108; x_wconf 89' lang='lat' dir='ltr'><strong>oppressis</strong></span> <span class='ocrx_word' id='word_1_47' title='bbox 1259 1043 1331 1093; x_wconf 91' lang='lat' dir='ltr'><strong>non</strong></span> 
     </span>
     <span class='ocr_line' id='line_1_7' title="bbox 200 1121 1328 1222; baseline -0.003 -23"><span class='ocrx_word' id='word_1_48' title='bbox 200 1177 208 1184; x_wconf 91' lang='lat'>-</span> <span class='ocrx_word' id='word_1_49' title='bbox 288 1129 471 1222; x_wconf 80' lang='lat' dir='ltr'><strong>largimur?</strong></span> <span class='ocrx_word' id='word_1_50' title='bbox 486 1129 562 1198; x_wconf 89' lang='lat' dir='ltr'><strong>Nou</strong></span> <span class='ocrx_word' id='word_1_51' title='bbox 578 1139 611 1194; x_wconf 92' lang='lat' dir='ltr'><strong>te</strong></span> <span class='ocrx_word' id='word_1_52' title='bbox 622 1147 706 1216; x_wconf 86' lang='lat' dir='ltr'><strong>cogo</strong></span> <span class='ocrx_word' id='word_1_53' title='bbox 721 1137 759 1197; x_wconf 89' lang='lat' dir='ltr'><strong>ut</strong></span> <span class='ocrx_word' id='word_1_54' title='bbox 770 1125 985 1216; x_wconf 83' lang='lat' dir='ltr'><strong>possessiones</strong></span> <span class='ocrx_word' id='word_1_55' title='bbox 997 1121 1125 1196; x_wconf 88' lang='lat' dir='ltr'><strong>minuas</strong></span> <span class='ocrx_word' id='word_1_56' title='bbox 1137 1155 1147 1213; x_wconf 77' lang='lat'><em>3</em></span> <span class='ocrx_word' id='word_1_57' title='bbox 1160 1147 1229 1195; x_wconf 89' lang='lat' dir='ltr'><strong>non</strong></span> <span class='ocrx_word' id='word_1_58' title='bbox 1239 1125 1328 1217; x_wconf 84' lang='lat' dir='ltr'><strong>qubd</strong></span> 
     </span>
     <span class='ocr_line' id='line_1_8' title="bbox 289 1227 1332 1325; baseline -0.002 -21"><span class='ocrx_word' id='word_1_59' title='bbox 289 1234 415 1324; x_wconf 71' lang='lat' dir='ltr'><strong>nolim,</strong></span> <span class='ocrx_word' id='word_1_60' title='bbox 432 1233 490 1304; x_wconf 86' lang='lat' dir='ltr'><strong>sed</strong></span> <span class='ocrx_word' id='word_1_61' title='bbox 508 1229 600 1325; x_wconf 85' lang='lat' dir='ltr'><strong>qubd</strong></span> <span class='ocrx_word' id='word_1_62' title='bbox 616 1244 648 1306; x_wconf 85' lang='lat' dir='ltr'><strong>te</strong></span> <span class='ocrx_word' id='word_1_63' title='bbox 667 1227 846 1302; x_wconf 82' lang='lat' dir='ltr'><strong>admoddm</strong></span> <span class='ocrx_word' id='word_1_64' title='bbox 865 1251 998 1319; x_wconf 84' lang='lat' dir='ltr'><strong>segnem</strong></span> <span class='ocrx_word' id='word_1_65' title='bbox 1020 1228 1161 1302; x_wconf 88' lang='lat' dir='ltr'><strong>videam.</strong></span> <span class='ocrx_word' id='word_1_66' title='bbox 1179 1233 1253 1302; x_wconf 90' lang='lat' dir='ltr'><strong>Non</strong></span> <span class='ocrx_word' id='word_1_67' title='bbox 1267 1231 1332 1302; x_wconf 94' lang='lat' dir='ltr'><strong>hoc</strong></span> 
     </span>
     <span class='ocr_line' id='line_1_9' title="bbox 290 1335 1334 1438; baseline -0.004 -26"><span class='ocrx_word' id='word_1_68' title='bbox 290 1344 369 1434; x_wconf 82' lang='lat' dir='ltr'><strong>ergo</strong></span> <span class='ocrx_word' id='word_1_69' title='bbox 384 1340 458 1438; x_wconf 83' lang='lat' dir='ltr'><strong>dico</strong></span> <span class='ocrx_word' id='word_1_70' title='bbox 474 1367 481 1408; x_wconf 92' lang='lat'><strong>:</strong></span> <span class='ocrx_word' id='word_1_71' title='bbox 499 1337 557 1408; x_wconf 90' lang='lat' dir='ltr'><strong>sed</strong></span> <span class='ocrx_word' id='word_1_72' title='bbox 569 1361 608 1406; x_wconf 85' lang='lat' dir='ltr'><strong>ex</strong></span> <span class='ocrx_word' id='word_1_73' title='bbox 620 1336 783 1412; x_wconf 86' lang='lat' dir='ltr'><strong>fructibus</strong></span> <span class='ocrx_word' id='word_1_74' title='bbox 807 1335 968 1428; x_wconf 84' lang='lat' dir='ltr'><strong>expende,</strong></span> <span class='ocrx_word' id='word_1_75' title='bbox 987 1357 1095 1427; x_wconf 89' lang='lat' dir='ltr'><strong>neque</strong></span> <span class='ocrx_word' id='word_1_76' title='bbox 1110 1336 1164 1410; x_wconf 86' lang='lat' dir='ltr'><strong>hle</strong></span> <span class='ocrx_word' id='word_1_77' title='bbox 1179 1340 1334 1428; x_wconf 83' lang='lat' dir='ltr'><strong>pecunias</strong></span> 
     </span>
     <span class='ocr_line' id='line_1_10' title="bbox 289 1445 1334 1542; baseline -0.008 -20"><span class='ocrx_word' id='word_1_78' title='bbox 289 1449 419 1542; x_wconf 88' lang='lat' dir='ltr'><strong>collige.</strong></span> <span class='ocrx_word' id='word_1_79' title='bbox 440 1447 522 1520; x_wconf 85' lang='lat' dir='ltr'><strong>Satis</strong></span> <span class='ocrx_word' id='word_1_80' title='bbox 543 1446 669 1536; x_wconf 77' lang='lat' dir='ltr'><strong>esttibi</strong></span> <span class='ocrx_word' id='word_1_81' title='bbox 685 1447 711 1517; x_wconf 92' lang='lat' dir='ltr'><strong>si</strong></span> <span class='ocrx_word' id='word_1_82' title='bbox 738 1445 953 1537; x_wconf 83' lang='lat' dir='ltr'><strong>pecuniarum</strong></span> <span class='ocrx_word' id='word_1_83' title='bbox 968 1458 1165 1536; x_wconf 87' lang='lat' dir='ltr'><strong>proventum</strong></span> <span class='ocrx_word' id='word_1_84' title='bbox 1185 1446 1280 1538; x_wconf 88' lang='lat' dir='ltr'><strong>quasi</strong></span> <span class='ocrx_word' id='word_1_85' title='bbox 1295 1470 1334 1516; x_wconf 83' lang='lat' dir='ltr'><strong>ex</strong></span> 
     </span>
     <span class='ocr_line' id='line_1_11' title="bbox 288 1551 1335 1652; baseline -0.003 -24"><span class='ocrx_word' id='word_1_86' title='bbox 288 1555 383 1628; x_wconf 83' lang='lat' dir='ltr'><strong>fonte</strong></span> <span class='ocrx_word' id='word_1_87' title='bbox 397 1555 554 1626; x_wconf 82' lang='lat' dir='ltr'><strong>fluentem</strong></span> <span class='ocrx_word' id='word_1_88' title='bbox 570 1552 711 1642; x_wconf 64' lang='lat' dir='ltr'><strong>habeam</strong></span> <span class='ocrx_word' id='word_1_89' title='bbox 730 1551 782 1626; x_wconf 85' lang='lat' dir='ltr'><strong>l&#39;ac</strong></span> <span class='ocrx_word' id='word_1_90' title='bbox 794 1573 906 1626; x_wconf 83' lang='lat' dir='ltr'><strong>earum</strong></span> <span class='ocrx_word' id='word_1_91' title='bbox 921 1563 1089 1623; x_wconf 81' lang='lat' dir='ltr'><strong>consortes</strong></span> <span class='ocrx_word' id='word_1_92' title='bbox 1099 1573 1281 1652; x_wconf 89' lang='lat' dir='ltr'><strong>pauperes,</strong></span> <span class='ocrx_word' id='word_1_93' title='bbox 1301 1567 1335 1625; x_wconf 86' lang='lat' dir='ltr'><strong>et</strong></span> 
     </span>
     <span class='ocr_line' id='line_1_12' title="bbox 288 1657 1333 1752; baseline -0.004 -18"><span class='ocrx_word' id='word_1_94' title='bbox 288 1677 359 1737; x_wconf 88' lang='lat' dir='ltr'><strong>esto</strong></span> <span class='ocrx_word' id='word_1_95' title='bbox 374 1664 482 1732; x_wconf 86' lang='lat' dir='ltr'><strong>bouus</strong></span> <span class='ocrx_word' id='word_1_96' title='bbox 499 1683 691 1734; x_wconf 85' lang='lat' dir='ltr'><strong>oeconomus</strong></span> <span class='ocrx_word' id='word_1_97' title='bbox 715 1681 848 1745; x_wconf 90' lang='lat' dir='ltr'><strong>eorum,</strong></span> <span class='ocrx_word' id='word_1_98' title='bbox 866 1657 1016 1752; x_wconf 75' lang='lat' dir='ltr'><strong>quaejtibt</strong></span> <span class='ocrx_word' id='word_1_99' title='bbox 1030 1657 1049 1726; x_wconf 76' lang='lat' dir='ltr'><strong>a</strong></span> <span class='ocrx_word' id='word_1_100' title='bbox 1065 1661 1134 1728; x_wconf 89' lang='lat' dir='ltr'><strong>Deo</strong></span> <span class='ocrx_word' id='word_1_101' title='bbox 1145 1657 1223 1731; x_wconf 83' lang='lat' dir='ltr'><strong>data</strong></span> <span class='ocrx_word' id='word_1_102' title='bbox 1242 1674 1333 1737; x_wconf 82' lang='lat' dir='ltr'><strong>suut.</strong></span> 
     </span>
     <span class='ocr_line' id='line_1_13' title="bbox 291 1763 1337 1862; baseline 0.001 -20"><span class='ocrx_word' id='word_1_103' title='bbox 291 1771 366 1856; x_wconf 87' lang='lat' dir='ltr'><strong>sed,</strong></span> <span class='ocrx_word' id='word_1_104' title='bbox 375 1768 516 1862; x_wconf 87' lang='lat' dir='ltr'><strong>inquies,</strong></span> <span class='ocrx_word' id='word_1_105' title='bbox 530 1765 701 1856; x_wconf 85' lang='lat' dir='ltr'><strong>vectigalia</strong></span> <span class='ocrx_word' id='word_1_106' title='bbox 712 1767 834 1858; x_wconf 82' lang='lat' dir='ltr'><strong>pendo.</strong></span> <span class='ocrx_word' id='word_1_107' title='bbox 843 1763 977 1842; x_wconf 74' lang='lat' dir='ltr'><strong>Ideo-ne</strong></span> <span class='ocrx_word' id='word_1_108' title='bbox 994 1765 1047 1837; x_wconf 83' lang='lat' dir='ltr'><strong>tte</strong></span> <span class='ocrx_word' id='word_1_109' title='bbox 1058 1767 1242 1838; x_wconf 81' lang='lat' dir='ltr'><strong>contemnis</strong></span> <span class='ocrx_word' id='word_1_110' title='bbox 1256 1767 1337 1861; x_wconf 86' lang='lat' dir='ltr'><strong>quia</strong></span> 
     </span>
     <span class='ocr_line' id='line_1_14' title="bbox 290 1871 1408 1967; baseline -0.006 -17"><span class='ocrx_word' id='word_1_111' title='bbox 290 1900 388 1950; x_wconf 91' lang='lat' dir='ltr'><strong>nemo</strong></span> <span class='ocrx_word' id='word_1_112' title='bbox 404 1875 525 1967; x_wconf 79' lang='lat' dir='ltr'><strong>exigit?</strong></span> <span class='ocrx_word' id='word_1_113' title='bbox 536 1877 581 1944; x_wconf 88' lang='lat' dir='ltr'><strong>Et</strong></span> <span class='ocrx_word' id='word_1_114' title='bbox 591 1871 641 1944; x_wconf 90' lang='lat' dir='ltr'><strong>illi</strong></span> <span class='ocrx_word' id='word_1_115' title='bbox 651 1871 786 1964; x_wconf 83' lang='lat' dir='ltr'><strong>quidem</strong></span> <span class='ocrx_word' id='word_1_116' title='bbox 802 1871 871 1964; x_wconf 88' lang='lat' dir='ltr'><strong>qui,</strong></span> <span class='ocrx_word' id='word_1_117' title='bbox 885 1871 953 1942; x_wconf 74' lang='lat' dir='ltr'><strong>sive</strong></span> <span class='ocrx_word' id='word_1_118' title='bbox 968 1885 1053 1943; x_wconf 89' lang='lat' dir='ltr'><strong>terra</strong></span> <span class='ocrx_word' id='word_1_119' title='bbox 1064 1886 1265 1964; x_wconf 87' lang='lat' dir='ltr'><strong>proventum</strong></span> <span class='ocrx_word' id='word_1_120' title='bbox 1281 1887 1337 1946; x_wconf 92' lang='lat' dir='ltr'><strong>tu·</strong></span> <span class='ocrx_word' id='word_1_121' title='bbox 1404 1871 1408 1876; x_wconf 67' lang='grc'><strong>’</strong></span> 
     </span>
     <span class='ocr_line' id='line_1_15' title="bbox 288 1979 1334 2074; baseline -0.003 -19"><span class='ocrx_word' id='word_1_122' title='bbox 288 1985 385 2070; x_wconf 90' lang='lat' dir='ltr'><strong>lerit,</strong></span> <span class='ocrx_word' id='word_1_123' title='bbox 403 1981 470 2054; x_wconf 76' lang='lat' dir='ltr'><strong>sive</strong></span> <span class='ocrx_word' id='word_1_124' title='bbox 485 1980 596 2068; x_wconf 79' lang='lat' dir='ltr'><strong>socias,</strong></span> <span class='ocrx_word' id='word_1_125' title='bbox 613 1993 647 2050; x_wconf 89' lang='lat' dir='ltr'><strong>te</strong></span> <span class='ocrx_word' id='word_1_126' title='bbox 660 1979 748 2069; x_wconf 84' lang='lat' dir='ltr'><strong>cogit</strong></span> <span class='ocrx_word' id='word_1_127' title='bbox 762 1992 796 2051; x_wconf 84' lang='lat' dir='ltr'><strong>et</strong></span> <span class='ocrx_word' id='word_1_128' title='bbox 806 1993 914 2060; x_wconf 85' lang='lat' dir='ltr'><strong>vexat,</strong></span> <span class='ocrx_word' id='word_1_129' title='bbox 931 2002 1113 2072; x_wconf 86' lang='lat' dir='ltr'><strong>repugnare</strong></span> <span class='ocrx_word' id='word_1_130' title='bbox 1129 2004 1196 2056; x_wconf 88' lang='lat' dir='ltr'><strong>uon</strong></span> <span class='ocrx_word' id='word_1_131' title='bbox 1211 1979 1334 2074; x_wconf 82' lang='lat' dir='ltr'><strong>audes;</strong></span> 
     </span>
     <span class='ocr_line' id='line_1_16' title="bbox 289 2080 1336 2180; baseline -0.004 -18"><span class='ocrx_word' id='word_1_132' title='bbox 289 2092 339 2162; x_wconf 91' lang='lat' dir='ltr'><strong>illi</strong></span> <span class='ocrx_word' id='word_1_133' title='bbox 353 2092 431 2160; x_wconf 87' lang='lat' dir='ltr'><strong>verb</strong></span> <span class='ocrx_word' id='word_1_134' title='bbox 446 2089 504 2180; x_wconf 90' lang='lat' dir='ltr'><strong>qui</strong></span> <span class='ocrx_word' id='word_1_135' title='bbox 519 2089 565 2157; x_wconf 76' lang='lat' dir='ltr'><strong>iu</strong></span> <span class='ocrx_word' id='word_1_136' title='bbox 576 2099 767 2158; x_wconf 88' lang='lat' dir='ltr'><strong>mansuetus</strong></span> <span class='ocrx_word' id='word_1_137' title='bbox 781 2099 841 2172; x_wconf 90' lang='lat' dir='ltr'><strong>est,</strong></span> <span class='ocrx_word' id='word_1_138' title='bbox 861 2100 894 2156; x_wconf 91' lang='lat' dir='ltr'><strong>et</strong></span> <span class='ocrx_word' id='word_1_139' title='bbox 910 2100 990 2156; x_wconf 92' lang='lat' dir='ltr'><strong>tunc</strong></span> <span class='ocrx_word' id='word_1_140' title='bbox 1004 2080 1111 2156; x_wconf 76' lang='lat' dir='ltr'><strong>solum</strong></span> <span class='ocrx_word' id='word_1_141' title='bbox 1126 2088 1239 2178; x_wconf 86' lang='lat' dir='ltr'><strong>exigit,</strong></span> <span class='ocrx_word' id='word_1_142' title='bbox 1254 2088 1336 2161; x_wconf 79' lang='lat' dir='ltr'><strong>edm</strong></span> 
     </span>
     <span class='ocr_line' id='line_1_17' title="bbox 291 2189 1335 2294; baseline -0.004 -26"><span class='ocrx_word' id='word_1_143' title='bbox 291 2211 377 2268; x_wconf 89' lang='lat' dir='ltr'><strong>terra</strong></span> <span class='ocrx_word' id='word_1_144' title='bbox 389 2193 585 2294; x_wconf 83' lang='lat' dir='ltr'><strong>protulerit,</strong></span> <span class='ocrx_word' id='word_1_145' title='bbox 599 2214 641 2266; x_wconf 83' lang='lat' dir='ltr'><strong>ue</strong></span> <span class='ocrx_word' id='word_1_146' title='bbox 652 2191 791 2268; x_wconf 85' lang='lat' dir='ltr'><strong>verbum</strong></span> <span class='ocrx_word' id='word_1_147' title='bbox 802 2189 937 2286; x_wconf 88' lang='lat' dir='ltr'><strong>quidem</strong></span> <span class='ocrx_word' id='word_1_148' title='bbox 953 2193 1129 2286; x_wconf 88' lang='lat' dir='ltr'><strong>respondes</strong></span> <span class='ocrx_word' id='word_1_149' title='bbox 1140 2196 1155 2260; x_wconf 74' lang='lat' dir='ltr'><strong>‘t</strong></span> <span class='ocrx_word' id='word_1_150' title='bbox 1165 2195 1288 2288; x_wconf 85' lang='lat' dir='ltr'><strong>Ecquis</strong></span> <span class='ocrx_word' id='word_1_151' title='bbox 1301 2208 1335 2267; x_wconf 89' lang='lat' dir='ltr'><strong>te</strong></span> 
     </span>
     <span class='ocr_line' id='line_1_18' title="bbox 192 2291 1331 2396; baseline -0.005 -19"><span class='ocrx_word' id='word_1_152' title='bbox 192 2385 194 2390; x_wconf 56' lang='grc'>,</span> <span class='ocrx_word' id='word_1_153' title='bbox 288 2303 442 2377; x_wconf 83' lang='lat' dir='ltr'><strong>liberabit</strong></span> <span class='ocrx_word' id='word_1_154' title='bbox 457 2303 499 2372; x_wconf 91' lang='lat' dir='ltr'><strong>ab</strong></span> <span class='ocrx_word' id='word_1_155' title='bbox 519 2299 783 2373; x_wconf 82' lang='lat' dir='ltr'><strong>intolerabilibus</strong></span> <span class='ocrx_word' id='word_1_156' title='bbox 798 2291 1071 2394; x_wconf 73' lang='lat' dir='ltr'><strong>illissuppliciisl</strong></span> <span class='ocrx_word' id='word_1_157' title='bbox 1086 2301 1204 2376; x_wconf 87' lang='lat' dir='ltr'><strong>Nullus</strong></span> <span class='ocrx_word' id='word_1_158' title='bbox 1219 2302 1331 2396; x_wconf 74' lang='lat' dir='ltr'><strong>plane.</strong></span> 
     </span>
    </p>

    <p class='ocr_par' dir='ltr' id='par_1_3' title="bbox 229 2407 1334 3038">
     <span class='ocr_line' id='line_1_19' title="bbox 229 2407 1334 2502; baseline -0.006 -16"><span class='ocrx_word' id='word_1_159' title='bbox 229 2435 232 2439; x_wconf 86' lang='grc'><strong><em>·</em></strong></span> <span class='ocrx_word' id='word_1_160' title='bbox 291 2416 325 2488; x_wconf 91' lang='lat' dir='ltr'><strong>Si</strong></span> <span class='ocrx_word' id='word_1_161' title='bbox 340 2413 429 2484; x_wconf 92' lang='lat' dir='ltr'><strong>enim</strong></span> <span class='ocrx_word' id='word_1_162' title='bbox 444 2410 498 2481; x_wconf 88' lang='lat' dir='ltr'><strong>hle</strong></span> <span class='ocrx_word' id='word_1_163' title='bbox 513 2411 589 2480; x_wconf 87' lang='lat' dir='ltr'><strong>ideb</strong></span> <span class='ocrx_word' id='word_1_164' title='bbox 602 2407 747 2480; x_wconf 75' lang='lat' dir='ltr'><strong>studiosa</strong></span> <span class='ocrx_word' id='word_1_165' title='bbox 765 2407 878 2494; x_wconf 89' lang='lat' dir='ltr'><strong>solvis,</strong></span> <span class='ocrx_word' id='word_1_166' title='bbox 901 2410 979 2502; x_wconf 86' lang='lat' dir='ltr'><strong>quia</strong></span> <span class='ocrx_word' id='word_1_167' title='bbox 993 2432 1062 2480; x_wconf 92' lang='lat' dir='ltr'><strong>non</strong></span> <span class='ocrx_word' id='word_1_168' title='bbox 1076 2408 1169 2483; x_wconf 88' lang='lat' dir='ltr'><strong>danti</strong></span> <span class='ocrx_word' id='word_1_169' title='bbox 1184 2411 1334 2501; x_wconf 80' lang='lat' dir='ltr'><strong>gravissi-</strong></span> 
     </span>
     <span class='ocr_line' id='line_1_20' title="bbox 289 2517 1333 2612; baseline -0.002 -22"><span class='ocrx_word' id='word_1_170' title='bbox 289 2545 353 2591; x_wconf 81' lang='lat' dir='ltr'><strong>mae</strong></span> <span class='ocrx_word' id='word_1_171' title='bbox 375 2543 486 2612; x_wconf 81' lang='lat' dir='ltr'><strong>poenae</strong></span> <span class='ocrx_word' id='word_1_172' title='bbox 505 2531 633 2610; x_wconf 85' lang='lat' dir='ltr'><strong>paratae</strong></span> <span class='ocrx_word' id='word_1_173' title='bbox 648 2530 746 2606; x_wconf 74' lang='lat' dir='ltr'><strong>sunt3</strong></span> <span class='ocrx_word' id='word_1_174' title='bbox 763 2517 884 2606; x_wconf 82' lang='lat' dir='ltr'><strong>cogites</strong></span> <span class='ocrx_word' id='word_1_175' title='bbox 903 2517 1003 2594; x_wconf 84' lang='lat' dir='ltr'><strong>velim</strong></span> <span class='ocrx_word' id='word_1_176' title='bbox 1017 2517 1072 2592; x_wconf 88' lang='lat' dir='ltr'><strong>hlo</strong></span> <span class='ocrx_word' id='word_1_177' title='bbox 1100 2518 1262 2610; x_wconf 82' lang='lat' dir='ltr'><strong>graviores</strong></span> <span class='ocrx_word' id='word_1_178' title='bbox 1278 2542 1333 2610; x_wconf 93' lang='lat' dir='ltr'><strong>pa-</strong></span> 
     </span>
     <span class='ocr_line' id='line_1_21' title="bbox 290 2623 1332 2718; baseline 0.004 -22"><span class='ocrx_word' id='word_1_179' title='bbox 290 2627 374 2712; x_wconf 89' lang='lat' dir='ltr'><strong>rari,</strong></span> <span class='ocrx_word' id='word_1_180' title='bbox 392 2648 461 2696; x_wconf 93' lang='lat' dir='ltr'><strong>non</strong></span> <span class='ocrx_word' id='word_1_181' title='bbox 484 2624 576 2716; x_wconf 86' lang='lat' dir='ltr'><strong>qudd</strong></span> <span class='ocrx_word' id='word_1_182' title='bbox 594 2623 733 2697; x_wconf 86' lang='lat' dir='ltr'><strong>vinculis</strong></span> <span class='ocrx_word' id='word_1_183' title='bbox 753 2623 1007 2714; x_wconf 86' lang='lat' dir='ltr'><strong>constringaris,</strong></span> <span class='ocrx_word' id='word_1_184' title='bbox 1030 2647 1099 2698; x_wconf 88' lang='lat' dir='ltr'><strong>non</strong></span> <span class='ocrx_word' id='word_1_185' title='bbox 1114 2624 1207 2718; x_wconf 84' lang='lat' dir='ltr'><strong>qubd</strong></span> <span class='ocrx_word' id='word_1_186' title='bbox 1218 2625 1253 2696; x_wconf 87' lang='lat' dir='ltr'><strong>in</strong></span> <span class='ocrx_word' id='word_1_187' title='bbox 1264 2649 1332 2700; x_wconf 78' lang='lat' dir='ltr'><strong>car-</strong></span> 
     </span>
     <span class='ocr_line' id='line_1_22' title="bbox 288 2728 1329 2824; baseline 0.001 -21"><span class='ocrx_word' id='word_1_188' title='bbox 288 2755 396 2804; x_wconf 87' lang='lat' dir='ltr'><strong>cerem</strong></span> <span class='ocrx_word' id='word_1_189' title='bbox 419 2730 622 2824; x_wconf 79' lang='lat' dir='ltr'><strong>conjiciatis,</strong></span> <span class='ocrx_word' id='word_1_190' title='bbox 654 2729 713 2800; x_wconf 83' lang='lat' dir='ltr'><strong>sed</strong></span> <span class='ocrx_word' id='word_1_191' title='bbox 738 2728 829 2822; x_wconf 85' lang='lat' dir='ltr'><strong>qudd</strong></span> <span class='ocrx_word' id='word_1_192' title='bbox 845 2730 880 2798; x_wconf 92' lang='lat' dir='ltr'><strong>in</strong></span> <span class='ocrx_word' id='word_1_193' title='bbox 902 2731 1012 2821; x_wconf 86' lang='lat' dir='ltr'><strong>iguem</strong></span> <span class='ocrx_word' id='word_1_194' title='bbox 1036 2731 1133 2803; x_wconf 85' lang='lat' dir='ltr'><strong>abeas</strong></span> <span class='ocrx_word' id='word_1_195' title='bbox 1154 2744 1329 2805; x_wconf 87' lang='lat' dir='ltr'><strong>aeternum.</strong></span> 
     </span>
     <span class='ocr_line' id='line_1_23' title="bbox 287 2834 1333 2935; baseline -0.001 -26"><span class='ocrx_word' id='word_1_196' title='bbox 287 2837 512 2925; x_wconf 84' lang='lat' dir='ltr'><strong>Quamobrem</strong></span> <span class='ocrx_word' id='word_1_197' title='bbox 523 2839 595 2906; x_wconf 88' lang='lat' dir='ltr'><strong>haec</strong></span> <span class='ocrx_word' id='word_1_198' title='bbox 604 2834 886 2935; x_wconf 83' lang='lat' dir='ltr'><strong>primavactigalia</strong></span> <span class='ocrx_word' id='word_1_199' title='bbox 895 2836 1069 2909; x_wconf 86' lang='lat' dir='ltr'><strong>solvamus.</strong></span> <span class='ocrx_word' id='word_1_200' title='bbox 1079 2843 1198 2928; x_wconf 86' lang='lat' dir='ltr'><strong>Magna</strong></span> <span class='ocrx_word' id='word_1_201' title='bbox 1207 2840 1333 2932; x_wconf 71' lang='lat' dir='ltr'><strong>quippe</strong></span> 
     </span>
     <span class='ocr_line' id='line_1_24' title="bbox 287 2943 1333 3038; baseline -0.002 -19"><span class='ocrx_word' id='word_1_202' title='bbox 287 2947 444 3032; x_wconf 88' lang='lat' dir='ltr'><strong>facilitas,</strong></span> <span class='ocrx_word' id='word_1_203' title='bbox 462 2947 565 3038; x_wconf 88' lang='lat' dir='ltr'><strong>major</strong></span> <span class='ocrx_word' id='word_1_204' title='bbox 581 2965 716 3029; x_wconf 88' lang='lat' dir='ltr'><strong>merces,</strong></span> <span class='ocrx_word' id='word_1_205' title='bbox 734 2943 896 3036; x_wconf 84' lang='lat' dir='ltr'><strong>copiosior</strong></span> <span class='ocrx_word' id='word_1_206' title='bbox 910 2945 1108 3035; x_wconf 85' lang='lat' dir='ltr'><strong>negotiatio,</strong></span> <span class='ocrx_word' id='word_1_207' title='bbox 1123 2946 1253 3036; x_wconf 76' lang='lat' dir='ltr'><strong>gravior</strong></span> <span class='ocrx_word' id='word_1_208' title='bbox 1269 2971 1333 3019; x_wconf 90' lang='lat' dir='ltr'><strong>no-</strong></span> 
     </span>
    </p>
   </div>
   <div class='ocr_carea' id='block_1_3' title="bbox 98 3028 1330 3146">
    <p class='ocr_par' dir='ltr' id='par_1_4' title="bbox 98 3028 1330 3146">
     <span class='ocr_line' id='line_1_25' title="bbox 98 3028 1330 3146; baseline 0.001 -21"><span class='ocrx_word' id='word_1_209' title='bbox 98 3028 102 3036; x_wconf 34' lang='grc'><em>’</em></span> <span class='ocrx_word' id='word_1_210' title='bbox 168 3086 170 3091; x_wconf 96' lang='grc'><strong><em>·</em></strong></span> <span class='ocrx_word' id='word_1_211' title='bbox 287 3056 338 3125; x_wconf 90' lang='lat' dir='ltr'><strong>bis</strong></span> <span class='ocrx_word' id='word_1_212' title='bbox 352 3053 459 3139; x_wconf 92' lang='lat' dir='ltr'><strong>ultio,</strong></span> <span class='ocrx_word' id='word_1_213' title='bbox 477 3053 504 3121; x_wconf 91' lang='lat' dir='ltr'><strong>si</strong></span> <span class='ocrx_word' id='word_1_214' title='bbox 519 3052 668 3143; x_wconf 77' lang='lat' dir='ltr'><strong>improbe</strong></span> <span class='ocrx_word' id='word_1_215' title='bbox 687 3073 830 3140; x_wconf 84' lang='lat' dir='ltr'><strong>agamus.</strong></span> <span class='ocrx_word' id='word_1_216' title='bbox 847 3053 929 3124; x_wconf 79' lang='lat' dir='ltr'><strong>Nam</strong></span> <span class='ocrx_word' id='word_1_217' title='bbox 951 3049 1148 3146; x_wconf 83' lang='lat' dir='ltr'><strong>supplicium</strong></span> <span class='ocrx_word' id='word_1_218' title='bbox 1165 3075 1225 3127; x_wconf 90' lang='lat' dir='ltr'><strong>nos</strong></span> <span class='ocrx_word' id='word_1_219' title='bbox 1242 3054 1330 3125; x_wconf 85' lang='lat' dir='ltr'><strong>exci-</strong></span> 
     </span>
    </p>
   </div>
   <div class='ocr_carea' id='block_1_4' title="bbox 246 3157 1331 4114">
    <p class='ocr_par' dir='ltr' id='par_1_5' title="bbox 282 3157 1331 3895">
     <span class='ocr_line' id='line_1_26' title="bbox 285 3157 1328 3256; baseline 0.006 -27"><span class='ocrx_word' id='word_1_220' title='bbox 285 3162 356 3256; x_wconf 89' lang='lat' dir='ltr'><strong>piet</strong></span> <span class='ocrx_word' id='word_1_221' title='bbox 369 3158 500 3228; x_wconf 91' lang='lat' dir='ltr'><strong>nullum</strong></span> <span class='ocrx_word' id='word_1_222' title='bbox 510 3159 610 3228; x_wconf 89' lang='lat' dir='ltr'><strong>linem</strong></span> <span class='ocrx_word' id='word_1_223' title='bbox 619 3157 822 3228; x_wconf 89' lang='lat' dir='ltr'><strong>habiturum.</strong></span> <span class='ocrx_word' id='word_1_224' title='bbox 831 3157 929 3240; x_wconf 78' lang='lat' dir='ltr'><strong>Quod</strong></span> <span class='ocrx_word' id='word_1_225' title='bbox 936 3159 963 3227; x_wconf 90' lang='lat' dir='ltr'><strong>si</strong></span> <span class='ocrx_word' id='word_1_226' title='bbox 974 3159 1055 3231; x_wconf 86' lang='lat' dir='ltr'><strong>mibi</strong></span> <span class='ocrx_word' id='word_1_227' title='bbox 1067 3159 1186 3229; x_wconf 91' lang='lat' dir='ltr'><strong>milites</strong></span> <span class='ocrx_word' id='word_1_228' title='bbox 1195 3159 1328 3254; x_wconf 83' lang='lat' dir='ltr'><strong>alleges,</strong></span> 
     </span>
     <span class='ocr_line' id='line_1_27' title="bbox 285 3263 1331 3364; baseline 0.004 -28"><span class='ocrx_word' id='word_1_229' title='bbox 285 3269 344 3364; x_wconf 91' lang='lat' dir='ltr'><strong>qui</strong></span> <span class='ocrx_word' id='word_1_230' title='bbox 359 3290 419 3360; x_wconf 86' lang='lat' dir='ltr'><strong>pro</strong></span> <span class='ocrx_word' id='word_1_231' title='bbox 435 3267 593 3336; x_wconf 79' lang='lat' dir='ltr'><strong>tecontrb</strong></span> <span class='ocrx_word' id='word_1_232' title='bbox 608 3263 764 3334; x_wconf 85' lang='lat' dir='ltr'><strong>barbaros</strong></span> <span class='ocrx_word' id='word_1_233' title='bbox 787 3281 959 3356; x_wconf 71' lang='lat' dir='ltr'><strong>pugnant,</strong></span> <span class='ocrx_word' id='word_1_234' title='bbox 976 3268 1231 3360; x_wconf 73' lang='lat' dir='ltr'><strong>estquoquehic</strong></span> <span class='ocrx_word' id='word_1_235' title='bbox 1242 3293 1331 3362; x_wconf 87' lang='lat' dir='ltr'><strong>pau·</strong></span> 
     </span>
     <span class='ocr_line' id='line_1_28' title="bbox 285 3361 1329 3474; baseline 0.001 -27"><span class='ocrx_word' id='word_1_236' title='bbox 285 3385 402 3471; x_wconf 89' lang='lat' dir='ltr'><strong>perum</strong></span> <span class='ocrx_word' id='word_1_237' title='bbox 426 3374 605 3458; x_wconf 81' lang='lat' dir='ltr'><strong>exercitus,</strong></span> <span class='ocrx_word' id='word_1_238' title='bbox 625 3373 683 3467; x_wconf 92' lang='lat' dir='ltr'><strong>qui</strong></span> <span class='ocrx_word' id='word_1_239' title='bbox 698 3396 759 3465; x_wconf 90' lang='lat' dir='ltr'><strong>pro</strong></span> <span class='ocrx_word' id='word_1_240' title='bbox 775 3386 808 3442; x_wconf 87' lang='lat' dir='ltr'><strong>te</strong></span> <span class='ocrx_word' id='word_1_241' title='bbox 827 3366 953 3445; x_wconf 87' lang='lat' dir='ltr'><strong>bellum</strong></span> <span class='ocrx_word' id='word_1_242' title='bbox 970 3389 1088 3464; x_wconf 86' lang='lat' dir='ltr'><strong>gerunt</strong></span> <span class='ocrx_word' id='word_1_243' title='bbox 1103 3361 1136 3474; x_wconf 82' lang='lat' dir='ltr'><strong>et</strong></span> <span class='ocrx_word' id='word_1_244' title='bbox 1162 3392 1329 3470; x_wconf 86' lang='lat' dir='ltr'><strong>pugnant.</strong></span> 
     </span>
     <span class='ocr_line' id='line_1_29' title="bbox 285 3478 1330 3576; baseline -0.002 -20"><span class='ocrx_word' id='word_1_245' title='bbox 285 3485 371 3556; x_wconf 81' lang='lat' dir='ltr'><strong>Ciam</strong></span> <span class='ocrx_word' id='word_1_246' title='bbox 397 3483 486 3552; x_wconf 89' lang='lat' dir='ltr'><strong>enirn</strong></span> <span class='ocrx_word' id='word_1_247' title='bbox 501 3480 689 3572; x_wconf 88' lang='lat' dir='ltr'><strong>accipiunt,</strong></span> <span class='ocrx_word' id='word_1_248' title='bbox 705 3478 858 3570; x_wconf 88' lang='lat' dir='ltr'><strong>precibus</strong></span> <span class='ocrx_word' id='word_1_249' title='bbox 874 3485 979 3550; x_wconf 90' lang='lat' dir='ltr'><strong>Deum</strong></span> <span class='ocrx_word' id='word_1_250' title='bbox 998 3481 1058 3555; x_wconf 85' lang='lat' dir='ltr'><strong>tibi</strong></span> <span class='ocrx_word' id='word_1_251' title='bbox 1078 3481 1234 3576; x_wconf 85' lang='lat' dir='ltr'><strong>placant:</strong></span> <span class='ocrx_word' id='word_1_252' title='bbox 1253 3481 1330 3576; x_wconf 85' lang='lat' dir='ltr'><strong>pla-</strong></span> 
     </span>
     <span class='ocr_line' id='line_1_30' title="bbox 284 3585 1330 3672; baseline -0.005 -12"><span class='ocrx_word' id='word_1_253' title='bbox 284 3602 395 3660; x_wconf 89' lang='lat' dir='ltr'><strong>cantes</strong></span> <span class='ocrx_word' id='word_1_254' title='bbox 412 3602 544 3672; x_wconf 89' lang='lat' dir='ltr'><strong>autem,</strong></span> <span class='ocrx_word' id='word_1_255' title='bbox 562 3609 631 3657; x_wconf 91' lang='lat' dir='ltr'><strong>non</strong></span> <span class='ocrx_word' id='word_1_256' title='bbox 647 3585 824 3671; x_wconf 81' lang='lat' dir='ltr'><strong>barbaros,</strong></span> <span class='ocrx_word' id='word_1_257' title='bbox 842 3587 898 3656; x_wconf 90' lang='lat' dir='ltr'><strong>sed</strong></span> <span class='ocrx_word' id='word_1_258' title='bbox 922 3585 1111 3664; x_wconf 69' lang='lat' dir='ltr'><strong>damonum</strong></span> <span class='ocrx_word' id='word_1_259' title='bbox 1128 3588 1261 3661; x_wconf 80' lang='lat' dir='ltr'><strong>insidias</strong></span> <span class='ocrx_word' id='word_1_260' title='bbox 1279 3613 1330 3662; x_wconf 85' lang='lat' dir='ltr'><strong>re-</strong></span> 
     </span>
     <span class='ocr_line' id='line_1_31' title="bbox 282 3691 1328 3789; baseline 0.002 -25"><span class='ocrx_word' id='word_1_261' title='bbox 282 3695 411 3789; x_wconf 90' lang='lat' dir='ltr'><strong>pellunt</strong></span> <span class='ocrx_word' id='word_1_262' title='bbox 428 3717 516 3764; x_wconf 85' lang='lat' dir='ltr'><strong>:non</strong></span> <span class='ocrx_word' id='word_1_263' title='bbox 531 3691 728 3785; x_wconf 88' lang='lat' dir='ltr'><strong>permittunt</strong></span> <span class='ocrx_word' id='word_1_264' title='bbox 743 3703 781 3764; x_wconf 89' lang='lat' dir='ltr'><strong>ut</strong></span> <span class='ocrx_word' id='word_1_265' title='bbox 796 3705 829 3762; x_wconf 91' lang='lat' dir='ltr'><strong>te</strong></span> <span class='ocrx_word' id='word_1_266' title='bbox 841 3692 1004 3785; x_wconf 85' lang='lat' dir='ltr'><strong>malignus</strong></span> <span class='ocrx_word' id='word_1_267' title='bbox 1016 3693 1071 3770; x_wconf 86' lang='lat' dir='ltr'><strong>ille</strong></span> <span class='ocrx_word' id='word_1_268' title='bbox 1081 3693 1215 3770; x_wconf 71' lang='lat' dir='ltr'><strong>fortiter</strong></span> <span class='ocrx_word' id='word_1_269' title='bbox 1231 3697 1328 3768; x_wconf 89' lang='lat' dir='ltr'><strong>inva-</strong></span> 
     </span>
     <span class='ocr_line' id='line_1_32' title="bbox 282 3797 1325 3895; baseline 0.006 -23"><span class='ocrx_word' id='word_1_270' title='bbox 282 3801 352 3888; x_wconf 88' lang='lat' dir='ltr'><strong>dat,</strong></span> <span class='ocrx_word' id='word_1_271' title='bbox 369 3824 429 3871; x_wconf 91' lang='lat' dir='ltr'><strong>nec</strong></span> <span class='ocrx_word' id='word_1_272' title='bbox 446 3813 484 3870; x_wconf 91' lang='lat' dir='ltr'><strong>ut</strong></span> <span class='ocrx_word' id='word_1_273' title='bbox 498 3799 690 3894; x_wconf 84' lang='lat' dir='ltr'><strong>frequenter</strong></span> <span class='ocrx_word' id='word_1_274' title='bbox 704 3797 872 3893; x_wconf 86' lang='lat' dir='ltr'><strong>insurgat,</strong></span> <span class='ocrx_word' id='word_1_275' title='bbox 886 3801 944 3872; x_wconf 88' lang='lat' dir='ltr'><strong>sed</strong></span> <span class='ocrx_word' id='word_1_276' title='bbox 959 3803 1028 3895; x_wconf 86' lang='lat' dir='ltr'><strong>ejus</strong></span> <span class='ocrx_word' id='word_1_277' title='bbox 1043 3803 1127 3878; x_wconf 87' lang='lat' dir='ltr'><strong>vires</strong></span> <span class='ocrx_word' id='word_1_278' title='bbox 1141 3803 1325 3880; x_wconf 85' lang='lat' dir='ltr'><strong>resolvunt.</strong></span> 
     </span>
    </p>

    <p class='ocr_par' dir='ltr' id='par_1_6' title="bbox 246 3906 1329 4114">
     <span class='ocr_line' id='line_1_33' title="bbox 317 3906 1329 4002; baseline 0.012 -27"><span class='ocrx_word' id='word_1_279' title='bbox 317 3909 427 3982; x_wconf 79' lang='lat' dir='ltr'><strong>»Clam</strong></span> <span class='ocrx_word' id='word_1_280' title='bbox 438 3909 518 4000; x_wconf 84' lang='lat' dir='ltr'><strong>ergb</strong></span> <span class='ocrx_word' id='word_1_281' title='bbox 528 3909 589 3978; x_wconf 90' lang='lat' dir='ltr'><strong>hos</strong></span> <span class='ocrx_word' id='word_1_282' title='bbox 603 3906 722 3977; x_wconf 78' lang='lat' dir='ltr'><strong>milites</strong></span> <span class='ocrx_word' id='word_1_283' title='bbox 739 3907 850 3980; x_wconf 89' lang='lat' dir='ltr'><strong>videas</strong></span> <span class='ocrx_word' id='word_1_284' title='bbox 861 3910 1008 4002; x_wconf 74' lang='lat' dir='ltr'><strong>quotidie</strong></span> <span class='ocrx_word' id='word_1_285' title='bbox 1023 3915 1138 3988; x_wconf 77' lang='lat' dir='ltr'><strong>contra</strong></span> <span class='ocrx_word' id='word_1_286' title='bbox 1152 3911 1329 3987; x_wconf 85' lang='lat' dir='ltr'><strong>diabolum</strong></span> 
     </span>
     <span class='ocr_line' id='line_1_34' title="bbox 246 4015 1329 4114; baseline 0.006 -29"><span class='ocrx_word' id='word_1_287' title='bbox 246 4099 250 4104; x_wconf 17' lang='lat'>⁵</span> <span class='ocrx_word' id='word_1_288' title='bbox 282 4029 464 4108; x_wconf 88' lang='lat' dir='ltr'><strong>propterte</strong></span> <span class='ocrx_word' id='word_1_289' title='bbox 486 4028 670 4108; x_wconf 89' lang='lat' dir='ltr'><strong>pugnantes</strong></span> <span class='ocrx_word' id='word_1_290' title='bbox 689 4015 842 4109; x_wconf 83' lang='lat' dir='ltr'><strong>precibus</strong></span> <span class='ocrx_word' id='word_1_291' title='bbox 864 4018 1150 4114; x_wconf 83' lang='lat' dir='ltr'><strong>orationibusque,</strong></span> <span class='ocrx_word' id='word_1_292' title='bbox 1170 4021 1239 4092; x_wconf 74' lang='lat' dir='ltr'><strong>dte</strong></span> <span class='ocrx_word' id='word_1_293' title='bbox 1252 4020 1329 4113; x_wconf 84' lang='lat' dir='ltr'><strong>ipso</strong></span> 
     </span>
    </p>
   </div>
   <div class='ocr_carea' id='block_1_5' title="bbox 0 0 1496 4584">
    <p class='ocr_par' dir='ltr' id='par_1_7' title="bbox 0 0 1496 4584">
     <span class='ocr_line' id='line_1_35' title="bbox 0 0 1496 4584; baseline 0 2"><span class='ocrx_word' id='word_1_294' title='bbox 0 0 1496 4584; x_wconf 95' lang='lat' dir='ltr'><strong> </strong></span> 
     </span>
    </p>
   </div>
  </div>
 </body>
</html>
