2992 4590
231 483 332 530 c-rnur
348 489 393 530 vr.
412 487 452 530 nn
475 485 632 530 maanono
655 485 691 530 mr
714 487 918 532 eoncmumus
941 483 1107 532 inureret.
1137 470 1200 530 117

165 580 386 656 munitissimae
405 615 412 654 ε
431 599 462 654 et
478 579 631 669 his'visis,
649 585 676 653 si
692 583 790 652 detur
802 588 903 676 optio,
920 587 1034 656 mallet
1048 588 1202 680 praesenti

162 691 349 763 ‘conditione
373 685 549 762 contentus
573 713 660 776 csse,
685 694 787 783 quim
816 692 963 763 omnium
994 695 1203 766 facultatibus
1299 680 1304 688 ¹

162 793 325 894 paulisper
340 787 507 890 occupatis
516 851 525 884 ,
534 820 624 868 ,mox
643 798 679 866 in
693 797 818 889 proprii
833 799 1000 888 sanguinis
1020 801 1204 891 periculum

90 915 106 986 “,
161 907 282 1001 venire.
303 905 402 976 Vides
428 927 647 1000 nonbparvam
660 902 837 974 ‚utilitatem
852 902 1011 975 divitibus
1035 919 1206 999 etpaupe·

161 1014 266 1100 ribus,
285 1027 318 1082 et
339 1013 432 1082 celsis
447 1025 483 1082 et
504 1009 705 1095 humilibus,
722 1009 822 1081 servis
843 1025 877 1079 et
896 1011 1066 1101 ingenuis,
1085 1035 1124 1082 ex
1141 1013 1206 1083 hoc

159 1115 252 1192 istius
268 1119 399 1212 refugio
411 1133 542 1190 enatam
558 1121 645 1188 esse?
660 1120 749 1190 vides
761 1133 800 1188 ut
813 1142 889 1189 cum
905 1105 1051 1190 remedio
1065 1121 1207 1215 quisque

158 1231 237 1300 hinc
266 1231 379 1313 abeat,
407 1229 505 1320 hujus
528 1229 574 1296 rei
598 1227 783 1320 spectaculo
799 1229 935 1298 affectus
961 1251 1079 1298 curans
1106 1232 1206 1299 suos?

157 1329 255 1406 Num¹
272 1329 520 1426 igiturmollivi
542 1347 665 1403 vestros
689 1335 834 1420 animos,
859 1347 916 1403 aut
945 1332 1209 1426 indignationem¹

157 1433 298 1535 expuli?
317 1443 396 1510 naim
417 1442 690 1510 inhumanitatem
706 1441 852 1510 extinxit
874 1442 956 1510 niam
972 1443 1015 1512 ad
1034 1445 1206 1512 commisc-
1255 1463 1258 1472 ¹

157 1551 320 1621 rationem
339 1547 481 1618 adduxi?
495 1549 650 1642 equidem
671 1549 842 1618 adduxisse
866 1572 919 1617 me
939 1551 1081 1642 opinor:
1104 1549 1206 1644 idque

154 1681 198 1726 ex
225 1655 372 1726 vultibus
391 1655 505 1726 vestris
525 1677 563 1726 ac
589 1653 742 1745 lacrymis
766 1655 897 1747 colligo.
927 1655 1206 1753 Quandoquidem

154 1764 259 1852 igitur
278 1776 370 1854 petra
393 1761 501 1832 cordis
522 1761 622 1831 vestri
646 1763 681 1830 in
702 1763 858 1855 pinguem
880 1775 914 1832 et
927 1759 1069 1831 fertilem
1090 1786 1206 1854 agrum

153 1893 249 1940 versa
273 1883 345 1954 est,
368 1891 427 1959 age
445 1870 516 1961 jam
540 1867 686 1938 fructum
711 1870 846 1962 quoque
876 1868 1106 1939 misericordiae
1127 1893 1207 1963 pro-

155 1965 322 2061 ferentcS,
355 1975 540 2072 uberesque
565 1977 856 2046 commiserationis
882 1977 986 2070 spicas
1015 2000 1084 2069 prae
1110 1977 1207 2048 nobis

155 2069 319 2169 feramen,
333 2083 593 2174 procumbamus
612 2083 802 2174 imperatori
818 2081 860 2152 ad
875 2106 981 2172 genua
1004 2113 1012 2153 ε
1028 2082 1082 2155 vel
1097 2083 1208 2180 potius

156 2191 375 2283 deprecemur
390 2189 663 2279 benignissimum
674 2195 796 2275 Deum,
814 2203 853 2260 ut
869 2189 996 2262 molliat
1009 2192 1089 2260 iram
1102 2193 1209 2283 impe-

155 2299 339 2390 ratoris,et
351 2283 407 2366 cor
422 2295 471 2364 illi
485 2309 637 2364 tenerum
649 2295 727 2365 dare
742 2296 917 2387 dignetur,
936 2304 1005 2390 quo'
1023 2299 1110 2367 hanc
1130 2321 1206 2388 gra·

154 2393 419 2496 tiam'integram
441 2404 483 2472 ab
505 2405 576 2496 ipso
596 2401 725 2472 auserrc
754 2404 927 2496 possimus.
957 2407 1029 2474 J'am
1052 2405 1143 2474 ‘enim
1166 2429 1206 2477 ex

155 2513 215 2583 illo
227 2512 281 2584 die
291 2501 358 2605 quo
369 2513 435 2581 hirc
448 2511 599 2604 confugit
608 2513 668 2582 iste
681 2566 690 2599 ,
703 2535 771 2583 non
782 2533 882 2606 parva
894 2511 1038 2584 estfacta
1051 2516 1202 2586 mutatio.

155 2609 336 2714 Postquam
356 2605 446 2720 euim
465 2619 618 2707 cognovit
637 2619 815 2710 imperator
832 2643 910 2688 eum
933 2619 975 2689 ad
995 2620 1124 2710 asylum
1139 2623 1204 2693 hoc
1294 2675 1297 2682 .

156 2753 192 2800 se
211 2729 386 2820 recepisse,
410 2727 565 2795 affluente
581 2726 724 2794 exercitu
748 2739 780 2792 et
796 2725 960 2794 concitato
985 2728 1028 2794 ob
1049 2731 1118 2818 ejus
1140 2730 1206 2798 cri·

154 2837 269 2920 mina,
287 2831 551 2926 deposcentequc
572 2833 740 2919 hominem
757 2830 807 2901 ad
829 2829 1044 2924 supplicium,
1070 2833 1205 2924 longam

154 2943 277 3013 habuit
298 2941 496 3024 orationem,
521 2963 596 3032 quae
625 2937 799 3008 militarem
827 2937 1088 3037 indignationem
1113 2962 1205 3008 com-

154 3037 322 3145 pesceret,
340 3047 510 3142 postulans
534 3061 656 3117 utnon
680 3043 853 3138 culparum
874 3043 996 3132 modo,
1024 3045 1082 3116 sed
1106 3047 1205 3116 etiam

154 3145 247 3228 recte
262 3143 427 3227 factorum
440 3155 607 3224 rationem
622 3152 781 3246 haberent
803 3183 811 3222 :
834 3154 942 3246 utqui
961 3176 1023 3245 pro
1042 3151 1106 3223 illis
1128 3175 1203 3244 gra-

155 3256 237 3341 tiam
254 3251 410 3348 haberet,
432 3261 509 3330 etsi
527 3256 610 3354 quid
631 3259 724 3328 secius
747 3257 932 3345 accidisset,
956 3263 1115 3353 tanquam
1139 3261 1204 3331 ho-

156 3361 251 3441 mini
265 3367 502 3462 ignoscendum
528 3365 673 3435 duceret.
708 3365 791 3435 Cium
813 3379 923 3436 autem
947 3365 995 3434 illi
1018 3363 1061 3435 de
1075 3367 1204 3459 integro

156 3469 315 3570 urgerent
339 3477 380 3555 ad
395 3473 574 3545 vindictam
594 3471 662 3540 laesi
681 3472 902 3564 imperatoris,
922 3470 1116 3562 clamantes,
1135 3474 1222 3546 exi·'

157 3586 292 3671 lientes,
317 3584 359 3652 ad
379 3595 516 3653 mortem
534 3578 762 3674 deposcentes,
786 3581 894 3650 hastas
919 3580 1086 3651 vibrantes
1105 3607 1112 3650 ε
1131 3581 1205 3652 tium

156 3696 236 3762 uero
252 3691 361 3761 sontes
377 3689 597 3778 lacrymarum
617 3686 872 3756 clementissimis
888 3687 954 3756 suis
972 3686 1076 3774 oculis
1091 3688 1204 3762 effun-

159 3797 257 3885 dens,
270 3811 310 3872 ,ct
325 3809 536 3866 sacrosanctae
552 3817 695 3878 mensae,
719 3791 877 3884 adquam
899 3789 1102 3885 perfugerat,
1127 3795 1205 3864 reli·

162 3909 292 3998 gionem
304 3904 366 3974 illis
378 3903 551 3988 incutiens,
568 3904 653 3993 aegre
663 3900 797 3972 tandem
811 3901 893 3970 iram
903 3913 1017 3982 corum
1030 3902 1166 3973 sedavit.
1187 3979 1191 3984 ⁴

208 4043 224 4078 »
249 4012 490 4084 admoveamus
510 4009 610 4100 igitur
634 4033 693 4080 nos
717 4009 850 4102 quoque
864 4032 938 4101 quae
961 4008 1099 4078 anobis
1112 4008 1202 4079 adhi·
1345 4082 1349 4094 ,
