2930 4582
262 381 326 446 ato
415 395 595 444 annnorum
617 397 643 443 s.
669 394 822 458 alanum,
848 394 924 449 atas
947 398 993 458 ιι,
1018 395 1102 442 saer.
1128 397 1153 440 1.

261 512 396 570 noratus
411 500 451 568 sit
466 499 552 568 Deus
564 501 579 566 P
590 501 633 566 At
645 499 709 567 hoe
724 511 773 565 est
788 481 888 588 animi
903 496 1050 566 satanici.
1066 501 1117 566 An
1128 495 1221 590 qudd
1232 493 1298 566 lra-

261 620 311 676 ter
333 604 513 674 admodirm
535 617 686 695 acceptus
705 601 827 672 fuerit?
848 602 911 673 Sed
926 601 1004 672 licet
1030 603 1090 671 tibi
1109 605 1184 671 eum
1201 594 1300 696 supe·

261 736 344 782 rare.
354 711 470 804 Itaque
478 710 504 778 si
512 710 642 779 vincere
653 707 743 796 velis,
755 733 797 778 ne
810 709 950 796 occidas,
961 733 1002 779 ne
1012 707 1054 778 de
1064 707 1174 778 medio
1187 709 1299 799 tollas3

261 817 319 888 sed
335 817 403 886 sine
418 838 572 902 manere,
589 829 628 884 ut
651 814 987 906 certaminis-*occasio
1007 816 1173 902 servetur,
1199 829 1234 884 et
1252 816 1302 884 vi·

259 937 392 995 ventem
407 946 535 1015 supera.
548 923 599 992 Sic
615 923 702 992 enim
721 921 893 1015 splendida
904 923 964 991 tibi
977 945 1099 992 corona
1111 921 1225 992 futura
1240 936 1299 992 est.

260 1035 356 1105 Nune
372 1046 481 1102 autem
498 1033 524 1100 si
536 1031 676 1117 occidas,
687 1034 842 1124 majorem
855 1034 969 1101 contra
979 1045 1011 1101 te
1023 1016 1189 1100 calculum
1203 1031 1299 1117 seres,

261 1143 360 1235 quim
380 1141 407 1208 si
431 1139 535 1209 vietus
559 1162 652 1234 esses.
679 1143 723 1208 lt
738 1139 822 1208 nihil
836 1140 956 1208 horum
973 1137 1100 1208 Invidia
1114 1139 1217 1207 novit.
1234 1141 1304 1208 Cur

262 1263 371 1318 autem
388 1247 522 1338 gloriam
539 1271 627 1316 amas
639 1249 675 1316 in
690 1249 782 1317 tanti
797 1247 1071 1340 solitudine‘llpsi
1086 1247 1231 1340 namque
1245 1245 1303 1316 soli

261 1371 342 1426 tune
359 1369 480 1424 terram
493 1355 699 1424 habitabant.
717 1359 761 1425 At
775 1354 859 1424 nihil
873 1357 994 1424 horum
1014 1355 1119 1446 ipsam
1131 1354 1280 1422 cohibuit
1293 1383 1302 1443 3

262 1463 320 1532 sed
331 1462 484 1532 omnibus
494 1485 533 1529 ex
547 1461 656 1531 animo
667 1461 804 1549 rejectis,
819 1485 894 1530 eum
907 1460 1039 1530 diabolo
1051 1460 1141 1529 stetit
1156 1475 1190 1530 et
1202 1461 1304 1529 aciem

262 1569 414 1640 instruxit
432 1598 440 1638 ε
464 1570 541 1636 nbm
557 1567 613 1636 ille
640 1582 720 1636 tunc
735 1567 872 1637 duxerat
888 1591 966 1637 eum
981 1571 1097 1638 Caino.
1117 1568 1202 1648 Ouia
1218 1567 1305 1635 enim

226 1701 232 1727 1
263 1699 331 1745 non
346 1673 531 1744 sufficiebat
550 1673 598 1741 illi
614 1673 706 1768 quod
720 1676 820 1748 homo
833 1673 978 1743 mortalis
995 1673 1250 1757 asserebamus,
1266 1696 1305 1741 ex

263 1783 376 1853 mortis
391 1783 488 1851 etiam
503 1779 603 1849 modo
619 1783 774 1874 majorem
789 1780 985 1872 tragoediam
998 1781 1127 1849 efficere
1142 1780 1302 1864 tentabat,

264 1904 298 1960 et
312 1890 472 1982 persuasit
487 1887 535 1956 illi
554 1903 592 1956 ut
610 1887 744 1957 fratrem
765 1887 940 1958 occideret.
967 1887 1156 1957 Festinabat
1172 1887 1305 1956 enimet
1376 1949 1377 1952 ,

265 1997 472 2067 desiderabat
484 1997 595 2066 videre
607 1997 800 2064 sententiam
812 1997 847 2066 in
860 2020 941 2088 opus
954 1995 1144 2081 deductam,
1154 1996 1212 2089 qui
1223 2019 1304 2093 nun·

265 2107 365 2198 quam
380 2103 499 2172 nostris
514 2103 649 2170 satiatur
664 2101 777 2189 malis3
795 2127 831 2171 ae
844 2103 870 2170 si
886 2103 959 2196 quis
974 2103 1144 2171 inimicum
1158 2103 1306 2172 vinctum

264 2213 410 2298 habens,
429 2225 463 2280 et
477 2211 639 2279 sententia
654 2211 846 2308 damnatum
860 2210 902 2310 ad
917 2225 1058 2281 mortem
1072 2209 1200 2294 videns,
1219 2224 1308 2280 ante-

265 2320 366 2414 qubm
382 2341 421 2386 ex
436 2315 519 2386 urbe
535 2331 646 2401 exeat,
665 2314 797 2386 festinet
813 2317 959 2402 utillum
974 2315 1062 2385 intirs
1075 2331 1246 2386 mortuum
1261 2317 1307 2385 vi·

266 2427 362 2512 dest,
388 2449 449 2498 nec
473 2448 657 2515 congruens
683 2439 812 2517 tempus
834 2438 1002 2516 expectem
1028 2425 1073 2493 sic
1098 2440 1131 2494 et
1155 2423 1306 2492 diabolus

265 2547 346 2600 tune
367 2538 453 2601 :etsi
480 2531 622 2598 audisset
637 2533 805 2599 hominem
829 2532 864 2598 in
880 2523 1050 2622 pulverem
1065 2554 1132 2599 esse
1156 2553 1306 2618 reversu-

267 2640 379 2721 rum1,
408 2636 563 2728 cupiebat
586 2635 710 2728 aliquid
734 2635 872 2728 ampliirs
895 2635 1028 2722 videre,
1059 2636 1165 2705 filium
1187 2635 1305 2728 nempe

268 2744 344 2812 ante
370 2757 496 2836 patrem
513 2736 724 2828 morientem,
743 2758 776 2812 et
791 2741 926 2812 lintrem
942 2743 1147 2813 occidentem
1172 2741 1306 2819 fratrem

267 2873 384 2936 suum,
402 2851 609 2918 immaturam
626 2851 704 2917 item
717 2863 751 2918 et
766 2849 943 2919 violentam
955 2863 1105 2918 mortem.

313 2985 329 3022 a
340 2956 500 3026 Vides-ne
515 2955 556 3024 ad
572 2969 711 3048 quantas
726 2979 775 3024 res
788 2957 967 3026 inservierit
980 2956 1128 3026 Invidia?
1138 2952 1308 3038 Quomodb

234 3067 237 3071 ’
266 3064 484 3133 insatiabilem
508 3062 631 3132 diaboli
651 3063 797 3131 animum
820 3061 1023 3155 impleverit,
1044 3077 1239 3154 tantamque
1258 3059 1306 3129 illi

268 3193 414 3240 mensam
430 3172 635 3263 apposuerit,
654 3183 811 3264 quantam
827 3171 883 3240 ille
906 3171 1017 3241 videre
1036 3171 1218 3263 cupiebat?
1241 3175 1307 3238 Fu·

261 3279 395 3370 giemus
419 3279 496 3369 ergb
524 3279 614 3347 hune
639 3278 802 3346 morbum.
833 3281 908 3347 Non
926 3301 1098 3369 possumus
1114 3277 1224 3364 enim,
1243 3299 1309 3345 non

268 3409 441 3480 possumus
463 3388 578 3480 utique
594 3386 705 3478 ignem
720 3385 815 3454 illum
828 3387 973 3480 elingere
988 3401 1141 3480 paratum
1157 3383 1307 3470 diabolo,

269 3495 332 3564 nisi
348 3493 390 3562 ab
405 3495 467 3564 hac
476 3493 675 3586 aegritudine
688 3493 900 3591 liberemur2.
918 3523 934 3560 u

321 3605 395 3671 Non
420 3600 527 3669 minus
549 3601 656 3670 vivide
677 3605 819 3668 Avarum
840 3601 985 3692 depingit
1008 3613 1138 3670 sanetus
1166 3603 1308 3681 Ductor,
1369 3607 1373 3618 ’

271 3709 489 3802 llvaritiaeque
505 3707 676 3792 morbum,
694 3707 895 3776 inscribens
912 3737 919 3775 :

271 3806 273 3813 '
319 3814 435 3897 «Quid
451 3815 615 3885 derivato
631 3814 799 3883 dicamus?
810 3819 926 3884 Nonne
942 3826 974 3881 et
990 3813 1059 3906 ipse
1071 3813 1143 3883 talis
1156 3817 1225 3910 est?
1237 3807 1313 3896 Quis

307 3953 316 3978 ¹
336 3944 396 3995 Gen.
416 3944 454 4005 iu,
476 3961 515 4006 ¹9·
530 3953 585 3980 -2
605 3943 632 3994 S.
646 3942 728 4006 Chrys.
744 3943 769 3992 in
781 3941 856 4007 Epist.
871 3938 901 3990 ad
914 3944 983 3992 Rom.
1004 3941 1095 3992 Homil.
1106 3958 1152 4007 vn,
1166 3955 1190 3991 n.
1207 3939 1264 4005 5-7.
