2930 4582
280 409 344 474 aot
434 419 613 472 annuorum
636 423 663 470 s.
688 419 1011 488 rtruuu,rtrrs11,
1038 427 1121 472 sacr.
1148 431 1172 470 1.

278 527 400 621 pudica
418 551 494 621 quae
514 540 672 612 venerat,
689 519 885 618 impudicior
900 525 1065 598 discedit?
1082 527 1228 620 Corpore
1244 528 1319 600 licet

278 635 370 726 virgo
386 659 423 704 ac
439 648 549 704 mente
566 647 776 724 permaneat,
805 632 927 721 oculis,
953 635 1108 719 auribus,
1129 633 1244 728 lingud
1258 637 1319 704 mi-

278 741 352 810 nuit
365 739 438 828 illa,
453 765 528 833 quae
544 739 700 808 babebat.
722 738 811 822 Quid
827 741 924 826 verb,
942 763 1018 832 quae
1032 741 1235 833 promiscuas
1250 741 1321 812 bal-

280 870 358 917 neas
373 847 521 916 adeunt?
533 871 609 940 quae
620 845 722 918 oculis
736 846 779 916 ad
793 845 965 916 libidinem
982 847 1128 934 curiosis,
1147 848 1268 940 pudori
1284 872 1321 920 ac
1361 939 1364 943 ι
1449 895 1450 906 ¹

279 956 448 1050 pudicitiae
464 979 602 1048 corpora
617 954 724 1025 dicata
739 955 966 1048 prostituunt?
982 979 1056 1048 quae
1074 954 1152 1024 clun
1167 956 1255 1026 viros
1271 969 1320 1024 at-

280 1087 345 1156 quc
357 1065 376 1132 b
389 1063 465 1132 viris
479 1062 579 1132 nudae
595 1063 708 1134 vident
720 1063 860 1156 turpiter
875 1085 913 1132 ae
924 1061 1100 1148 videntur,
1117 1086 1229 1132 nonne
1244 1063 1322 1154 ipsae

279 1169 469 1240 illecebram
485 1169 572 1240 vitiis
591 1173 773 1262 praestant?
789 1179 900 1239 nonne
921 1168 965 1239 ad
985 1168 1206 1262 corruptelam
1222 1169 1321 1260 etlin-

276 1277 395 1370 juriam
408 1301 501 1348 suam
515 1276 675 1347 desideria
690 1279 902 1370 praesentium
918 1276 1094 1347 sollicitant
1109 1291 1143 1346 et
1158 1279 1322 1346 invitant?

279 1385 429 1472 Viderit,
447 1386 662 1479 inquis,'qud
681 1383 760 1455 illbc
780 1401 890 1456 mente
907 1387 980 1480 quis
1000 1387 1132 1477 veniat,
1150 1385 1233 1455 mibi
1248 1399 1322 1456 tan·

222 1577 225 1590 ἃ
279 1491 353 1562 tirm
375 1491 543 1562 reficiendi
569 1491 755 1584 corpusculi
782 1515 860 1562 cura
882 1507 950 1579 est,
973 1506 1006 1561 et
1028 1492 1171 1573 lavandi.
1202 1497 1276 1564 Non
1291 1506 1323 1562 te

279 1613 399 1691 purgat
418 1601 480 1668 ista
504 1598 672 1685 defensio,
691 1622 752 1669 nec
767 1598 907 1670 lasciviae
932 1613 965 1668 et
985 1598 1177 1692 petulantiae
1200 1599 1323 1668 crimen

281 1719 426 1774 excusat.
447 1703 601 1780 Sordidat
615 1705 736 1776 lavatio
751 1706 830 1792 ista,
857 1729 925 1775 non
943 1705 1068 1792 abluit,
1086 1729 1147 1774 nec
1166 1706 1324 1775 emundat

282 1811 450 1898 membra,
467 1811 524 1880 scd
542 1810 697 1882 maculat.
717 1810 889 1904 Impudice
907 1825 945 1882 tu
961 1813 1127 1881 neminem
1142 1813 1321 1904 conspicis,

281 1921 339 1990 sed
355 1919 425 2012 ipsa
440 1921 636 2012 conspiceris
648 1919 826 2011 impudice.
850 1919 971 1990 Oculos
987 1935 1060 1990 tuos
1076 1923 1162 2014 turpi
1178 1919 1324 1992 oblecta-

279 2027 371 2096 tione
387 2050 456 2095 non
472 2025 609 2124 polluis,
624 2025 681 2094 sed
696 2025 777 2094 ditm
793 2025 938 2096 oblectas
956 2027 1047 2113 alios,
1065 2028 1135 2120 ipsa
1147 2027 1320 2120 pollueris:

280 2133 504 2225 spectaculum
520 2130 562 2200 de
583 2131 713 2203 lavacro
726 2125 826 2218 lacis,
844 2135 1064 2204 theatrasunt
1079 2133 1238 2222 foediora,
1257 2137 1324 2229 qud

279 2241 435 2310 convenis
462 2267 470 2310 ε
498 2240 697 2310 verecundia
720 2237 787 2309 illlc
811 2243 916 2310 omnis
939 2241 1094 2312 exuitur:
1123 2242 1221 2312 simul
1247 2265 1323 2312 cum

279 2347 402 2443 amictu
420 2347 667 2433 vestiS„bonor
686 2347 832 2439 corporis
853 2371 891 2417 ac
912 2348 1021 2440 pudor
1041 2349 1193 2441 ponitur,
1217 2349 1321 2420 deno-

250 2471 252 2474 ·
277 2454 379 2522 tanda
394 2468 427 2522 et
442 2453 677 2522 contractanda
690 2453 858 2543 virginitas
873 2455 1038 2525 revelatur
1054 2459 1115 2524 1.‘»

171 2547 178 2560 ’
278 2643 279 2648 ¹
324 2560 388 2628 Sed
405 2556 618 2626 excellentius
634 2557 744 2626 adhbc
757 2560 944 2652 exemplum
960 2563 1099 2655 reperies
1121 2563 1212 2656 apud
1227 2585 1321 2633 sanc·

277 2672 351 2736 t'um
367 2664 563 2756 Gregorium
585 2669 792 2755 Nyssenum,
815 2669 873 2760 qui
900 2669 945 2740 sic
962 2695 1140 2762 puerorum
1160 2671 1320 2744 innocen-

277 2775 360 2845 tium
382 2772 640 2854 crudelissimam
657 2777 804 2865 Stragem
820 2792 1031 2869 repraesentat
1049 2809 1057 2849 :
1167 2857 1172 2862 ,

324 2910 341 2948 «
359 2879 691 2967 Quarbborrendum
717 2879 802 2950 illud
826 2883 972 2954 edictum
999 2885 1178 2973 emittitur,
1203 2899 1243 2955 ut
1257 2885 1319 2954 mi·

277 2987 347 3058 selli
370 2987 474 3080 puelli
496 2987 763 3056 trucidarentur?
787 2989 870 3080 quid
895 2992 1046 3061 maleficii
1062 2993 1320 3063 commisdruntl

277 3096 343 3188 qud
358 3119 393 3163 re
405 3094 519 3162 mortis
538 3118 576 3164 ac
594 3093 746 3186 supplicii
761 3118 892 3166 causam
908 3098 1062 3170 adversim
1082 3123 1150 3169 sese
1165 3100 1319 3192 praebud·

277 3213 376 3284 runt,
393 3200 514 3291 quibus
530 3223 635 3269 unum
651 3200 735 3270 illud
750 3201 857 3272 solum
875 3193 1008 3274 c'rimini⁴
1018 3205 1117 3274 datur
1128 3259 1144 3298 ,¹
1155 3205 1248 3299 quod
1262 3205 1319 3276 sci·

278 3305 356 3376 licet
371 3306 441 3376 nati
456 3321 553 3393 sunt,
580 3321 614 3376 et
636 3307 671 3376 in
695 3306 804 3378 lucem
826 3311 1033 3402 prodidrunt.
1060 3304 1171 3406 Atque
1193 3315 1256 3382 hdo
1278 3309 1318 3380 dc

276 3413 373 3482 causat
395 3414 559 3484 civitatem
573 3412 781 3485 carnificibus
803 3418 921 3509 repleri
935 3421 1131 3512 oportebat?
1147 3422 1227 3504 Quis
1241 3420 1318 3491 verb

276 3523 424 3591 oratione
439 3515 639 3592 calamitates
659 3521 872 3595 delineaverit
886 3541 985 3620 atque
1000 3527 1230 3621 descripserit?
1246 3527 1318 3620 quis

189 3671 190 3678 κ
276 3629 353 3698 ante
369 3629 481 3698 oculos
490 3651 613 3720 ponere
628 3629 793 3701 narrando
809 3630 917 3700 clades
930 3647 963 3701 et
979 3633 1094 3703 funera
1111 3634 1224 3728 possit,
1242 3655 1317 3725 pro·

250 3821 257 3830 ,
275 3738 433 3806 miscuam
449 3735 539 3804 illam
555 3735 845 3824 lamentationem,
863 3739 1007 3809 flebilem
1021 3756 1221 3812 concentum
1234 3763 1316 3834 pue·

275 3865 408 3930 rorum,
435 3842 602 3928 matrdm,
628 3857 859 3937 cognatorum,
882 3846 1033 3938 patnim,
1061 3851 1105 3919 ad
1126 3847 1316 3920 carnificum

311 3982 321 4009 ¹
335 3975 362 4025 s.
375 3973 446 4039 cypr.
461 3971 492 4025 dc
504 3970 585 4028 tiabit.
601 3970 665 4038 Virg.
