2996 4598
243 389 287 460 Ν
395 397 578 458 samoneos«
599 400 626 456 ι.
651 398 800 457 stasne,
823 397 900 450 stu
922 402 948 450 ιι
957 426 976 460 ,-
992 399 1076 446 saca.
1101 402 1125 442 1.

241 527 327 586 mcc
350 503 389 579 in
405 501 564 576 Domitio
583 525 593 570 .·
610 497 728 575 induit
742 501 838 575 enim
859 501 1070 571 vestimento
1085 494 1277 586 sacrant,

241 623 278 681 et
291 609 453 686 tunicam
469 606 602 684 tociaco
616 607 870 700 circumposuit
884 606 975 679 miti
981 608 1006 676 ¹.

287 737 304 782 s
323 719 441 788 Istbaeo
456 715 603 802 edoctus,
621 729 655 784 ot
674 715 850 786 certissimi
868 714 1014 804 imbutus
1028 711 1094 784 fide
1111 711 1203 806 quod
1221 715 1280 807 qui

241 823 372 899 videtur
387 824 491 916 panis,
508 824 602 916 panis
617 836 769 910 nonest,
784 823 913 894 tametsi
929 834 1030 914 gustu
1044 819 1203 912 sensibilis
1215 823 1278 908 sit,

241 932 298 1006 sed
318 951 438 1023 corpus
461 931 601 1018 Christi3
622 942 656 1001 et
670 930 762 1023 quod
775 929 908 1004 videtur
923 931 1053 1014 onum,
1079 929 1194 998 vinum
1212 939 1282 999 nob

241 1051 301 1125 est,
320 1037 445 1108 etiamsi
454 1036 499 1114 ita
510 1036 620 1125 gustui
635 1033 797 1121 videatur,
812 1036 870 1106 sed
880 1036 1010 1126 sanguis
1021 1034 1142 1105 Christi
1155 1065 1164 1124 ς
1178 1030 1282 1128 quod·

194 1206 202 1219 „
241 1169 308 1240 que
317 1146 356 1214 eb
367 1143 409 1214 de
421 1167 456 1213 re
465 1143 647 1236 antiquitis
660 1143 696 1212 in
704 1143 839 1213 Psalmis
850 1144 960 1214 aiebat
971 1141 1076 1214 David
1091 1141 1165 1212 :Et
1171 1144 1283 1234 parus

242 1251 477 1324 cortamina
492 1252 696 1344 confirmat,
707 1264 746 1320 ut
761 1247 942 1320 exhilaret
955 1249 1094 1339 faeiem
1106 1251 1143 1319 in
1158 1247 1280 1319 otene.-

242 1358 400 1430 confirma
415 1371 593 1443 cortuum,
609 1359 730 1449 panem
741 1356 836 1426 illum
854 1358 1010 1450 tanqubm
1023 1355 1224 1446 spiritualem
1232 1379 1283 1424 su·

242 1489 350 1551 mens,
364 1479 397 1534 et
407 1465 525 1540 animae
538 1479 605 1537 tuae
617 1463 733 1536 faciem
742 1465 896 1534 exhilara.
909 1465 1014 1546 Quam
1027 1463 1152 1532 utinbm
1165 1461 1284 1536 faciem

243 1585 398 1648 retectam
410 1571 536 1645 habens
544 1572 579 1640 in
592 1572 675 1664 puri
685 1571 894 1655 conscientia,
906 1567 1043 1659 gloriam
1050 1569 1180 1638 Domini
1193 1569 1284 1640 velut

242 1679 279 1748 in
299 1677 431 1770 speculo
455 1677 681 1772 contemplans
703 1679 732 1763 ³,
755 1700 808 1748 eas
829 1700 869 1746 ex
895 1675 998 1767 gloria
1015 1675 1051 1744 in
1071 1674 1223 1767 gloriam,
1248 1679 1284 1746 in

243 1786 374 1858 Christo
397 1789 475 1858 lesu
503 1785 644 1858 Domino
666 1797 798 1870 nostro,
823 1785 877 1852 cui
899 1783 1006 1852 honor
1029 1796 1063 1852 et
1085 1787 1228 1875 potestas
1251 1797 1285 1854 et

244 1891 346 1985 gloria
362 1893 396 1962 in
412 1890 531 1964 saecula
546 1890 754 1962 saeculorum.
772 1896 879 1960 Amen
890 1891 915 1958 ⁴.
938 1919 953 1955 s

288 1999 367 2082 Quis
386 1998 421 2070 in
435 1999 498 2068 hic
521 1997 614 2070 brevi
630 1997 850 2088 mystagogiob
866 1997 1093 2067 exhortatione
1105 2019 1173 2067 non
1188 1998 1286 2066 mire-

244 2121 299 2178 tur
314 2105 499 2198 perlectnm
509 2103 605 2174 illum
625 2103 791 2192 veritatis,
807 2103 1035 2191 sublimitatis,
1052 2104 1287 2198 simplicitatis·

244 2233 311 2308 que
334 2214 553 2285 consensum?
577 2211 658 2298 Hic,
685 2224 723 2282 ut
738 2208 891 2282 familiari
914 2227 1026 2283 sancto
1050 2213 1286 2302 chrysostomo

245 2318 488 2418 comparatione
510 2331 604 2403 utar,
631 2331 764 2410 paratur
785 2317 975 2388 convivium
1001 2317 1093 2412 qnod
1119 2317 1286 2413 exquisitis

245 2427 328 2496 cibis
343 2425 517 2498 doctorum
528 2438 653 2494 mentes
668 2426 781 2511 satiet,
799 2438 832 2493 et
847 2424 952 2494 lacteo
966 2449 1063 2495 succo
1073 2425 1206 2494 rudium
1215 2449 1288 2495 sus-

245 2544 352 2600 tentet
368 2531 503 2600 animos.
520 2534 588 2606 Nec
603 2529 679 2602 ideo
694 2529 896 2601 credendum
910 2545 959 2601 est
974 2532 1020 2600 ita
1034 2532 1199 2621 ingratum
1219 2555 1288 2602 esse

245 2639 310 2709 boe
331 2634 463 2714 dicendi
484 2657 603 2726 genus,
624 2650 663 2710 ut
678 2636 804 2709 nullam
824 2638 1020 2732 eloquentiae
1042 2637 1084 2708 ad
1099 2637 1287 2710 excitandos

246 2742 375 2837 pietatis
401 2756 509 2812 motus
530 2767 639 2815 ansam
660 2746 816 2838 prebeat.
840 2745 941 2815 Felici
965 2747 1052 2814 enim
1072 2760 1142 2814 arte
1160 2745 1287 2815 doetri-

134 2912 136 2917 .
247 2871 323 2926 nam
343 2851 589 2944 praemittebant
608 2853 712 2921 sancti
728 2857 903 2938 Doctores,
923 2853 990 2945 qni
1008 2843 1288 2943 religiosis'alfec-

179 2947 202 3028 s
247 2957 335 3036 tibus
354 2960 407 3028 via
425 2972 639 3044 sterneretur,
658 2959 743 3031 siout
761 2973 795 3028 et
809 2957 968 3030 loeoundo
988 2957 1064 3028 solis
1079 2957 1179 3029 calori
1202 2983 1289 3053 prae-

246 3065 333 3136 ludit
354 3064 505 3142 madidus
522 3090 647 3136 aurorae
669 3065 831 3136 rutilantis
847 3066 970 3159 fulgor.
994 3067 1096 3136 Testis
1119 3068 1161 3137 sit
1178 3067 1289 3139 vivida

247 3170 304 3243 illa
318 3171 480 3262 peroratio
496 3173 563 3265 qua
577 3170 664 3240 idem
684 3187 814 3244 sanctus
836 3172 980 3264 Cyrillus
994 3171 1164 3244 concludit
1183 3175 1290 3244 admi-

247 3276 386 3351 rabilem
396 3276 439 3348 de
457 3281 562 3350 Cruce
577 3279 794 3366 catechesim:

294 3383 311 3453 s
330 3389 429 3460 Sume
444 3386 544 3479 igitur
559 3386 702 3478 primirm
715 3411 776 3480 pro
790 3387 958 3460 insolubili
969 3388 1187 3460 fundamento
1202 3391 1290 3460 cru-

247 3517 337 3581 cem,
355 3517 461 3588 eoque
476 3491 610 3586 reliquae
625 3492 702 3566 fidei
717 3497 915 3567 consectaria
931 3495 1104 3568 inaedifica.
1115 3501 1164 3570 Ne
1173 3497 1291 3569 Cruci-

248 3601 350 3679 fixum
367 3600 509 3693 abneges
525 3599 578 3673 ssi
594 3598 682 3670 enim
699 3601 929 3694 abnegaveris,
945 3603 1067 3676 multos
1076 3605 1177 3676 habes
1187 3604 1246 3698 qni
1257 3617 1291 3674 te

285 3755 294 3782 ¹
308 3732 443 3828 lsair'tn,
459 3765 499 3800 ιο.
513 3756 571 3784 -2
588 3744 649 3798 Psal.
669 3713 723 3812 ont,
745 3746 783 3798 15.
801 3745 860 3786 ..3
880 3749 964 3804 acor.
978 3765 1021 3814 ιιι,
1037 3749 1076 3803 ι8.
1098 3775 1130 3788 -
1147 3747 1161 3800 4
1177 3753 1203 3804 S.
1216 3748 1289 3817 Gyril.

250 3827 345 3894 Hieros.
358 3831 460 3886 Catech.
470 3849 532 3900 ιιιι,
544 3835 643 3902 nystag.
657 3849 693 3899 rr,
706 3833 808 3899 integra.
837 3883 844 3894 ,
