2992 4590
218 406 320 455 ιιιιιι
342 412 389 454 vr.
410 409 452 472 pr
468 408 624 464 ιιιιιιοιιο
647 409 682 464 ιιι
705 408 912 464 concronrsus
935 403 1102 468 ιυιιιιιιι.
1131 381 1196 474 ιιι
1236 400 1243 412 “
1276 407 1280 416 ·

158 531 262 614 neque
278 508 354 594 ciam
369 507 404 576 in
416 505 594 600 praecipitia
609 527 670 596 pro
674 504 799 574 ecisset
801 529 937 602 ,neque
948 507 1026 576 ciam
1042 505 1198 587 dentibus

158 611 297 685 serarum
306 613 487 708 objecisset
498 625 602 681 sancti
592 609 671 729 phi
686 610 853 702 osophiam
864 634 1016 704 superare
1028 612 1197 704 potuisse3

158 725 244 796 aliud
252 723 400 794 acerbius
415 744 520 814 genus
532 731 746 810 excogitavit
760 739 974 814 quaerensque
985 718 1197 806 circumibat,

158 847 193 901 ut
201 829 398 926 supplicium
409 828 585 912 inveniret,
604 823 696 920 quod
707 820 805 892 simul
817 835 851 891 et
865 823 1107 896 acerbissimum
1117 838 1200 896 esset

158 953 190 1008 et
207 937 475 1030 longissimum...
500 931 591 1018 Quid
607 932 686 1024 ergb
709 927 810 998 lacit?
833 927 915 998 sami
937 942 1087 998 sanctum
1110 930 1201 1002 hunc

158 1044 298 1140 exponit
317 1046 360 1114 At
379 1055 418 1115 tu
434 1040 512 1110 cum
528 1037 570 1108 de
594 1037 682 1106 fame
697 1033 810 1121 audis,
828 1058 871 1102 ne
890 1033 982 1132 quod
1007 1033 1135 1104 dictum
1155 1051 1204 1108 est
1228 1037 1233 1042 ’

158 1151 331 1235 oscitanter
350 1154 557 1242 praetereas:
575 1158 623 1212 est
646 1142 731 1216 enirn
757 1139 814 1210 illa
838 1165 926 1211 mors
943 1141 1091 1211 omnium
1114 1165 1204 1220 acer·

156 1258 329 1328 hissima...
347 1251 482 1323 Etenim
499 1251 656 1370 tanquam
672 1248 873 1318 visceribus
864 1247 953 1316 mitis
968 1247 1112 1318 insidens
1128 1273 1203 1319 car-

156 1361 247 1432 nrlex
259 1383 441 1456 quispiam
455 1381 563 1428 omma
572 1354 720 1424 membra
736 1353 885 1440 dilaniat,
902 1379 1019 1450 quovis
1031 1379 1107 1448 igne
1121 1355 1206 1426 lera-

156 1493 224 1565 que
241 1466 357 1552 saevius
363 1487 491 1560 corpus
507 1462 596 1532 omni
612 1485 651 1530 ex
667 1474 760 1556 parte
771 1459 935 1548 corrodit,
956 1484 993 1532 ac
1008 1461 1204 1537 continuum

158 1589 191 1644 et
206 1571 467 1664 inexplicabilem
484 1567 656 1638 dolorem
648 1567 761 1639 inurit.
769 1571 888 1662 Atque
905 1582 943 1636 ut
957 1583 1080 1662 quanta
1096 1592 1145 1637 res
1163 1569 1204 1638 sit

108 1689 113 1696 '
155 1681 258 1750 fames
277 1676 458 1768 intelligas,
489 1675 587 1744 etiam
612 1673 732 1743 liberos
756 1675 982 1768 saepenumero
1003 1673 1205 1746 devoralrunt

155 1800 293 1870 matres,
307 1783 384 1865 ,ciam
402 1783 493 1855 istius
514 1780 593 1850 mali
606 1778 797 1850 violentiam
813 1778 898 1850 ferre
912 1806 981 1852 non
998 1797 1143 1876 possent.
1161 1785 1205 1855 Et

154 1895 239 1964 hanc
258 1891 433 1988 deplorans
452 1887 671 1958 calamitatem
687 1889 867 1980 Propheta,
888 1889 1019 1984 dicebat
1037 1919 1045 1960 ι
1063 1889 1204 1962 Manus

156 1995 346 2070 mulierum
362 1993 651 2067 misericordium
673 1998 852 2064 coxerunt
855 1993 960 2088 filios
974 2019 1058 2088 suos
1078 2001 1104 2088 ¹3
1121 2021 1205 2090 quos

155 2101 352 2202 pepererant
383 2104 624 2190 comedebant,
647 2117 680 2171 et
696 2116 849 2194 natorum
867 2102 1044 2172 infantium
1067 2118 1202 2194 venter,

156 2213 213 2308 qui
229 2224 418 2308 pepererat,
438 2207 628 2304 sepulcrum
643 2209 869 2300 efficiebatur,
887 2223 920 2279 et
937 2224 1089 2278 naturam
1101 2209 1204 2280 fames
1287 2204 1289 2212 ’

85 2347 88 2358 ·
156 2321 363 2414 superavit...
384 2323 428 2387 At
448 2318 547 2409 hujus
563 2315 666 2384 sancti
683 2317 932 2406 generositatem
948 2317 1084 2386 minime
1105 2340 1205 2410 supe-

156 2431 250 2499 ravit.
270 2428 348 2514 Quis
365 2429 443 2521 ergo
459 2425 535 2495 ciam
552 2426 624 2494 haec
640 2421 799 2510 audierit,
815 2450 883 2496 non
899 2426 1131 2520 obstupescat?
1135 2478 1202 2496 .....

156 2541 260 2626 (Quae)
276 2549 395 2606 matres
411 2533 505 2622 vicit,
524 2557 561 2603 ac
574 2546 687 2626 partus
702 2532 852 2602 oblivisci
866 2533 994 2625 coegit,
1017 2533 1108 2604 hunc
1124 2557 1205 2628 sup-

156 2641 306 2736 plantare
326 2663 394 2711 non
414 2641 565 2734 potuit,„
586 2637 642 2707 sed
663 2640 780 2732 quovis
796 2639 970 2711 adamante
986 2641 1110 2712 firmior
1126 2665 1204 2735 per·

156 2749 326 2834 manebat,
344 2770 445 2844 seque
461 2747 550 2814 bona
570 2767 626 2838 spe
642 2743 856 2816 oblectabat:
848 2747 1044 2820 materiam
1060 2772 1205 2840 agonum
1277 2777 1281 2784 ¹

156 2878 189 2924 se
212 2869 347 2926 nactum
369 2851 588 2944 gloriabatur,
613 2864 647 2919 ot
671 2874 711 2918 ex
734 2851 951 2920 certaminum
977 2851 1088 2922 oblata
1111 2877 1206 2922 occa-

156 2963 263 3050 sione,
283 2961 531 3043 consolabatur,
556 2959 735 3052 praesertim
752 2957 902 3052 quotidie
929 2957 1069 3030 Paulum
1093 2959 1207 3032 dicen·
1236 2986 1243 2996 ·

156 3081 222 3156 tem
240 3067 397 3141 audiens:
416 3065 465 3138 In
470 3065 582 3166 same
595 3080 630 3134 et
644 3066 706 3134 siti
711 3120 724 3153 ,
741 3064 933 3164 infrigere
950 3080 985 3135 et
1000 3064 1165 3136 nuditate
1178 3061 1208 3107 ²⁴

156 3180 199 3245 Et
214 3175 328 3260 rursirs
348 3171 503 3264 {Usque}
518 3173 556 3241 in
572 3169 669 3241 lianc
685 3169 816 3241 laoram
829 3186 865 3242 et
880 3175 1055 3244 esurimus
1071 3187 1105 3243 et
1127 3173 1205 3243 siti-

156 3307 253 3370 mus,
271 3296 307 3355 et
325 3277 415 3350 nudi
429 3303 551 3348 sumus
576 3292 610 3348 et
634 3275 801 3372 colaphis
821 3277 996 3350 credimur
1016 3283 1041 3349 ³.
1063 3285 1206 3352 Noverat

140 3385 300 3484 quippe,
323 3401 458 3480 noverat
474 3385 577 3482 probe
593 3383 678 3454 illud
700 3387 711 3454 ἰ
729 3383 820 3456 Non
842 3386 879 3454 in
897 3385 973 3456 solo
990 3411 1090 3478 pane
1114 3388 1206 3458 vibet
1260 3399 1264 3404 ’

159 3491 281 3584 home,
295 3493 363 3564 sed
376 3497 413 3578 ιιι
429 3493 530 3564 omni
543 3489 653 3578 verbo
665 3487 766 3582 quod
775 3489 942 3584 procedit
954 3490 999 3564 cle
1016 3515 1078 3562 ore
1093 3491 1205 3579 Dei&

158 3605 203 3672 Ut
221 3617 332 3692 autern
350 3599 444 3668 illum
465 3597 639 3719 improbus
658 3596 790 3664 daemon
809 3595 893 3666 vidit
914 3597 1005 3666 tanta
1025 3598 1071 3665 rei
1092 3621 1206 3666 neces·
1263 3632 1268 3636 ·

159 3711 253 3780 sitate
269 3733 338 3779 nort
360 3707 516 3799 frangi,
499 3705 679 3776 oraviorern
696 3705 877 3776 cruciatum
901 3703 1065 3774 reddidit·
1058 3706 1205 3796 ,etenim

160 3817 298 3910 sumptis
312 3815 487 3906 idolotbyt
479 3839 505 3882 rs
514 3813 652 3906 ,eisque
669 3814 781 3893 mensal
801 3810 942 3898 relertlt,
961 3811 1038 3886 ante
1053 3836 1207 3906 conspee-

197 3956 205 3983 ¹
219 3945 307 4012 Thren.
318 3962 351 4013 rr,
373 3959 411 3995 ro.
422 3969 453 3982 -·
468 3953 478 3980 ²
493 3943 575 3996 acor.
590 3957 644 4010 xxi,
655 3952 693 3994 ιι.
707 3965 737 3978 ·-
751 3937 761 3976 ³
777 3958 787 3994 ι
804 3944 858 3994 Gor.
873 3958 906 4008 tt,
924 3959 999 4006 ιιπ-
1015 3939 1123 3994 luatth.
1133 3941 1202 4010 rr,·l.
