2930 4582
288 397 353 460 ΞΜ
444 411 622 460 xnxxotuot
646 412 671 459 s.
695 411 851 476 ,alanum
876 411 952 458 ntus
974 418 1022 476 11,
1046 411 1131 460 sucu.
1157 417 1181 458 1.

515 612 538 697 §
552 615 592 676 ΙΙ.
610 615 652 677 De
667 613 876 698 Proposilt'one
890 622 918 676 et
930 613 1097 676 Diuisione.

333 807 514 899 Propositio
533 807 645 900 paucis
660 805 768 876 verbis
784 803 954 876 tractanda
971 805 1218 898 complectitur,
1237 805 1328 876 ided-

287 939 353 1009 que
362 927 463 985 tantae
476 913 674 982 necessitatis
684 912 871 999 est,.ut,illat
881 913 1057 1004 praemissi,
1071 936 1168 982 omne
1179 912 1330 982 decurrat
1366 943 1371 952 ·

287 1018 491 1094 elucidatum
517 1033 767 1110 argumentum,
787 1018 903 1087 omissai
923 1021 1013 1104 vero,
1037 1017 1252 1108 caliginosum
1275 1019 1329 1088 frat

290 1126 421 1220 penitius
438 1139 471 1194 et
482 1124 690 1216 impervium.
707 1125 806 1206 Quod
822 1125 847 1192 si
862 1147 930 1192 non
944 1123 1080 1217 simplex
1094 1139 1245 1194 occurrat
1257 1147 1330 1218 pro-

288 1234 418 1326 positio,
433 1231 476 1300 ad
491 1231 681 1301 divisionem
694 1229 952 1320 confugiendum
963 1244 1028 1316 est,
1047 1233 1112 1324 quai
1128 1231 1226 1301 variae
1236 1232 1329 1325 liujus

288 1355 398 1434 partes
428 1361 504 1409 mox
538 1336 739 1430 explicandae
766 1351 988 1406 recensentur.
1021 1337 1192 1408 Divisionis
1223 1353 1329 1408 autem

290 1446 501 1516 commodum
513 1443 652 1536 duplex,
665 1444 755 1536 prius
776 1442 928 1537 quidem,
944 1442 1035 1538 quod
1057 1445 1141 1513 cirea
1159 1446 1259 1514 totius
1271 1468 1330 1514 ser·

291 1555 396 1628 monis
409 1554 644 1626 connexionem
653 1551 865 1644 praemonitus
874 1550 1016 1636 auditor,
1026 1551 1198 1620 veritatem
1208 1551 1329 1624 faciliits

290 1663 391 1755 possit
412 1660 678 1753 apprchendere,
700 1660 860 1752 posterius
880 1663 970 1746 verb,
995 1657 1085 1752 qudd
1104 1661 1242 1730 dicentis
1265 1685 1330 1730 me·

185 1805 187 1810 ·
291 1768 394 1838 moria
410 1767 529 1835 minori
548 1763 780 1854 defatigatione
797 1763 987 1857 explicanda
1006 1767 1156 1836 retineat.

335 1871 435 1966 Apud
445 1873 596 1964 antiquos
608 1877 719 1941 Patres
735 1896 816 1960 rarae
832 1896 900 1941 sese
918 1874 1063 1948 offerunt
1078 1872 1264 1962 divisiones,
1277 1889 1329 1946 ut-

291 1982 369 2076 pote
382 1981 441 2073 qui
451 1977 595 2048 homiliis
607 1976 723 2063 dediti,
732 1976 862 2046 nullum
875 1977 976 2049 alium
986 1979 1136 2052 ordinem
1144 1983 1249 2052 secuti
1259 1980 1329 2052 fue-

293 2087 372 2174 rint,
388 2089 489 2180 quam
505 2107 658 2155 versuum
674 2085 850 2178 Scripturae
859 2083 1113 2160 distinctionem.
1128 2093 1202 2162 Non
1214 2089 1330 2160 desunt

293 2207 420 2280 tamen,
436 2191 577 2260 maxime
593 2189 682 2283 apud
697 2204 847 2260 sanctum
857 2193 1241 2290 Bernardum,quuisita
1256 2196 1330 2266 divi·

292 2299 424 2370 sionum
438 2296 597 2390 exempla.
764 2381 766 2384 Ι
1264 2287 1268 2301 ’

339 2403 449 2478 Siode
465 2401 612 2476 adventu
625 2397 755 2474 Domini
774 2403 933 2498 loquens,
955 2406 1055 2478 modo
1071 2408 1113 2477 ab
1131 2407 1331 2479 auditoribus

293 2511 423 2607 pensari
431 2509 606 2594 desiderat,
623 2538 639 2574 a
650 2511 730 2592 Quis
742 2510 784 2579 sit
791 2511 850 2604 qui
859 2512 979 2600 veniat,
987 2512 1177 2608 undequi),
1189 2514 1232 2584 ad
1240 2515 1329 2610 quid,

294 2619 429 2713 quando
443 2617 616 2708 etqu'a13»
628 2614 727 2684 modo
743 2615 902 2708 triplicem
917 2615 1004 2688 illius
1018 2623 1130 2691 asserit
1142 2619 1329 2706 adventum,

298 2725 375 2796 «ld
384 2723 545 2808 homines,
553 2722 588 2790 in
596 2721 757 2808 homiues,
768 2727 882 2793 contra
892 2725 1058 2796 homiues‘2
1071 2755 1104 2816 3»
1114 2729 1214 2798 modo
1223 2727 1331 2822 dupli-

294 2858 366 2906 cem
376 2831 497 2902 iterum
506 2828 659 2900 eumdem
671 2827 830 2922 explicare
840 2831 1040 2922 aggreditur,
1051 2838 1185 2905 «Unum
1198 2859 1265 2929 quo
1276 2857 1331 2904 ve·

294 2943 344 3012 nit
354 2963 500 3034 quaerere
509 2951 543 3006 et
555 2935 678 3006 salvare
688 2936 777 3028 qnod
788 2937 939 3028 perierat,
947 2938 1098 3028 alterum,
1106 2965 1174 3034 quo
1182 2943 1292 3012 veniet
1301 2954 1332 3009 et

295 3059 436 3119 assumet
447 3067 507 3112 nos
524 3042 566 3109 ad
582 3041 788 3132 seipsum³,»
803 3042 902 3113 modo
913 3045 1072 3136 triplicem
1083 3047 1227 3117 ostendit
1238 3049 1332 3142 hujus

297 3147 456 3223 adrentus
475 3148 700 3218 necessitatem
719 3163 853 3241 propter
872 3150 1033 3244 triplicem
1055 3153 1192 3223 humani
1213 3154 1334 3248 generis

297 3249 476 3347 miseriam,
498 3254 655 3325 nimirum
676 3254 833 3345 generalis
856 3271 904 3326 est
919 3258 1065 3342 humano
1084 3261 1195 3352 generi
1210 3263 1334 3332 miseria

298 3365 415 3458 triplex
428 3393 435 3434 :
447 3366 554 3435 «Nam
569 3376 603 3433 et
617 3360 727 3432 faciles
740 3359 906 3432 sumus'ad
917 3364 1153 3453 seducendum,
1168 3383 1202 3436 et
1214 3367 1334 3438 debiles

299 3474 342 3545 ad
358 3455 579 3566 operandum,
598 3485 631 3541 et
646 3469 776 3562 fragiles
792 3469 834 3540 ad
850 3471 1077 3543 resistendum.
1104 3475 1136 3546 Si
1155 3475 1335 3546 discernere
1357 3521 1364 3536 -
1384 3476 1388 3480 ’

299 3583 451 3654 volumus
472 3581 556 3648 inter
570 3579 696 3648 bouum
712 3591 745 3646 et
760 3577 897 3664 malum,
915 3577 1113 3672 decipimur,
1129 3581 1156 3652 si
1175 3596 1335 3673 tentamus

299 3691 406 3780 facere
422 3690 570 3771 bonum,
589 3683 758 3754 deficimus
768 3687 818 3774 ,si
830 3710 989 3755 conamur
1005 3687 1150 3758 resistere
1166 3691 1266 3778 malo,
1284 3690 1335 3759 de·

296 3799 427 3892 jicimur
446 3809 480 3862 et
494 3814 698 3885 superamur.
716 3793 921 3862 Necessarius
936 3793 1075 3885 proinde
1089 3796 1263 3868 Salvatoris
1279 3795 1335 3868 ad-

282 3968 286 3973 .
317 3894 320 3902 .
338 3936 345 3964 ¹
360 3929 385 3978 s.
401 3924 515 3975 Bernard.
533 3925 609 3974 serm.
624 3938 644 3986 1,
654 3919 686 3971 de
700 3920 763 3973 Λᾶν.
778 3945 809 3958 -
822 3931 831 3960 ²
845 3923 881 3974 ld.
895 3926 971 3975 Serus.
986 3941 1022 3976 m.
1036 3951 1068 3963 -
1083 3920 1095 3962 ¹
1109 3928 1144 3978 ld.
1157 3930 1236 3980 Serra.
1247 3945 1280 3982 ru.
