2982 4584
146 451 149 463 s
225 425 326 472 strue
343 431 388 472 v1.
408 429 449 472 ns
472 429 629 472 meruono
653 428 687 470 ru
710 427 918 470 concremans
941 422 1106 472 anutntrt.
1135 410 1197 472 493

156 549 249 615 cam,
272 529 299 598 si
314 525 429 622 procul
452 527 494 598 ab
514 525 670 618 Aegypta
690 525 860 594 meretrice
876 523 1054 618 degamus,
1074 523 1201 598 etiamsi

155 633 264 706 nudos
277 635 425 728 oporteait
436 634 484 706 ab'
491 633 548 702 itta
560 632 718 724 effugere.
729 633 779 700 lth
789 632 877 702 enim
887 645 921 702 et
929 632 1034 703 multa
1051 633 1200 704 fruemur

155 743 341 838 voluptate,
358 741 557 814 conscientid
569 763 628 810 nos
644 763 712 810 non
729 754 925 828 accusante,
943 757 1137 835 praesentem
1149 743 1200 812 vi·

156 865 224 922 tam
244 852 331 922 ceste
347 871 504 942 agemus,
524 845 702 942 suturaque
718 847 805 918 bona
822 869 1079 942 consequemur,
1098 851 1201 942 gradal

155 972 189 1029 et
202 958 407 1050 benignitate
423 953 555 1025 Domini
570 953 673 1024 nostri
688 957 767 1024 Jesu
782 955 916 1042 Christi,
934 957 989 1028 cui
1003 957 1119 1050 glorie,
1136 957 1201 1027 im-

154 1065 308 1159 perium,
338 1084 430 1132 nunc
459 1074 493 1131 et
528 1083 676 1155 semper,
708 1075 743 1131 et
772 1061 808 1132 in
838 1061 959 1136 saecula
990 1063 1198 1136 seculorum.
1308 1117 1312 1132 .

154 1173 299 1244 tmen1.
320 1195 344 1234 rr
618 1247 622 1258 ,
831 1244 842 1277 ,
943 1185 945 1192 '

200 1280 235 1346 9⁰
255 1277 340 1347 Sunt
352 1272 807 1368 aliquandheircumstantiae‚
821 1276 879 1346 uhi
891 1300 960 1355 non
972 1279 1103 1348 tanthm
1115 1278 1202 1350 inse-
1322 1369 1324 1377 Ι

155 1385 269 1480 quitur
286 1382 424 1468 vitium,
446 1381 502 1450 sed
524 1394 734 1475 peccatorum
750 1383 952 1477 objectiones
968 1383 1095 1456 diluere
1118 1412 1201 1460 con·

126 1533 127 1537 =
155 1491 279 1577 tendit,
298 1504 337 1560 ut
352 1491 391 1559 fir
405 1489 441 1558 in
456 1491 494 1558 ed
510 1513 585 1582 quae
603 1490 762 1583 sequitur,
781 1493 1015 1578 Peroratione,
1039 1495 1106 1588 qud
1121 1520 1202 1564 con-

108 1607 112 1614 “
156 1595 291 1670 tumelial
306 1597 440 1666 affectos
455 1593 497 1664 ad
505 1594 647 1666 libenter
661 1598 896 1668 condonandas
914 1599 1049 1692 injurias
1066 1601 1199 1674 invitat:

211 1732 227 1770 ι(
257 1701 321 1773 Sed
352 1701 474 1772 durum
497 1715 547 1772 est
570 1702 690 1795 injurii
713 1717 747 1771 et
772 1701 895 1775 damno
924 1707 1035 1776 allici?
1056 1711 1129 1778 Non
1154 1722 1203 1778 est

155 1812 298 1897 durum,
316 1833 385 1879 non
400 1822 467 1893 est,
483 1809 619 1877 dhomo
633 1807 641 1873 l
656 1811 837 1901 Usquequh
849 1813 1064 1902 praesentibus
1079 1813 1203 1884 inhias?

154 1922 269 2010 Neque
289 1916 378 1984 enim
389 1915 454 1984 hoc
464 1913 672 2007 praecepisset
681 1921 778 2002 Deus,
793 1917 820 1984 si
836 1916 961 1987 malum
973 1934 1067 1988 esset.
1087 1922 1204 1990 Consi·
1232 1932 1238 1944 “

155 2023 234 2094 dera
249 2035 382 2092 autem:
400 2021 459 2114 qui
470 2021 622 2114 injuriam
637 2022 715 2092 fecit
730 2023 811 2092 abiit
826 2026 981 2116 pecunias
996 2027 1133 2112 habens,
1145 2027 1203 2097 sed

99 2167 101 2170 ·
154 2132 275 2202 malam
291 2129 426 2224 qnoque
442 2130 879 2214 conscientiamQuiautem
895 2133 1013 2228 injuris
1028 2134 1124 2205 laesus
1140 2149 1200 2223 est,

154 2239 301 2332 pecuniis
317 2237 453 2332 quidem
468 2236 616 2328 privatus
636 2233 715 2322 fuit,
739 2237 797 2308 sed
814 2239 972 2310 fiduciam
989 2242 1078 2334 apud
1097 2248 1203 2312 Deum

153 2346 275 2431 habet,
304 2344 539 2437 possessionem
566 2341 657 2410 mille
682 2343 843 2413 thesauris
869 2347 1105 2438 pretiosiorem.
1125 2353 1233 2418 Haec.

155 2454 231 2524 clun
247 2451 388 2523 sciamus
400 2475 439 2521 ex
455 2451 624 2545 proposito
636 2448 816 2522 voluntatis
831 2453 1124 2548 philosophemur,
1142 2480 1203 2526 nec

156 2559 271 2630 eadem
286 2584 362 2652 quae
378 2557 471 2628 stulti
486 2558 671 2651 patiamur,
685 2559 743 2652 qui
755 2572 835 2629 tunc
847 2582 963 2631 senon
977 2560 1098 2656 injuriat
1111 2562 1203 2634 laesos

155 2680 287 2762 putant,
300 2666 378 2735 clun
392 2666 457 2734 hoe
471 2665 534 2733 illis
552 2667 571 2732 h
583 2666 708 2756 judicio
721 2665 839 2734 accidit
851 2699 860 2756 3
872 2672 987 2738 contra
1002 2673 1079 2740 verd
1096 2685 1203 2742 totum

156 2773 241 2843 illud
256 2785 305 2842 est
320 2771 480 2840 damnum
495 2770 673 2838 maximum
691 2783 724 2838 et
734 2771 949 2861 universnm,
977 2775 1113 2867 qnando
1135 2773 1213 2846 non'

158 2879 430 2973 philosophamur
457 2890 573 2968 sponte
594 2877 726 2962 nost'ral',
755 2875 813 2946 sed
837 2877 916 2947 inde
931 2879 1085 2972 superati.
1115 2881 1205 2954 Nihil

159 2984 249 3054 enim
263 2982 348 3052 lucri
366 2981 514 3052 referunt
534 2983 592 3076 qui
606 2983 749 3076 superati
765 2983 939 3076 hjudicio,
957 2987 992 3082 id
1007 2990 1179 3080 patiuntur
1189 3019 1201 3076 1ε

159 3095 237 3163 nam
256 3103 335 3160 tunc
350 3088 485 3160 demhm
499 3087 584 3160 illud
597 3115 635 3160 ex
660 3090 851 3160 necessitate
875 3092 924 3161 fit.
943 3101 1101 3178 Quaenam
1127 3097 1204 3186 ergd

159 3195 330 3292 splendida
344 3195 480 3266 victoria
496 3200 569 3265 est?
582 3196 723 3280 Quando
744 3210 782 3265 tu
794 3197 829 3265 id
845 3196 1050 3290 despexeris,
1069 3201 1204 3295 quandd
1318 3246 1323 3256 -

155 3305 281 3401 judicio
298 3329 367 3374 non
389 3301 608 3373 contenderis.
625 3302 711 3385 Quid
726 3303 831 3370 dicis?
852 3306 970 3373 Omnia
999 3309 1080 3376 mihi
1095 3297 1204 3378 ablata

159 3415 249 3486 hona
265 3427 354 3498 sunt,
372 3425 406 3480 et
421 3410 516 3480 silere
526 3411 646 3502 jubes?
660 3415 786 3479 Damno
799 3410 934 3480 allectus
950 3434 1042 3503 sum,
1057 3428 1095 3482 ut
1108 3438 1204 3484 man-

161 3523 253 3592 suete
266 3520 370 3588 feram
385 3517 526 3589 hortaris
536 3520 550 3586 t
560 3522 603 3586 Et
613 3516 781 3611 quomodo
793 3515 877 3586 illud
888 3524 1025 3610 potero?
1038 3521 1205 3592 Facillime

162 3629 295 3721 utique,
306 3628 375 3697 siin
384 3626 507 3698 coelum
521 3625 708 3717 respexeris,
721 3626 746 3695 si
761 3624 882 3696 videris
892 3627 977 3697 hanc
987 3627 1206 3721 pulchritudi-

162 3749 315 3820 nem,et
338 3735 397 3802 uhi
414 3748 446 3803 te
467 3748 693 3827 suscepturum
709 3757 781 3802 ‘esse
806 3739 892 3804 Deus
910 3733 1074 3827 pollicitus
1098 3739 1157 3825 sit,
1179 3739 1222 3808 si.

163 3841 316 3938 injuriam
332 3843 486 3931 generose
509 3839 604 3911 seras.
625 3844 696 3910 Hoc
723 3839 834 3934 itaque
850 3841 967 3930 facito,
982 3857 1016 3914 et
1031 3847 1206 3950 postquam

202 3979 210 4009 ¹
225 3973 250 4040 S,
265 3969 349 4035 Chrys.
361 3969 385 4020 in
397 3968 487 4022 Matth.
501 3969 589 4022 Hamil.
604 3984 728 4036 unsrun.
746 3967 799 4034 5·7.
