2984 4580
299 379 362 440 352
453 392 631 444 unnrourcl
654 399 680 444 s.
707 399 860 467 eldeum,
886 403 961 452 ulus
984 412 1027 470 11,
1052 414 1137 458 sucu.
1163 419 1187 460 1.

296 510 395 588 caput
406 483 488 568 vitta
498 522 535 566 ex
551 501 686 590 gemmis
697 505 875 594 composita
888 508 917 576 ci
928 509 1096 604 imposita,
1110 519 1210 608 quhm
1223 533 1334 591 catena

294 602 400 672 ferrea
414 618 548 698 propter
564 607 741 676 Christum.
770 613 863 680 Tunc
878 628 947 683 erat
969 619 1063 709 regiis
1085 623 1212 692 oedibus
1227 619 1334 698 carcer

292 710 491 801 praeclarior.
510 711 600 794 Quid
620 711 693 783 dico
709 715 803 804 regiis
823 717 968 790 oedibus?
982 722 1053 815 ipso
1068 731 1203 822 quoque
1219 732 1304 804 coelo
1322 765 1331 806 z

200 899 201 904 ἵ
291 815 437 887 habebat
452 818 539 888 enim
553 819 701 890 vinctum
715 821 848 899 Christi.
874 827 907 896 Si
923 829 996 921 quis
1019 833 1188 905 Christum
1207 837 1328 932 diligit,

289 925 382 993 novit
394 925 480 994 hanc
492 925 706 1032 dignitatem,
726 928 818 999 novit
832 933 918 1002 hanc
933 934 1101 1026 virtutem,
1120 943 1213 1014 novit
1224 969 1330 1040 quan-

288 1029 360 1100 tdm
373 1033 485 1134 generi
499 1034 672 1104 hominum
684 1035 726 1104 sit
738 1038 964 1128 gratificatum,
977 1046 1068 1137 quod
1080 1064 1214 1142 propter
1224 1053 1329 1146 ipsum

287 1139 328 1210 sit
347 1143 489 1212 vinctus.
515 1145 587 1213 Hoc
608 1141 743 1214 fortasse
766 1161 815 1216 est
838 1149 1026 1240 praeclarius
1048 1159 1150 1248 quhm
1176 1159 1287 1232 sedere
1310 1168 1329 1234 'a

286 1247 406 1318 dextris
427 1249 515 1342 ejus,
537 1250 601 1320 hoc
622 1265 670 1320 est
691 1249 953 1343 magnificentius
976 1262 1075 1352 qudm
1100 1264 1212 1336 sedere
1231 1293 1328 1363 super

284 1355 460 1426 duodecim
477 1355 610 1426 sedes...
630 1360 701 1426 Hoc
716 1361 820 1428 sancti
835 1362 926 1432 chori
938 1365 1045 1436 schim
1063 1383 1111 1439 est
1124 1371 1324 1467 intelligere,

283 1461 529 1554 apostolorum,
551 1463 698 1558 inquam.
717 1464 805 1534 Audi
821 1468 908 1538 enim
924 1470 1059 1542 beatum
1072 1481 1196 1548 Lucam
1216 1481 1327 1554 dicen·

247 1583 251 1591 “
281 1581 349 1638 tem
361 1591 415 1639 eos
436 1566 585 1640 redir'sse
599 1565 838 1665 gaudentesci
853 1592 1046 1668 conspectu
1057 1582 1221 1672 concilii,
1236 1611 1324 1680 quo·
1389 1665 1391 1672 ,

280 1675 382 1744 niam
397 1671 501 1771 digni
514 1672 633 1744 habiti
645 1689 728 1744 sunt
739 1699 809 1768 pro
825 1681 969 1751 nomine
989 1682 1127 1756 Christi
1139 1707 1323 1765 contume-

280 1778 370 1850 liam
382 1782 467 1873 pati
489 1785 513 1849 ¹.
539 1785 648 1874 Atque
668 1781 738 1850 aliis
761 1783 896 1877 quidem
921 1788 1052 1860 videtur
1071 1795 1273 1889 ridiculum,
1297 1805 1323 1873 si

277 1882 400 1979 probro
419 1901 453 1957 et
474 1885 673 1957 contumelil
688 1911 756 1957 esse
778 1891 951 1981 affectum,
979 1897 1021 1966 sit
1040 1921 1107 1970 esse
1126 1901 1322 1996 dignitatem

276 2008 482 2081 assecutum,
506 1994 533 2062 si
553 1994 676 2086 probro
697 2017 766 2064 esse
782 1995 938 2070 affectum
954 2003 993 2072 sit
1007 2003 1123 2075 laetari.
1147 2010 1190 2079 Iis
1208 2013 1321 2085 autem

275 2101 332 2194 qui
354 2101 462 2171 sciunt
477 2100 599 2171 Christi
621 2098 835 2190 desiderium,
853 2105 917 2176 hoc
938 2131 1004 2178 esse
1021 2112 1225 2186 existimatur
1245 2145 1319 2191 om-

274 2206 369 2275 nium
392 2206 626 2275 beatissimum.
648 2206 680 2283 si
696 2209 770 2301 quis
790 2210 870 2279 mihi
893 2215 1027 2286 offerret
1048 2232 1156 2290 totum
1172 2225 1315 2314 coelum,

272 2325 330 2381 aut
356 2311 446 2382 illem
472 2327 644 2399 catenam,
673 2336 734 2404 ego
763 2313 853 2385 illam
877 2319 1077 2411 praelerrem.
1107 2327 1140 2396 Si
1163 2331 1235 2422 quis
1260 2356 1316 2402 me

271 2418 361 2512 apud
389 2443 523 2511 superos
552 2418 728 2492 collocaret
761 2445 837 2492 cum
865 2425 1006 2516 angelis,
1032 2445 1090 2501 aut
1110 2457 1183 2506 cum
1208 2437 1311 2508 Paulo

269 2525 401 2609 vincto,
416 2523 569 2614 eligerem
592 2548 766 2594 carcerem.
788 2528 821 2596 Si
844 2531 917 2622 quis
938 2556 992 2602 me
1006 2534 1129 2609 faceret
1146 2563 1247 2612 unum
1270 2567 1312 2614 ex

268 2623 483 2722 potestatibus
506 2645 681 2725 quaesunt
708 2627 793 2701 ci'rch
816 2635 939 2725 coelos,
967 2657 1025 2712 aut
1048 2645 1133 2715 circl
1153 2647 1309 2737 thronos,

268 2751 325 2807 aut
341 2737 440 2808 talem
450 2762 532 2831 ,esse
547 2739 711 2825 uinctum,
739 2739 848 2832 potiris
869 2758 1017 2836 optarem
1045 2751 1118 2822 talis
1133 2776 1201 2824 esse
1214 2755 1310 2826 vinc·

148 2841 153 2849 ”
266 2857 340 2929 tus,
369 2859 402 2914 et
421 2847 498 2938 jure
521 2843 678 2937 quidem,
703 2843 787 2913 nihil
810 2850 897 2916 enim
928 2865 976 2921 est
989 2853 1056 2924 mo
1088 2861 1204 2928 catend
1228 2861 1309 2932 hou.

265 2952 494 3040 tior.}Vellem
510 2974 570 3042 ego
592 2950 726 3044 quidem
749 2976 839 3022 nunc
853 2978 921 3026 esse
941 2959 976 3027 in
1000 2960 1062 3030 illis
1077 2963 1156 3034 locis
1181 2967 1217 3034 in
1232 2969 1308 3060 qui-

168 3067 172 3140 j
264 3058 328 3126 bus
337 3057 493 3127 dicuntur
507 3056 707 3148 manere2illa
716 3057 848 3129 vincula
862 3092 899 3152 3..
915 3061 1035 3136 v'ellem
1049 3069 1161 3141 videre
1175 3089 1306 3146 catenas

263 3186 345 3256 quus
360 3164 595 3256 pertimescunt
610 3162 745 3256 quidem
760 3179 793 3234 et
809 3167 945 3240 horrent
959 3170 1137 3264 daemones,
1155 3203 1305 3251 reveren·

262 3286 314 3338 tur
332 3281 443 3340 autem
463 3268 582 3362 angeli.
603 3269 693 3341 Nihil
708 3284 756 3340 est
771 3272 859 3340 enim
880 3276 996 3348 melius
1019 3283 1118 3373 quim
1135 3284 1221 3354 mate
1235 3288 1304 3378 pati

259 3365 394 3471 propter
403 3365 611 3448 Christum...
622 3378 651 3446 0
664 3377 759 3448 beata
770 3379 919 3450 vincula!
932 3383 952 3452 ὂ
964 3383 1076 3458 beatas
1088 3411 1205 3461 manus
1220 3416 1303 3485 quas

258 3486 387 3558 ornavit
405 3484 461 3556 illa
481 3499 597 3556 catena
619 3485 670 3554 l...
695 3489 767 3576 Ego
790 3487 817 3556 si
838 3487 971 3560 inissem
986 3491 1050 3562 illis
1071 3499 1299 3590 temporibus,
1321 3545 1330 3558 -

257 3594 493 3688 tun02maxime
514 3616 567 3663 eas
581 3613 684 3660 essem
698 3591 868 3685 amplexus
892 3625 899 3666 :
917 3601 1091 3682 certdssem
1108 3603 1179 3675 illas
1200 3605 1300 3680 deos·

256 3702 359 3772 culari
382 3725 516 3789 manus,
537 3724 612 3795 quae
634 3695 743 3792 dignae
757 3715 835 3774 sunt
850 3703 972 3774 habitae
990 3727 1052 3799 pro
1068 3713 1207 3786 Domino
1222 3737 1299 3787 meo

253 3809 369 3882 vinciri
378 3816 403 3879 ².
424 3838 440 3877 n
486 3827 490 3838 “
598 3901 600 3906 Ι
1136 3893 1138 3900 ,

289 3939 367 3990 ¹hct.
383 3953 407 4002 r,
421 3937 463 4004 4¹·
478 3945 532 3974 -2
550 3939 575 3988 S.
590 3933 672 4002 Chrys.
686 3933 775 3992 uomss.
793 3935 1017 4010 mundEphcm.
1033 3961 1057 4012 1,
1073 3959 1098 4000 2.
