2982 4584
254 393 318 456 520
401 408 581 456 rauranum
604 411 629 456 s.
656 406 809 471 errrore,
834 407 910 456 ιιιι
932 413 980 471 ιι,
1005 413 1090 461 arar.
1116 413 1141 457 ι.

248 511 335 580 enim
347 509 471 580 temere
486 508 654 597 accedere,
666 507 928 602 perieulumest3
943 510 989 580 sic
1000 510 1052 580 his
1063 509 1208 600 mysticis
1223 533 1297 579 coe-

247 618 298 690 nis
313 639 382 687 non
398 618 653 704 communicare,
664 617 769 688 fames
778 631 826 688 est
838 631 872 686 et
880 641 979 688 mors.
988 621 1066 688 Haec
1081 618 1169 686 enim
1181 640 1296 688 mensa

248 724 342 796 nervi
356 723 476 794 animae
491 737 632 811 noemae,
659 725 780 800 mentis
805 723 995 811 viandum,
1017 723 1149 794 fiduciae
1173 747 1292 812 causa,
1318 735 1320 740 ‘

245 853 319 929 spes
323 883 339 929 ,
356 829 456 917 salus,
473 827 549 917 lux,
566 830 635 900 vita·
649 843 709 902 est.
729 833 764 904 Si
775 855 852 910 eum
868 833 932 902 hoc
948 831 1117 916 sacrificio,
1131 829 1190 901 illo
1203 831 1296 902 abie-

244 937 368 1024 rimus,
386 959 464 1008 cum
483 935 606 1006 fiducia
625 960 716 1010 sacra
735 936 791 1009 itta
813 937 977 1010 vestibula
993 935 1179 1023 adibimus,
1198 939 1295 1032 quasi

243 1043 444 1140 quibusdam
458 1043 564 1114 aureis
579 1043 676 1113 armis
692 1044 842 1116 instructi
858 1045 1020 1137 undique.
1035 1043 1164 1137 Ecquid
1179 1041 1295 1115 sutura

244 1150 345 1220 dico?
361 1150 423 1220 Hic
444 1149 533 1218 enim
549 1150 609 1220 tibi
624 1162 747 1220 terram
767 1150 890 1222 coelum
905 1150 986 1222 sacit
1004 1151 1068 1219 hoc
1083 1151 1289 1239 mysterium.

191 1285 194 1292 ⁴
239 1257 340 1348 Aperi
359 1257 437 1346 ergo
449 1253 526 1328 coeli
542 1269 665 1346 portas,
679 1269 714 1325 et
725 1257 871 1350 perspice
882 1289 892 1347 3
905 1256 973 1326 imo
988 1254 1100 1347 potiris
1115 1277 1184 1325 non
1200 1254 1289 1344 coeli,

240 1362 299 1432 sed
314 1360 391 1431 coeli
402 1359 586 1447 coelorum,
604 1375 638 1452 et
649 1375 731 1431 tunc
743 1361 869 1434 videbis
881 1361 966 1432 illud
976 1361 1069 1456 quod
1085 1361 1212 1432 dictum
1226 1377 1287 1432 est.

234 1469 340 1566 Quod
355 1469 445 1538 enim
468 1467 535 1538 itttc
551 1469 701 1540 omnium
716 1470 986 1565 pretiosissimum
1009 1482 1079 1557 est,
1098 1469 1161 1540 hoe
1177 1469 1237 1538 tibi
1253 1469 1290 1540 in

238 1577 443 1670 terrdjacens
454 1577 659 1647 monstrabo.
672 1576 861 1648 sicutenim
872 1576 909 1645 in
920 1576 1021 1668 regit,
1035 1574 1289 1669 quodomnium

239 1683 602 1776 magnificentissimum
617 1698 683 1772 est,
701 1707 770 1756 non
785 1683 872 1754 muri
887 1695 986 1768 sunt,
1002 1697 1073 1752 nou
1084 1695 1211 1752 tectum
1226 1705 1289 1752 au-

238 1813 357 1878 reum,
372 1789 428 1860 sed
447 1792 575 1884 regium
591 1815 710 1886 corpus
732 1793 768 1862 in
783 1791 865 1866 solio
880 1790 1017 1880 sedens,
1034 1788 1130 1860 sicet
1147 1791 1183 1858 in
1195 1789 1288 1860 coelis

236 1897 364 1988 regium
375 1919 507 1990 corpus.
528 1899 593 1969 Sed
608 1900 673 1969 hoc
684 1896 973 1968 nunetibilieetin
983 1897 1070 1966 terri
1081 1894 1289 1970 videieaNon

235 2005 324 2074 enim
340 2003 489 2094 angelos,
507 2027 576 2076 non
597 2003 830 2096 archangelos,
848 2026 917 2074 non
933 2003 1034 2075 coelos
1049 2017 1083 2072 et
1098 2002 1199 2073 coelos
1217 2027 1287 2073 coe·

236 2111 369 2196 lorum,
387 2108 445 2180 sed
460 2112 570 2202 ipsum
586 2111 648 2180 tibi
660 2111 781 2180 horum
797 2111 973 2188 Dominum
987 2109 1138 2181 ostendo.
1156 2109 1289 2180 Vidisti-

237 2240 280 2288 ne
292 2214 462 2311 quomodd
477 2216 510 2285 id
527 2215 620 2310 quod
640 2217 792 2288 omnium
803 2216 1074 2338 pretiosissimum
1087 2229 1136 2286 est
1150 2217 1186 2284 in
1201 2217 1289 2286 terra

211 2323 415 2417 [respiciasi
429 2326 545 2417 Neque
564 2321 657 2394 vides
672 2322 823 2410 tantiam,
836 2321 895 2392 sed
910 2337 943 2392 et
958 2323 1088 2416 tangis,
1104 2346 1165 2394 uec
1181 2325 1289 2416 tangis

236 2430 389 2515 tantiam,
407 2429 575 2500 sedetiam
587 2431 753 2516 comedis,
769 2443 802 2499 et
814 2453 854 2500 eo
870 2443 1006 2522 accepto
1021 2431 1159 2500 domum
1175 2453 1288 2501 rever-

202 2626 204 2637 Ι
236 2539 325 2606 teris.
337 2537 518 2626 absterge
509 2539 611 2628 agatur
620 2559 779 2606 ammam
772 2557 943 2632 ,praepara
957 2550 1103 2606 mentem
1114 2536 1157 2606 ad
1165 2537 1287 2608 horum

102 2705 109 2716 ,
231 2639 468 2728 mysteriorum
485 2640 1025 2732 perceptionem.Eten1msrregrs
1041 2642 1128 2712 filius
1143 2665 1288 2714 eumor-

123 2839 124 2844 ἵ
211 2837 213 2844 ¹
236 2762 331 2852 natu,
349 2747 498 2868 purpura
513 2759 547 2814 et
561 2745 779 2816 diademate
761 2726 969 2818 concreditus
985 2749 1045 2817 tibi
1057 2764 1140 2820 esset
1156 2763 1288 2840 gestan·

236 2845 312 2942 dus,
325 2855 436 2926 omnia
450 2867 615 2956 quaesunt
628 2855 664 2925 in
679 2857 766 2926 terrd
782 2857 963 2948 abjecisses.
982 2859 1078 2928 Nunc
1093 2871 1204 2927 antem
1217 2882 1287 2930 non

235 2962 342 3032 filium
355 2961 461 3052 regis,
475 2958 553 3030 sed'
544 2983 650 3050 ipsum
666 2962 726 3032 Dei
741 2961 863 3033 Filium
875 2965 1083 3056 unigenitum
1100 2965 1284 3057 accipiens,

202 3159 203 3162 Ἴ
236 3094 306 3142 non
319 3070 535 3155 exhorrescis,
553 3068 607 3138 dic
622 3070 717 3157 mihi,
734 3084 768 3140 et
781 3094 849 3140 non
864 3094 996 3140 omnem
1011 3070 1218 3143 saecularium
1231 3097 1287 3144 re-

224 3199 312 3246 rum
328 3197 474 3245 amorem
486 3173 619 3268 abjicis,
633 3197 742 3272 neque
757 3174 816 3246 illo
831 3177 961 3248 tantiam
977 3191 1097 3248 ornatu
1112 3177 1284 3270 gloriaris,

131 3280 133 3286 ’
236 3283 295 3356 sed
318 3283 460 3354 adhuc
450 3307 486 3352 ιιι
506 3296 628 3354 terram
651 3285 805 3378 respicis,
831 3286 987 3380 pecunias
1010 3309 1123 3374 amas,
1145 3301 1179 3357 et
1201 3311 1286 3361 auro

235 3391 369 3463 inhias?
393 3395 543 3485 Ecquam
568 3393 741 3463 habiturus
766 3417 799 3463 es
815 3396 968 3465 veniam?
984 3411 1085 3490 quam
1100 3398 1285 3470 excusatio·

163 3599 169 3605 ·
187 3589 190 3597 Ι
234 3502 336 3571 nem?
351 3503 426 3572 Non
436 3499 527 3570 vides
541 3501 705 3592 quantum
718 3502 908 3573 saecularem
924 3523 1057 3576 omnem
1067 3507 1284 3631 magnificen-

234 3609 314 3679 tiam
331 3620 497 3678 aversetur
511 3609 695 3678 Dominus?
708 3613 826 3680 Nonne
846 3611 979 3683 ided
946 3636 1023 3683 cum
1037 3629 1134 3686 natus
1148 3629 1231 3686 esset
1244 3617 1282 3688 in

232 3716 374 3808 praesepi
385 3715 512 3808 positus
527 3729 596 3802 est,
622 3729 656 3786 et
671 3729 809 3787 matrem
826 3721 951 3814 accepit
966 3719 1040 3792 vilis
1056 3723 1281 3794 conditionis?

230 3825 348 3894 Nonne
362 3821 437 3892 ideo
453 3823 627 3894 dicebat
599 3847 630 3893 er
648 3849 707 3920 qm
697 3823 765 3896 ad
776 3850 961 3920 cauponam
964 3831 1192 3931 respiciebat:
1183 3830 1278 3902 ·Fc'-

230 3925 298 3996 Irus
327 3939 451 4000 autem
479 3925 638 4035 donanis
676 3953 751 4004 non
784 3929 897 4004 habet
926 3933 991 4007 ubi
1022 3952 1135 4030 caput
1154 3935 1273 4010 recli-
