2984 4580
232 421 334 468 caron
349 423 395 468 vr.
413 423 456 468 nr
479 421 636 468 cannono
658 421 695 466 m
716 422 926 470 concremans
948 418 1114 474 terrama,
1140 409 1205 473 359

211 549 227 588 >r
248 521 385 592 Insidias
397 521 496 611 igitur
507 543 576 591 non
591 519 704 590 timeo.
717 522 829 591 Unum
844 521 944 592 timeo
955 537 1140 615 peccatum.
1156 530 1207 598 Ne

166 649 218 698 me
229 629 302 722 quis
316 628 439 720 peccati
455 647 590 716 arguere
605 626 718 717 possit,
732 640 766 696 et
776 640 864 698 totus
872 629 960 698 orbis
975 651 1030 698 me
1040 629 1128 702 bello
1139 633 1205 702 im-

165 748 264 827 petat.
275 739 351 804 'Hoc
362 734 485 827 quippe
501 731 627 804 bellum
642 755 697 802 me
711 733 967 825 splendidiorem
982 736 1094 806 efficit.
1108 741 1158 808 lta
1173 755 1207 810 et

163 863 221 912 vos
235 841 403 912 instituere
419 837 507 910 volo.
526 842 574 909 Ne
590 838 879 910 timeatis'insidias
893 841 955 910 viri
973 843 1132 934 poteritis,
1149 846 1206 916 sed

162 948 276 1018 timete
290 948 358 1018 vim
372 943 510 1038 peccati.
529 947 639 1014 Homo
651 957 685 1014 te
701 967 770 1013 non
784 943 895 1032 laedet,
913 947 975 1016 nisi
990 961 1029 1018 tu
1051 949 1204 1042 teipsum.
1243 983 1245 988 v

165 1053 198 1124 Si
211 1067 383 1146 peccatum
398 1051 537 1135 habeas,
557 1050 641 1120 etin
662 1048 813 1143 paradiso
830 1051 949 1139 literis,
966 1053 1045 1122 inde
1064 1054 1205 1126 excides.

162 1163 202 1230 Iu
217 1159 367 1253 paradiso
379 1171 449 1228 erat
463 1155 582 1240 Adam,
599 1169 633 1225 et
646 1153 781 1246 ecidit,
794 1157 921 1228 infimo
934 1159 1159 1248 sedebatlob,
1173 1176 1207 1234 et

161 1277 413 1338 coronatusest.
432 1261 517 1347 Quid
531 1261 580 1332 illi
594 1261 722 1355 profuit
737 1261 925 1355 paradisus,
947 1265 1030 1358 quid
1051 1266 1130 1338 huic
1144 1269 1208 1338 ob-

161 1375 226 1448 luit
241 1375 359 1442 limus?
378 1371 427 1440 illi
450 1393 548 1442 nemo
567 1369 808 1457 insidiabatur,
833 1384 867 1441 et
885 1373 1115 1466 supplantatus
1138 1379 1207 1447 est?

160 1481 241 1550 huic
255 1479 406 1550 diabolus
421 1477 650 1564 insidiabatur,
668 1491 702 1547 et
716 1492 892 1550 coronatus
903 1493 964 1552 est.
978 1489 1092 1553 Nonne
1104 1480 1206 1554 facul·

161 1600 244 1658 tates
259 1589 327 1680 ejus
342 1584 502 1656 abstulit?
513 1583 569 1654 sed
585 1584 742 1678 pietatem
753 1609 823 1656 non
837 1587 969 1680 eripuit.
983 1591 1102 1660 Nonne
1120 1589 1206 1664 lilios

160 1692 396 1794 ejtrssustulit?
412 1689 470 1762 sed
485 1689 586 1762 fidem
601 1716 670 1763 non
685 1693 855 1762 succussit.
867 1697 986 1766 Nonne
1001 1719 1121 1790 eorpus
1134 1701 1205 1793 ejus

158 1800 333 1870 sauciavit?
344 1798 403 1869 sed
415 1801 605 1869 thesaurum
617 1823 686 1869 non
697 1799 834 1870 invenit.
849 1803 967 1872 Nonne
984 1825 1122 1874 uxorem
1133 1807 1213 1900 ejus'

158 1907 256 1977 armis
278 1906 451 1976 instruxit?
472 1905 531 1975 sed
549 1904 686 1976 militem
705 1929 774 1976 non
788 1907 975 1998 prostravit.
996 1912 1114 1980 Nonne
1138 1909 1205 1983 tela

157 2014 355 2107 sagittasque
370 2011 501 2082 emisit?
514 2011 573 2082 sed
586 2011 643 2080 ille
651 2010 788 2082 vulnera
800 2035 869 2086 non
880 2015 1018 2107 accepit.
1035 2016 1205 2088 Machinas

157 2122 325 2206 admovit,
344 2121 402 2190 sed
418 2121 535 2190 turrim
557 2143 626 2190 non
641 2122 824 2214 quassavit,
841 2123 963 2192 fluctus
984 2121 1125 2212 induxit,
1144 2126 1203 2199 sed

155 2252 275 2300 navem
293 2251 363 2308 non
382 2227 548 2298 demersit.
572 2231 665 2298 Hanc
681 2230 763 2298 milri
776 2229 882 2320 legem
904 2239 1047 2318 servate,
1067 2257 1179 2325 quaeso
1186 2245 1201 2321 ’,

155 2351 330 2431 vestraque
349 2351 449 2427 tango
475 2359 601 2429 genua,
624 2337 683 2406 etsi
704 2361 772 2408 non
793 2360 914 2425 manu,
937 2339 1052 2410 saltem
1073 2342 1200 2429 animo,
1263 2399 1267 2406 .

154 2445 383 2539 lacrymasque
398 2443 515 2514 fundo.
542 2447 636 2514 Hanc
656 2446 738 2514 mihi
757 2459 884 2516 servate
899 2445 1023 2539 legem,
1046 2461 1080 2518 et
1103 2471 1202 2522 nemo
1281 2451 1283 2458 ’

154 2575 214 2624 vos
230 2551 339 2621 laedet.
358 2554 538 2644 Nunquam
558 2551 694 2622 beatum
710 2551 895 2644 praedicetis
916 2552 1069 2645 divitem3
1095 2556 1202 2625 nemi-

152 2682 233 2728 nem
248 2661 402 2728 miserum
419 2659 533 2726 dicatis
548 2658 610 2726 nisi
625 2681 701 2725 eum
717 2657 775 2749 qui
791 2659 832 2727 in'
841 2673 977 2750 peccato
993 2661 1050 2730 sit:
1064 2660 1200 2733 beatum

152 2765 335 2858 praedicate
353 2785 429 2832 eum
446 2759 555 2855 quiin
571 2762 708 2856 justitid.
731 2766 805 2833 Non
821 2764 910 2832 enim
929 2777 1047 2834 natura
1066 2789 1198 2856 rerum,

152 2871 214 2943 sed
229 2895 321 2941 mens
336 2871 509 2940 hominum
525 2883 558 2940 et
572 2871 663 2940 hunc
682 2868 826 2940 stillum
847 2869 945 2940 talem
970 2872 1082 2944 efficit.
1104 2877 1200 2946 Nun·

153 2981 257 3073 quam
273 2976 397 3070 gladios
421 2979 553 3064 timeas,
575 2976 637 3046 nisi
655 2977 853 3047 conscientia
869 2991 903 3047 te
922 2993 1053 3050 accuset
1078 3004 1086 3046 z
1109 3006 1200 3053 nun-

153 3086 256 3178 quam
271 3084 384 3153 umeas
399 3083 435 3152 in
446 3081 548 3168 bello,
566 3083 593 3151 si
608 3083 805 3153 conscientia
821 3098 877 3154 tua
892 3107 975 3176 pura
987 3086 1039 3156 sit.
1056 3087 1200 3161 Ubinam

154 3205 233 3262 sunt
248 3191 288 3276 ii,
306 3191 363 3283 qui
381 3191 459 3258 hinc
478 3189 709 3260 abcesserunt?
725 3193 842 3261 Nonne
856 3214 970 3262 omnes
986 3193 1117 3265 demissi
1134 3211 1200 3269 sta·

153 3297 256 3366 bant?
278 3318 390 3365 nonne
411 3295 525 3388 quiin
546 3295 686 3364 maximi
711 3295 872 3386 dignitate
893 3299 1064 3369 constituti
1086 3319 1197 3392 erant,

153 3401 342 3472 tremebant
361 3399 459 3472 illos?
473 3423 585 3470 nonne
608 3400 874 3471 venerabantur?
897 3403 956 3472 sed
970 3405 1061 3475 venit
1080 3431 1199 3499 pecca·

154 3525 239 3594 tum,
254 3523 288 3578 et
303 3509 413 3579 omnia
427 3521 588 3601 prostrata
604 3521 682 3576 sunt
700 3536 707 3576 :
726 3505 843 3578 famuli
851 3508 994 3602 judices,
1012 3512 1199 3588 adulatores

154 3615 321 3686 carnifices
335 3615 445 3685 effecti
460 3623 537 3684 sirnt
555 3643 563 3684 :
587 3614 645 3706 qui
660 3637 776 3684 manus
792 3616 862 3708 ejus
878 3615 1129 3707 osculabantur,
1146 3623 1198 3716 ip-

154 3744 228 3792 sum
243 3721 286 3789 ab
303 3721 439 3790 ecelesia
454 3721 670 3812 abripuerunt
688 3722 768 3812 :qui
783 3721 855 3791 heri
869 3745 1005 3792 manum
1022 3725 1092 3818 ejus
1107 3749 1199 3798 oscu-

154 3823 298 3913 labatur,
307 3827 565 3898 hodicinimicus
577 3826 665 3896 illius
676 3841 736 3898 est.
747 3829 874 3911 Quare?
884 3829 961 3922 quia
970 3831 1040 3900 heri
1049 3837 1197 3906 nonvere

154 3933 249 4004 illum
264 3931 434 4024 diligebat.
450 3934 549 4002 Venit
563 3947 706 4026 tempus,
723 3947 757 4004 et
770 3933 870 4005 larvae
882 3936 1094 4029 deprehensae
1105 3954 1192 4010 sunt.
