2982 4584
224 445 327 494 CAPUT
349 451 396 496 VI·
423 451 464 493 D}
479 449 636 494 ΜΜἯΟῺΟ
659 449 695 493 Η(
718 444 926 494 CORCIOMBU!
941 445 1108 495 ᾸὈΗῙΒΙΤΔ.
1135 435 1198 495 513

150 561 273 635 vocat,
298 562 333 619 et
353 561 392 619 tu
410 547 527 639 luges?
546 551 590 616 Et
612 545 695 640 quid
714 545 853 639 amplius
871 547 994 620 faceres
1010 551 1037 620 si
1052 547 1203 620 defuncti

150 656 308 726 inimicus
323 671 357 726 et
369 656 470 726 bostis
482 655 589 724 esses?
606 653 640 738 Si
655 652 858 746 lugendum,
875 654 1008 727 diabolo
1019 655 1201 747 lugendum

151 775 217 831 est.
235 762 296 832 Ille
308 763 432 855 lugeat,
449 758 506 830 ille
516 759 735 847 lamentetur,
748 761 826 853 quia
835 758 879 830 ad
888 763 1012 856 majora
1025 763 1114 832 bona
1129 787 1203 856 per·

152 868 274 960 gimus.
287 869 380 940 Illius
388 865 537 960 nequitia
551 863 651 958 digua
665 879 715 937 est
728 864 918 960 hujusmodi
930 867 1136 956 lamentatio,
1151 893 1205 940 sea

150 974 212 1045 cus
224 991 283 1057 tu,
302 976 361 1070 qui
377 972 420 1044 ad
436 995 592 1044 coronam
613 987 647 1044 et
669 975 818 1068 requiem
832 975 969 1046 vocaris.
986 978 1203 1070 Nauportus

149 1081 354 1174 tranquillus
368 1103 456 1152 mors
470 1094 530 1151 est.
542 1078 714 1173 Perpende
724 1081 826 1174 igitur
842 1095 927 1174 quot
940 1081 1035 1153 malis
1051 1081 1150 1176 plena
1161 1083 1204 1154 sit

149 1186 222 1256 vita
236 1209 400 1278 praesens,
422 1187 530 1278 cogita
544 1185 674 1280 quoties
689 1187 751 1280 ipsi
769 1185 986 1259 maledixeris.
1001 1190 1085 1262 Nam
1097 1189 1133 1258 in
1144 1211 1204 1282 pe·

146 1291 204 1384 jus
219 1315 348 1386 semper
362 1317 414 1364 res
429 1305 616 1382 vertuntur,
632 1294 764 1392 atquel
780 1293 943 1388 principio
954 1319 1024 1366 non
1038 1295 1205 1370 modicam

149 1395 401 1481 damnationem
422 1399 556 1469 sortitus
569 1421 614 1468 es.
632 1397 683 1470 In
703 1395 908 1494 domnius,
924 1401 1056 1494 inquit,
1070 1403 1205 1494 ¹punies

137 1501 266 1598 filios:
279 1519 325 1593 et,
336 1503 387 1578 In
396 1503 527 1577 sudore
535 1503 654 1576 nulum
664 1505 727 1593 tui,
737 1504 906 1576 comedes
912 1530 1051 1599 punem
1063 1513 1201 1580 tuum¹:

150 1626 206 1699 et,
225 1611 276 1684 In
291 1610 427 1684 mundo
443 1611 713 1684 tribulationem
728 1609 911 1682 habebitis
920 1618 946 1683 ².
964 1618 1010 1684 At
1024 1611 1204 1688 defuturis

149 1719 251 1790 rebus
263 1720 347 1790 nibil
362 1719 553 1815 hujusmodi
572 1719 714 1804 dieitur,
733 1719 801 1788 imo
819 1719 1024 1790 contrarium
1040 1722 1174 1814 proruis
1192 1751 1201 1794 :

150 1823 191 1895 E
182 1827 301 1924 ffiagat
321 1826 443 1916 dolor,
462 1827 611 1896 tristitia
631 1838 667 1896 et
679 1827 856 1920 gemitus⁸
875 1855 883 1897 ε
901 1840 953 1914 et,
970 1825 1033 1898 Ab
1054 1828 1203 1902 Oriente

151 1944 188 2000 et
208 1929 404 2002 Occidente
418 1932 575 2018 uenient,
594 1943 630 2002 et
645 1927 855 2002 recumbent
870 1931 908 2002 in
923 1933 1006 2004 sinu
1020 1931 1200 2024 Abraltoe,
1235 2011 1237 2020 ,

151 2052 189 2108 et
202 2037 320 2110 Isaac
335 2053 370 2109 et
381 2036 526 2111 Jacob⁴
541 2068 550 2110 ι
567 2052 601 2108 et
615 2037 683 2109 illic
698 2061 837 2133 sponsus
849 2039 1038 2136 spiritualis,
1055 2040 1202 2116 lucernae

149 2143 309 2236 sulgidae,
325 2145 496 2216 translatio
510 2146 546 2215 in
561 2144 696 2216 eoelum.
895 2219 899 2236 Ι

186 2277 204 2318 u
212 2255 281 2324 Gur
290 2255 369 2343 ergb
377 2265 548 2322 mortuum
560 2247 886 2344 deturpasteuraliis
895 2253 1060 2343 timorem,
1071 2264 1197 2329 tremo-

107 2411 110 2422 .
149 2381 287 2453 remque
296 2359 412 2430 mortis
427 2359 583 2429 accersis?
596 2381 656 2429 eur
665 2356 871 2428 occasionem
880 2357 995 2428 multis
1007 2363 1135 2452 praebes
1149 2363 1200 2433 in·

148 2463 285 2548 cusandi
292 2465 538 2559 Deum,utpotl
545 2466 605 2559 qui
617 2487 738 2556 magna
747 2460 1130 2538 leceritmalallmoverb
1138 2491 1199 2539 cur

147 2575 262 2664 postet
272 2597 434 2665 pauperes
443 2595 540 2643 vocas
551 2625 561 2659 ,
572 2583 606 2641 et
615 2569 799 2641 sacerdotes
811 2591 905 2660 rogas
917 2571 960 2640 ad
970 2574 1198 2664 precandum?

149 2679 242 2746 Utin
257 2678 404 2769 requiem
419 2678 527 2761 abeat,
542 2677 683 2766 inquies,
702 2677 729 2742 is
745 2677 804 2766 qui
819 2691 970 2745 mortuus
982 2692 1048 2763 est,
1062 2695 1100 2750 ut
1115 2703 1196 2773 pro-

147 2783 268 2874 pitium
279 2781 401 2850 babeat
413 2778 571 2874 judicem.
585 2780 634 2848 Ed
650 2779 751 2869 igitur
766 2779 808 2846 de
819 2782 917 2848 causd
928 2781 1037 2872 ploras
1052 2797 1086 2853 et
1101 2787 1196 2879 inge-

148 2888 280 2958 miscis?
301 2887 390 2976 Ergo
411 2899 521 2956 tecum
547 2887 618 2978 ipse
643 2905 789 2976 pugnas,
811 2885 889 2956 erim
908 2886 957 2958 illi
984 2903 1194 2984 tempestates

120 3070 123 3078 ,
147 3017 242 3088 paras
257 2995 316 3088 qui
332 2994 376 3063 ad
390 3007 525 3086 portum
545 2991 637 3062 abiit.
658 2995 703 3061 Et
718 2989 802 3085 quid
827 2990 965 3080 faciam,
987 2995 1143 3090 inquies?
1156 3001 1194 3072 id

101 3157 103 3160 ψ
146 3117 264 3174 natura
278 3101 391 3194 exigit.
408 3105 482 3174 Non
502 3114 552 3171 est
566 3113 695 3170 naturae
709 3097 809 3193 culpa
822 3123 932 3196 neque
947 3126 1057 3175 rerum
1074 3108 1191 3200 seriei,

102 3265 108 3284 .
128 3225 130 3229 ’
146 3208 203 3282 sed
222 3229 300 3295 uos,
322 3207 381 3299 qui
400 3207 511 3277 omnia
532 3205 696 3299 susdeque
719 3207 896 3293 vertimus,
918 3207 1034 3280 molles
1049 3212 1190 3286 nimidm

148 3337 278 3400 sumus,
296 3325 443 3382 nostram
454 3310 625 3402 prodimus
640 3307 848 3384 nobilitatem
860 3363 869 3401 ,
881 3327 915 3382 et
930 3314 1079 3387 infideles
1094 3320 1190 3390 dete·

148 3422 247 3491 riores
257 3418 407 3491 facimus.
423 3415 601 3502 Quomodo
615 3416 703 3486 enim
715 3438 792 3485 cum
807 3415 872 3487 alio
887 3417 930 3488 de
944 3419 1191 3510 immortalitate

147 3522 441 3610 disseremusiQud
452 3524 585 3596 ratione-
593 3519 759 3595 Gentilem
770 3521 813 3593 ad
825 3521 916 3594 illam
926 3527 1126 3601 credendam
1139 3533 1190 3603 in·

147 3635 326 3720 ducemus,
340 3633 418 3704 edm
433 3631 533 3722 magis
544 3628 646 3724 qulm
656 3627 714 3698 ille
733 3641 874 3699 mortem
888 3631 1080 3706 horreamus
1095 3653 1129 3708 et
1144 3634 1188 3710 ti-

148 3741 317 3810 meamus?
330 3739 430 3810 Multi
444 3737 533 3810 certe
549 3759 590 3808 ex
605 3735 815 3824 Gentilibus,
833 3736 892 3830 qui
906 3737 1187 3818 immortalitatem

183 3900 190 3926 ¹
202 3891 265 3940 Gen.
275 3903 312 3952 m,
332 3885 363 3938 ι6
378 3891 405 3937 ot
419 3902 458 3952 ¹9·
472 3909 505 3924 -
520 3895 531 3923 ¹
547 3861 620 3938 tom.
637 3897 688 3947 m,
702 3880 743 3934 33.
753 3907 784 3918 -
799 3879 877 3934 tuat.
892 3899 965 3950 xxxv,
979 3901 1018 3937 ιο.
1032 3886 1088 3937 -t
1100 3893 1186 3947 batth,

149 3989 202 4038 xm,
217 3987 258 4024 11.

326 4066 363 4114 ιι.
649 4063 655 4072 ·
718 4123 722 4134 ,
944 4105 945 4110 ,
987 4053 1052 4116 tlt-J
