2930 4582
286 411 349 472 312
440 425 619 472 nuuuomct
641 418 667 472 b.
695 427 842 481 11111111,
867 427 943 474 raus
966 430 1012 486 11,
1037 427 1120 470 enen.
1146 428 1169 469 1.

282 551 381 614 eum,
399 542 437 597 ut
463 529 566 612 scitis,
598 543 630 597 et
650 531 822 619 nunquam
845 530 938 619 potui
959 528 1000 596 de
1024 527 1086 596 hic
1106 550 1141 595 re
1162 529 1322 618 corrigere

282 658 369 704 eum.
388 639 432 702 Et
451 635 533 702 alius
549 664 556 704 :
571 635 653 704 Mihi
667 634 815 726 quidem,
827 635 884 719 ait,
897 633 980 702 bene
990 633 1196 729 compertum
1214 632 1323 706 fuerat
1357 728 1360 732 ¹

281 738 323 809 de
332 739 390 807 illo
401 739 502 828 istud3
513 739 570 807 sed
581 761 696 832 perme
709 742 882 833 nunquam
891 739 1101 824 innotuisset,
1117 752 1150 807 at
1166 740 1323 832 quoniam

279 869 339 939 per
354 844 494 915 alterum
508 844 669 938 patefacta
689 861 737 916 est
753 871 826 934 res,
843 848 1016 916 veritatem
1028 869 1146 936 negare
1160 869 1229 915 non
1244 871 1322 938 pos-

278 975 351 1022 sum
368 980 376 1022 1
393 951 508 1022 dolens
522 951 610 1038 dico,
627 956 739 1022 revera
753 954 799 1023 ita
814 967 873 1022 est.
893 959 936 1022 Et
951 953 1043 1022 addit
1058 982 1065 1022 ε
1084 951 1215 1022 Grande
1230 953 1323 1024 dam·

278 1081 383 1149 num,
400 1061 478 1127 nam
503 1058 581 1128 alias
602 1058 737 1152 quidem
759 1061 793 1127 in
816 1058 965 1151 pluribus
986 1057 1089 1144 valet,
1108 1059 1266 1130 caetenim
1288 1062 1322 1130 in

278 1170 340 1238 ista
356 1183 461 1261 parte,
473 1183 511 1238 ut
526 1193 640 1239 verum
656 1169 832 1255 fateamur,
844 1169 990 1239 excusari
1006 1168 1141 1236 minime
1156 1170 1318 1258 potest¹ur

325 1279 463 1345 Sanctus
478 1278 557 1346 verd
570 1277 793 1366 Hieronymus
805 1277 914 1346 fretam
924 1277 969 1346 sic
982 1287 1193 1367 repraesentat
1209 1274 1321 1342 Humi·

236 1465 241 1472 ·
280 1381 433 1451 litatem:

323 1517 340 1555 r<
354 1488 483 1558 Pictam
495 1488 716 1557 humilitatem
733 1485 879 1578 fugiens,
896 1486 988 1556 illam
1000 1501 1134 1572 sectare,
1152 1509 1228 1580 quae
1243 1509 1321 1556 vera

279 1607 328 1666 est
345 1649 355 1682 ,
375 1619 475 1690 quam
493 1596 641 1666 Christus
658 1594 802 1688 docuit,
828 1595 863 1662 in
878 1597 944 1687 qut
959 1595 1085 1664 nonsit
1100 1593 1254 1686 superbia
1268 1595 1321 1661 in-

276 1701 376 1772 clusa.
406 1701 514 1772 Multb
542 1703 629 1770 enim
660 1702 760 1794 hujus
792 1701 921 1769 virtutis
945 1701 1125 1786 umbram,
1151 1701 1321 1779 veritatem

275 1811 374 1902 pauci
402 1824 598 1903 sequuntur.
623 1807 782 1878 Perfacile
807 1821 855 1877 est
879 1808 1022 1902 aliquem
1047 1808 1170 1876 habere
1199 1821 1322 1876 vestem

278 1930 523 2008 contemptam,
542 1914 684 1984 salutare
699 1913 912 2000 submissius,
927 1937 1044 1984 manus
1059 1928 1092 1983 et
1105 1936 1212 2006 genua
1228 1913 1323 1983 deos-

279 2023 399 2109 culari,
414 2023 572 2091 inclinato
587 2022 622 2090 in
638 2035 758 2090 terram
774 2022 896 2113 capite,
914 2021 1082 2113 oculisque
1098 2021 1243 2114 dejectis,
1262 2023 1324 2090 hu-

280 2129 451 2199 militatem
469 2143 568 2222 atque
587 2129 872 2198 mansuetudinem
887 2128 1051 2220 polliceri,
1071 2127 1161 2197 lenta
1173 2151 1256 2197 voce
1271 2143 1323 2198 te-

280 2238 407 2332 nuique
416 2261 580 2306 sermones
590 2235 780 2327 infringere,
792 2237 953 2327 suspirare
962 2236 1121 2321 crebribs,
1132 2247 1165 2304 et
1174 2237 1216 2304 ad
1227 2259 1324 2306 omne

279 2345 418 2415 verbum
443 2358 648 2442 peccatorem
677 2367 714 2413 ac
734 2343 890 2412 miserum
914 2365 948 2411 se
972 2341 1134 2431 clamare,
1151 2342 1210 2411 sed
1231 2343 1258 2411 si
1271 2341 1324 2413 vel

280 2451 345 2520 levi
367 2473 519 2520 sermone
538 2451 682 2518 offensus
706 2449 825 2531 fuerit,
850 2450 1009 2518 continuo
1024 2448 1149 2517 videbis
1173 2449 1324 2518 attollere

281 2557 504 2650 supercilium,
521 2557 629 2626 levare
643 2559 815 2640 cervicem,
825 2571 858 2625 et
870 2555 1048 2626 delicatum
1060 2556 1154 2625 illum
1169 2557 1324 2627 orationis

280 2687 399 2735 sonum
413 2665 529 2734 insano
545 2663 687 2734 clamore
702 2665 837 2756 repente
850 2679 977 2733 mutare
988 2669 1013 2733 ².
1031 2691 1046 2728 u
1097 2669 1102 2674 ’
1194 2701 1200 2708 -

324 2772 381 2842 Vis
400 2769 694 2840 autem-Invidiam
719 2770 875 2862 graphice
898 2769 1062 2862 depictam
1086 2770 1321 2863 contemplari,

280 2879 353 2972 lege
364 2881 428 2948 hoc
440 2879 543 2948 sancti
554 2878 779 2967 chrysostomi
794 2875 986 2946 admirabile
995 2878 1186 2947 inventum:

328 3015 343 3054 α
358 2987 456 3056 Multi
472 2987 554 3053 flent
570 3007 646 3053 curn
668 2977 844 3069 flentibus,
866 3007 927 3053 nec
944 2983 1087 3075 gaudere
1102 2984 1221 3054 volunt
1247 3007 1323 3053 cum

281 3091 500 3184 gaudentibus
513 3121 528 3178 3.
540 3089 597 3157 sed
613 3087 683 3156 aliis
699 3087 916 3177 gaudentibus
931 3089 1168 3180 lacrymantur,
1179 3091 1215 3159 id
1231 3090 1323 3184 quod

280 3223 320 3268 ex
340 3196 463 3266 invidit
481 3211 514 3265 et
525 3197 637 3279 ,livore
652 3197 879 3288 proficiscitur.
905 3203 979 3270 Non
996 3223 1132 3291 parvum
1150 3202 1228 3290 ergd
1246 3201 1322 3270 olli-

281 3307 370 3377 cium
388 3319 455 3388 est,
474 3303 574 3372 fratre
588 3306 762 3394 gaudente,
777 3305 920 3397 gaudere
935 3340 944 3398 3
960 3307 1017 3376 sed
1037 3321 1070 3376 et
1094 3306 1198 3380 altero
1219 3331 1321 3400 praes-

282 3414 427 3501 tantius,
441 3437 509 3481 non
526 3413 656 3482 tantum
668 3414 726 3483 illo
736 3415 844 3484 oflicio
858 3415 960 3484 flendi
979 3439 1055 3485 cum
1069 3416 1249 3505 flentibus,
1267 3415 1322 3486 sed

259 3551 262 3556 ·
282 3518 449 3590 etiamillo
458 3519 610 3610 alio,quo
620 3517 734 3588 fratres
744 3522 778 3589 in
789 3521 936 3613 periculo
947 3523 1142 3592 constitutos
1151 3527 1318 3615 juvamur.

280 3627 380 3698 Multi
404 3628 548 3718 namque
572 3648 647 3694 curn
674 3625 934 3716 periclitantibus
955 3627 1139 3719 periculum
1155 3629 1318 3716 subeunt,

278 3734 336 3803 sed
345 3732 498 3801 fratribus
510 3733 662 3824 prosperb
672 3735 844 3823 agentibus
855 3735 1059 3820 mordentur,
1069 3737 1317 3805 etcruciantur:

276 3852 366 3909 tanta
384 3851 432 3908 est
446 3839 578 3909 invidiae
599 3841 757 3927 tyrannis.
781 3842 873 3910 Licet
892 3841 975 3910 illud
993 3866 1068 3911 cum
1086 3842 1201 3912 labore
1217 3857 1251 3910 61
1265 3865 1321 3910 su·

310 3966 486 4018 ι1116111111.
501 3965 572 4032 supra
587 3966 679 4018 cantic.
697 3970 775 4018 Scrm.
798 3983 863 4031 11111,
884 3985 908 4019 n.
921 3970 946 4034 ly.
963 3995 994 4006 ·-
1009 3980 1019 4006 ²
1032 3972 1056 4020 S.
1081 3949 1223 4021 Hieronrin
1236 3969 1303 4036 Epist
