2984 4580
247 403 349 452 staur
371 409 417 452 vr.
443 407 485 450 un
507 405 663 450 umnono
686 403 722 448 nr
737 403 945 482 concrement
962 403 1127 450 inurant.
1155 391 1219 452 327

183 488 264 588 esset
272 504 453 576 exhortatio
469 531 476 574 :
490 503 516 600 si
527 523 595 572 non
604 504 785 589 minaretur
795 503 886 572 nulla
898 518 980 573 esset
992 499 1150 576 correctio
1163 509 1187 575 ¹.
1201 533 1218 573 o

226 611 296 680 Illae
323 623 432 680 autem
455 608 703 699 Augustinianae
727 609 934 694 Antitheses,
954 633 1028 703 quae
1052 611 1169 704 saepiils
1186 613 1222 684 in

148 721 152 729 ’
182 717 359 789 verborum
399 711 608 783 solummodo
639 714 753 804 pugni
783 716 982 802 consistunt,
1014 715 1134 786 cedant
1161 741 1222 787 nc-

182 847 268 896 oesse
295 839 344 894 est
368 824 447 894 huic
479 821 698 914 praestantiori
723 823 966 914 oppositionum
990 825 1117 915 generi,
1148 849 1223 918 quae

178 932 224 1002 ¹ad
239 931 462 1002 diversitatem
481 927 592 1028 potitis
606 927 841 1018 cogitationum
864 930 1042 1021 pertinent,
1059 931 1224 1023 qulm'ad

180 1039 370 1108 varietatem
386 1035 561 1104 dictorum.
587 1033 720 1102 Eminet
739 1037 837 1126 euprd
859 1057 972 1105 omnes
998 1035 1033 1106 in
1046 1037 1114 1110 ,hec
1129 1050 1223 1130 parte

181 1143 417 1226 Tertullianus,
432 1141 527 1232 cujus
542 1139 607 1208 hoc
628 1139 739 1231 accipe
756 1138 996 1230 fragmentum,
1016 1140 1058 1216 de
1070 1145 1220 1214 Bonitate

179 1265 214 1321 et
231 1249 375 1333 iustitie,
388 1245 498 1341 qualia
512 1252 578 1316 Deo
599 1261 812 1339 competunt,
826 1247 1011 1320 disserentis
1027 1275 1035 1319 ι
1145 1249 1148 1253 ’

238 1384 255 1423 (ι
283 1355 414 1424 lustitia
439 1349 611 1445 plenitudo
638 1369 687 1422 est
710 1347 888 1424 divinitatis
913 1356 1034 1448 ipsius,
1067 1355 1224 1428 exhibens

179 1466 288 1532 Deum
309 1458 512 1553 perfectum,
528 1472 562 1528 et
579 1463 727 1544 Patrem,
745 1473 779 1528 et
793 1463 992 1538 Dominumr
1012 1467 1142 1532 Patrem
1157 1461 1225 1534 cle·

178 1569 319 1652 mentii,
338 1569 515 1638 Dominum
537 1565 732 1659 disciplinis
752 1573 882 1638 Patrem
896 1583 1057 1662 potestate
1079 1570 1221 1657 blandi,

177 1676 357 1744 Dominum
380 1675 490 1742 severi
519 1702 527 1742 :
554 1679 685 1744 Patrem
715 1673 921 1765 diligendum
944 1677 1019 1768 pie,
1046 1678 1225 1747 Dominum

177 1779 365 1851 timendum
377 1781 557 1852 necessarie
572 1810 580 1851 :
595 1778 820 1872 diligendum,
838 1783 916 1874 quia
933 1783 1027 1852 malit
1040 1784 1225 1855 misericor-

176 1885 268 1958 diam
283 1890 383 1980 qulm
401 1887 613 1972 sacrificium,
636 1899 669 1955 et
683 1884 885 1971 timendum,
908 1887 986 1979 quia
1006 1887 1091 1958 nolit
1106 1913 1224 1982 pecca·

175 2013 250 2064 tum
263 2021 271 2063 z
283 1992 487 2084 diligendum
496 1991 574 2086 quia
582 1990 675 2063 malit
683 1991 912 2084 poenitentiam
921 1995 1112 2085 peccatoris,
1123 1998 1225 2088 quim
1239 2047 1241 2053 s

170 2115 319 2172 'mortem
331 2133 340 2192 3
354 2115 387 2170 et
399 2101 603 2185 timendum,
618 2101 696 2194 quia
715 2099 798 2177 nolit
813 2101 991 2193 peccatoris
1006 2101 1058 2175 etti
1072 2104 1141 2196 jlm
1156 2127 1225 2173 non

174 2209 383 2302 poenitentis.
406 2208 486 2277 ldcd
510 2207 560 2276 lex
578 2195 758 2300 utrumque
778 2208 914 2279 definita
932 2207 1073 2306 Diliges
1085 2208 1224 2298 Deum,

175 2329 211 2384 et
224 2311 509 2384 timebisDeum.
521 2311 622 2384 Aliud
636 2313 819 2384 obsecutori
834 2316 1016 2407 proposuit,
1030 2315 1121 2389 aliud
1131 2339 1226 2386 exor-

174 2421 313 2492 bitatori
328 2424 357 2490 ²..
371 2449 387 2487 n
478 2443 484 2456 ‘

230 2531 288 2596 13⁰
312 2525 494 2620 Repetitio
516 2549 592 2620 quac
607 2525 642 2596 in
657 2523 806 2619 plu:ibus
822 2549 898 2596 cum
910 2527 1109 2620 praecedeuti
1122 2515 1228 2620 figure

97 2722 99 2728 Ι
171 2633 354 2716 consentit,
368 2633 404 2700 in
418 2655 457 2701 eo
468 2646 628 2718 versatur,
639 2631 731 2725 qudd
743 2633 830 2706 idem
842 2631 960 2726 sapitis
974 2635 1113 2704 verbum
1130 2635 1227 2706 iteress

172 2753 243 2810 tur.
263 2743 336 2808 Hoc
348 2736 554 2830 frequentius
566 2738 634 2828 agit
650 2740 959 2830 sanctusllphreem‚
977 2754 1015 2808 ut
1033 2741 1069 2808 in
1082 2741 1228 2833 ietlpre-

170 2847 306 2932 catione
322 2843 364 2913 ad
381 2843 553 2936 Deiparam
569 2843 701 2912 videtur
719 2873 727 2917 s

221 2949 381 3035 «Gaude,
398 2949 589 3041 purissima,
604 2950 706 3039 gratid
723 2949 820 3043 plena
840 2979 847 3020 ε
866 2950 973 3043 gaude
988 3003 997 3037 ,
1014 2951 1224 3025 immaculata

171 3059 233 3128 Dei
244 3057 394 3128 Genitrix
403 3057 519 3147 Virgo:
533 3055 653 3145 gaude,
661 3056 774 3149 Virgo,
786 3057 959 3146 hominum
969 3058 1073 3150 gloria
1084 3087 1092 3128 r
1102 3059 1222 3151 gaude,

171 3166 326 3236 omnium
337 3163 572 3254 prophetarum
583 3163 1146 3258 implementum:gaude,periectio
1155 3189 1227 3236 om-

172 3274 269 3342 nium
292 3271 584 3360 congregationum
602 3269 734 3338 Domini
757 3299 765 3338 ε
783 3269 900 3358 gaude,
922 3272 1023 3362 ipsius
1040 3274 1227 3342 testamenti

172 3379 321 3470 sigillum
334 3406 341 3447 :
355 3376 481 3468 gaude,
496 3390 583 3445 meta
593 3376 805 3446 consiliorum
815 3374 903 3443 illius
916 3405 924 3446 :
932 3377 1055 3467 gaude,
1069 3377 1227 3448 manifes-

172 3488 257 3556 tatio
269 3485 499 3576 mysteriorum
514 3484 602 3576 ejus:
616 3481 739 3572 gaude,
756 3481 913 3552 advocata
923 3482 1156 3554 infamatorum
1171 3487 1225 3556 in-

169 3594 282 3686 juste:
301 3593 424 3683 gaude,
445 3589 594 3662 collectio
607 3587 804 3683 jamdudum
826 3589 1052 3660 dissidentium
1073 3621 1080 3661 :
1099 3593 1223 3682 gaude,

174 3699 411 3772 fulcimentum
425 3699 656 3770 inclinatorum
669 3697 841 3769 deorsiim:
858 3699 982 3792 gaude,
999 3699 1111 3770 lumen
1125 3701 1160 3772 in
1171 3715 1223 3772 te-

211 3857 218 3882 ¹
235 3847 260 3896 S.
278 3847 375 3908 August.
391 3821 474 3908 fragm.
490 3846 504 3894 ἐι
517 3848 544 3896 S.
560 3847 672 3910 Prosper.
690 3828 800 3910 Adollam
824 3843 935 3896 colecta.
957 3869 988 3882 ·-
1002 3853 1012 3878 ¹
1026 3845 1122 3898 Tertull.
1137 3845 1181 3898 lib.
1195 3863 1224 3912 u,

174 3931 233 3984 adv.
248 3931 324 3980 Maro.
336 3944 360 3976 n.
380 3929 417 3978 13.
