<?xml version="1.0" encoding="UTF-8"?>
<!DOCTYPE html PUBLIC "-//W3C//DTD XHTML 1.0 Transitional//EN"
    "http://www.w3.org/TR/xhtml1/DTD/xhtml1-transitional.dtd">
<html xmlns="http://www.w3.org/1999/xhtml" xml:lang="en" lang="en">
 <head>
  <title>
</title>
<meta http-equiv="Content-Type" content="text/html;charset=utf-8" />
  <meta name='ocr-system' content='tesseract 3.04.00' />
  <meta name='ocr-capabilities' content='ocr_page ocr_carea ocr_par ocr_line ocrx_word'/>
</head>
<body>
  <div class='ocr_page' id='page_1' title='image "./rhetoricasancto00cailgoog_0075.png"; bbox 0 0 2996 4598; ppageno 0'>
   <div class='ocr_carea' id='block_1_1' title="bbox 283 427 1171 501">
    <p class='ocr_par' dir='ltr' id='par_1_1' title="bbox 283 427 1171 501">
     <span class='ocr_line' id='line_1_1' title="bbox 283 427 1171 501; baseline 0.001 -15"><span class='ocrx_word' id='word_1_1' title='bbox 283 427 325 486; x_wconf 88' lang='lat'><strong>68</strong></span> <span class='ocrx_word' id='word_1_2' title='bbox 439 437 619 484; x_wconf 79' lang='lat' dir='ltr'><strong>nnnronrcu</strong></span> <span class='ocrx_word' id='word_1_3' title='bbox 641 436 668 483; x_wconf 80' lang='lat' dir='ltr'><strong>s.</strong></span> <span class='ocrx_word' id='word_1_4' title='bbox 694 438 844 501; x_wconf 72' lang='lat' dir='ltr'><strong>racanas,</strong></span> <span class='ocrx_word' id='word_1_5' title='bbox 869 436 945 484; x_wconf 79' lang='lat' dir='ltr'><strong>mus</strong></span> <span class='ocrx_word' id='word_1_6' title='bbox 968 442 1010 501; x_wconf 90' lang='lat'><strong>11,</strong></span> <span class='ocrx_word' id='word_1_7' title='bbox 1036 441 1120 486; x_wconf 74' lang='lat' dir='ltr'><strong>sacr.</strong></span> <span class='ocrx_word' id='word_1_8' title='bbox 1146 443 1171 488; x_wconf 84' lang='lat' dir='ltr'><strong>r.</strong></span> 
     </span>
    </p>
   </div>
   <div class='ocr_carea' id='block_1_2' title="bbox 185 534 1326 1468">
    <p class='ocr_par' dir='ltr' id='par_1_2' title="bbox 185 534 1326 1468">
     <span class='ocr_line' id='line_1_2' title="bbox 281 534 1321 628; baseline -0.003 -19"><span class='ocrx_word' id='word_1_9' title='bbox 281 557 357 623; x_wconf 88' lang='lat' dir='ltr'><strong>nus,</strong></span> <span class='ocrx_word' id='word_1_10' title='bbox 374 535 542 607; x_wconf 79' lang='lat' dir='ltr'><strong>cum&#39;haec</strong></span> <span class='ocrx_word' id='word_1_11' title='bbox 564 537 637 606; x_wconf 87' lang='lat' dir='ltr'><strong>ait:</strong></span> <span class='ocrx_word' id='word_1_12' title='bbox 662 563 679 602; x_wconf 81' lang='lat' dir='ltr'><strong>u</strong></span> <span class='ocrx_word' id='word_1_13' title='bbox 702 539 751 607; x_wconf 90' lang='lat' dir='ltr'><strong>Ne</strong></span> <span class='ocrx_word' id='word_1_14' title='bbox 777 536 878 628; x_wconf 85' lang='lat' dir='ltr'><strong>igitur</strong></span> <span class='ocrx_word' id='word_1_15' title='bbox 901 535 1031 628; x_wconf 80' lang='lat' dir='ltr'><strong>longihs</strong></span> <span class='ocrx_word' id='word_1_16' title='bbox 1055 537 1166 621; x_wconf 91' lang='lat' dir='ltr'><strong>vobis,</strong></span> <span class='ocrx_word' id='word_1_17' title='bbox 1187 534 1321 624; x_wconf 85' lang='lat' dir='ltr'><strong>fratres,</strong></span> 
     </span>
     <span class='ocr_line' id='line_1_3' title="bbox 280 641 1325 734; baseline -0.002 -20"><span class='ocrx_word' id='word_1_18' title='bbox 280 643 438 714; x_wconf 88' lang='lat' dir='ltr'><strong>sermonis</strong></span> <span class='ocrx_word' id='word_1_19' title='bbox 454 642 634 728; x_wconf 32' lang='lat' dir='ltr'><strong>*exordium</strong></span> <span class='ocrx_word' id='word_1_20' title='bbox 655 641 907 734; x_wconf 82' lang='lat' dir='ltr'><strong>protrahamus3</strong></span> <span class='ocrx_word' id='word_1_21' title='bbox 937 642 1014 712; x_wconf 79' lang='lat' dir='ltr'><strong>clim</strong></span> <span class='ocrx_word' id='word_1_22' title='bbox 1036 643 1181 712; x_wconf 86' lang='lat' dir='ltr'><strong>mirificis</strong></span> <span class='ocrx_word' id='word_1_23' title='bbox 1208 665 1325 713; x_wconf 87' lang='lat' dir='ltr'><strong>eorum</strong></span> 
     </span>
     <span class='ocr_line' id='line_1_4' title="bbox 267 746 1325 846; baseline -0.001 -27"><span class='ocrx_word' id='word_1_24' title='bbox 267 750 338 846; x_wconf 89' lang='lat' dir='ltr'><strong>.qui</strong></span> <span class='ocrx_word' id='word_1_25' title='bbox 354 750 505 820; x_wconf 79' lang='lat' dir='ltr'><strong>antenus</strong></span> <span class='ocrx_word' id='word_1_26' title='bbox 521 746 676 818; x_wconf 74' lang='lat' dir='ltr'><strong>dixerunt</strong></span> <span class='ocrx_word' id='word_1_27' title='bbox 696 749 1048 842; x_wconf 85' lang='lat' dir='ltr'><strong>orationibusoperam</strong></span> <span class='ocrx_word' id='word_1_28' title='bbox 1063 746 1238 834; x_wconf 86' lang='lat' dir='ltr'><strong>dederitis,</strong></span> <span class='ocrx_word' id='word_1_29' title='bbox 1253 751 1325 842; x_wconf 77' lang='lat' dir='ltr'><strong>jhm</strong></span> 
     </span>
     <span class='ocr_line' id='line_1_5' title="bbox 185 852 1325 948; baseline -0.004 -21"><span class='ocrx_word' id='word_1_30' title='bbox 185 897 188 900; x_wconf 95' lang='lat'>·</span> <span class='ocrx_word' id='word_1_31' title='bbox 278 855 415 928; x_wconf 91' lang='lat' dir='ltr'><strong>saturati</strong></span> <span class='ocrx_word' id='word_1_32' title='bbox 429 853 594 948; x_wconf 61' lang='lat' dir='ltr'><strong>estis-jhm</strong></span> <span class='ocrx_word' id='word_1_33' title='bbox 606 853 724 923; x_wconf 87' lang='lat' dir='ltr'><strong>divites</strong></span> <span class='ocrx_word' id='word_1_34' title='bbox 744 852 823 924; x_wconf 87' lang='lat' dir='ltr'><strong>faeti</strong></span> <span class='ocrx_word' id='word_1_35' title='bbox 837 855 935 944; x_wconf 67' lang='lat' dir='ltr'><strong>estis,</strong></span> <span class='ocrx_word' id='word_1_36' title='bbox 952 854 1086 924; x_wconf 79' lang='lat' dir='ltr'><strong>archus</strong></span> <span class='ocrx_word' id='word_1_37' title='bbox 1106 854 1231 948; x_wconf 76' lang='lat' dir='ltr'><strong>quippe</strong></span> <span class='ocrx_word' id='word_1_38' title='bbox 1247 853 1325 923; x_wconf 92' lang='lat' dir='ltr'><strong>dul·</strong></span> 
     </span>
     <span class='ocr_line' id='line_1_6' title="bbox 278 961 1325 1056; baseline -0.004 -20"><span class='ocrx_word' id='word_1_39' title='bbox 278 966 372 1037; x_wconf 90' lang='lat' dir='ltr'><strong>cibus</strong></span> <span class='ocrx_word' id='word_1_40' title='bbox 387 963 515 1034; x_wconf 79' lang='lat' dir='ltr'><strong>satietas</strong></span> <span class='ocrx_word' id='word_1_41' title='bbox 532 961 688 1053; x_wconf 84' lang='lat' dir='ltr'>gignitur,</span> <span class='ocrx_word' id='word_1_42' title='bbox 706 962 827 1056; x_wconf 91' lang='lat' dir='ltr'><strong>quibus</strong></span> <span class='ocrx_word' id='word_1_43' title='bbox 841 961 999 1031; x_wconf 75' lang='lat' dir='ltr'><strong>nimirum</strong></span> <span class='ocrx_word' id='word_1_44' title='bbox 1013 985 1071 1033; x_wconf 93' lang='lat' dir='ltr'><strong>vos</strong></span> <span class='ocrx_word' id='word_1_45' title='bbox 1087 961 1221 1032; x_wconf 78' lang='lat' dir='ltr'><strong>abunde</strong></span> <span class='ocrx_word' id='word_1_46' title='bbox 1236 983 1325 1056; x_wconf 89' lang='lat' dir='ltr'><strong>prae-</strong></span> 
     </span>
     <span class='ocr_line' id='line_1_7' title="bbox 211 1067 1325 1170; baseline -0.004 -25"><span class='ocrx_word' id='word_1_47' title='bbox 211 1111 223 1170; x_wconf 80' lang='lat'><strong>&#39;.</strong></span> <span class='ocrx_word' id='word_1_48' title='bbox 279 1071 399 1146; x_wconf 89' lang='lat' dir='ltr'>cedens</span> <span class='ocrx_word' id='word_1_49' title='bbox 408 1081 565 1142; x_wconf 86' lang='lat' dir='ltr'><strong>tractatus</strong></span> <span class='ocrx_word' id='word_1_50' title='bbox 580 1071 747 1140; x_wconf 85' lang='lat' dir='ltr'><strong>enutrivit.</strong></span> <span class='ocrx_word' id='word_1_51' title='bbox 765 1070 883 1164; x_wconf 77' lang='lat' dir='ltr'><strong>Itaque</strong></span> <span class='ocrx_word' id='word_1_52' title='bbox 897 1069 981 1139; x_wconf 92' lang='lat' dir='ltr'><strong>nihil</strong></span> <span class='ocrx_word' id='word_1_53' title='bbox 992 1069 1084 1140; x_wconf 85' lang='lat' dir='ltr'><strong>aliud</strong></span> <span class='ocrx_word' id='word_1_54' title='bbox 1099 1067 1235 1142; x_wconf 73' lang='lat' dir='ltr'><strong>fortasse</strong></span> <span class='ocrx_word' id='word_1_55' title='bbox 1252 1094 1325 1162; x_wconf 88' lang='lat' dir='ltr'><strong>age-</strong></span> 
     </span>
     <span class='ocr_line' id='line_1_8' title="bbox 278 1175 1325 1273; baseline -0.002 -22"><span class='ocrx_word' id='word_1_56' title='bbox 278 1196 353 1268; x_wconf 93' lang='lat' dir='ltr'><strong>tur,</strong></span> <span class='ocrx_word' id='word_1_57' title='bbox 370 1178 471 1273; x_wconf 81' lang='lat' dir='ltr'><strong>qubm</strong></span> <span class='ocrx_word' id='word_1_58' title='bbox 495 1191 534 1247; x_wconf 92' lang='lat' dir='ltr'><strong>ut</strong></span> <span class='ocrx_word' id='word_1_59' title='bbox 548 1177 677 1246; x_wconf 81' lang='lat' dir='ltr'><strong>satietas</strong></span> <span class='ocrx_word' id='word_1_60' title='bbox 693 1177 832 1247; x_wconf 86' lang='lat' dir='ltr'><strong>satietati</strong></span> <span class='ocrx_word' id='word_1_61' title='bbox 848 1175 1038 1270; x_wconf 83' lang='lat' dir='ltr'><strong>adjiciatur,</strong></span> <span class='ocrx_word' id='word_1_62' title='bbox 1061 1201 1099 1248; x_wconf 91' lang='lat' dir='ltr'><strong>ac</strong></span> <span class='ocrx_word' id='word_1_63' title='bbox 1121 1177 1225 1249; x_wconf 86' lang='lat' dir='ltr'><strong>veluti</strong></span> <span class='ocrx_word' id='word_1_64' title='bbox 1248 1193 1325 1273; x_wconf 91' lang='lat' dir='ltr'><strong>post</strong></span> 
     </span>
     <span class='ocr_line' id='line_1_9' title="bbox 278 1282 1326 1378; baseline -0.002 -19"><span class='ocrx_word' id='word_1_65' title='bbox 278 1309 393 1359; x_wconf 85' lang='lat' dir='ltr'><strong>aureos</strong></span> <span class='ocrx_word' id='word_1_66' title='bbox 410 1305 575 1355; x_wconf 85' lang='lat' dir='ltr'><strong>sermones</strong></span> <span class='ocrx_word' id='word_1_67' title='bbox 596 1283 788 1355; x_wconf 87' lang='lat' dir='ltr'><strong>memoriam</strong></span> <span class='ocrx_word' id='word_1_68' title='bbox 808 1297 950 1355; x_wconf 87' lang='lat' dir='ltr'><strong>vestram</strong></span> <span class='ocrx_word' id='word_1_69' title='bbox 964 1282 1130 1378; x_wconf 87' lang='lat' dir='ltr'><strong>plumbeis</strong></span> <span class='ocrx_word' id='word_1_70' title='bbox 1146 1286 1326 1357; x_wconf 80' lang='lat' dir='ltr'><strong>numisma·</strong></span> 
     </span>
     <span class='ocr_line' id='line_1_10' title="bbox 269 1391 851 1468; baseline -0.019 -2"><span class='ocrx_word' id='word_1_71' title='bbox 269 1395 368 1468; x_wconf 77' lang='lat' dir='ltr'><strong>=tibus</strong></span> <span class='ocrx_word' id='word_1_72' title='bbox 382 1411 562 1463; x_wconf 90' lang='lat' dir='ltr'><strong>oneremus</strong></span> <span class='ocrx_word' id='word_1_73' title='bbox 575 1391 599 1458; x_wconf 83' lang='lat'><strong>¹.</strong></span> <span class='ocrx_word' id='word_1_74' title='bbox 620 1415 636 1455; x_wconf 82' lang='lat' dir='ltr'><strong>o</strong></span> <span class='ocrx_word' id='word_1_75' title='bbox 849 1399 851 1404; x_wconf 85' lang='lat'>&#39;</span> 
     </span>
    </p>
   </div>
   <div class='ocr_carea' id='block_1_3' title="bbox 321 1466 1495 1598">
    <p class='ocr_par' dir='ltr' id='par_1_3' title="bbox 321 1466 1495 1598">
     <span class='ocr_line' id='line_1_11' title="bbox 321 1466 1495 1598; baseline -0.003 -28"><span class='ocrx_word' id='word_1_76' title='bbox 321 1503 417 1572; x_wconf 85' lang='lat' dir='ltr'><strong>VIII.</strong></span> <span class='ocrx_word' id='word_1_77' title='bbox 435 1500 479 1569; x_wconf 89' lang='lat' dir='ltr'><strong>Ut</strong></span> <span class='ocrx_word' id='word_1_78' title='bbox 494 1511 606 1567; x_wconf 88' lang='lat' dir='ltr'><strong>autem</strong></span> <span class='ocrx_word' id='word_1_79' title='bbox 620 1495 656 1598; x_wconf 74' lang='lat' dir='ltr'><strong>iu</strong></span> <span class='ocrx_word' id='word_1_80' title='bbox 671 1496 787 1566; x_wconf 73' lang='lat' dir='ltr'><strong>ebdem</strong></span> <span class='ocrx_word' id='word_1_81' title='bbox 806 1495 940 1566; x_wconf 71' lang='lat' dir='ltr'><strong>ecclesia</strong></span> <span class='ocrx_word' id='word_1_82' title='bbox 960 1497 1070 1591; x_wconf 89' lang='lat' dir='ltr'><strong>plures</strong></span> <span class='ocrx_word' id='word_1_83' title='bbox 1085 1497 1202 1592; x_wconf 76' lang='lat' dir='ltr'><strong>saepiirs</strong></span> <span class='ocrx_word' id='word_1_84' title='bbox 1226 1501 1246 1568; x_wconf 78' lang='lat' dir='ltr'><strong>b</strong></span> <span class='ocrx_word' id='word_1_85' title='bbox 1269 1499 1324 1569; x_wconf 93' lang='lat' dir='ltr'><strong>di·</strong></span> <span class='ocrx_word' id='word_1_86' title='bbox 1422 1497 1424 1504; x_wconf 84' lang='lat'>&#39;</span> <span class='ocrx_word' id='word_1_87' title='bbox 1491 1466 1495 1475; x_wconf 32' lang='grc' dir='ltr'>Ι</span> 
     </span>
    </p>
   </div>
   <div class='ocr_carea' id='block_1_4' title="bbox 277 1600 1324 1694">
    <p class='ocr_par' dir='ltr' id='par_1_4' title="bbox 277 1600 1324 1694">
     <span class='ocr_line' id='line_1_12' title="bbox 277 1600 1324 1694; baseline -0.001 -17"><span class='ocrx_word' id='word_1_88' title='bbox 277 1607 376 1678; x_wconf 90' lang='lat' dir='ltr'><strong>versis</strong></span> <span class='ocrx_word' id='word_1_89' title='bbox 390 1605 467 1674; x_wconf 76' lang='lat' dir='ltr'><strong>und</strong></span> <span class='ocrx_word' id='word_1_90' title='bbox 488 1600 562 1690; x_wconf 90' lang='lat' dir='ltr'><strong>die,</strong></span> <span class='ocrx_word' id='word_1_91' title='bbox 583 1603 628 1672; x_wconf 75' lang='lat' dir='ltr'><strong>ita</strong></span> <span class='ocrx_word' id='word_1_92' title='bbox 652 1616 685 1671; x_wconf 90' lang='lat' dir='ltr'><strong>ct</strong></span> <span class='ocrx_word' id='word_1_93' title='bbox 700 1604 767 1673; x_wconf 70' lang='lat' dir='ltr'><strong>und</strong></span> <span class='ocrx_word' id='word_1_94' title='bbox 788 1601 842 1672; x_wconf 90' lang='lat' dir='ltr'><strong>die</strong></span> <span class='ocrx_word' id='word_1_95' title='bbox 864 1603 975 1694; x_wconf 92' lang='lat' dir='ltr'><strong>plures</strong></span> <span class='ocrx_word' id='word_1_96' title='bbox 995 1604 1038 1674; x_wconf 88' lang='lat' dir='ltr'><strong>ab</strong></span> <span class='ocrx_word' id='word_1_97' title='bbox 1061 1605 1178 1675; x_wconf 89' lang='lat' dir='ltr'><strong>eodem</strong></span> <span class='ocrx_word' id='word_1_98' title='bbox 1198 1604 1324 1676; x_wconf 88' lang='lat' dir='ltr'><strong>habitae</strong></span> 
     </span>
    </p>
   </div>
   <div class='ocr_carea' id='block_1_5' title="bbox 172 1708 1324 1800">
    <p class='ocr_par' dir='ltr' id='par_1_5' title="bbox 172 1708 1324 1800">
     <span class='ocr_line' id='line_1_13' title="bbox 172 1708 1324 1800; baseline -0.003 -16"><span class='ocrx_word' id='word_1_99' title='bbox 172 1729 178 1739; x_wconf 76' lang='grc'><em>“</em></span> <span class='ocrx_word' id='word_1_100' title='bbox 264 1712 414 1784; x_wconf 42' lang='lat' dir='ltr'><strong>&#39;suerunt</strong></span> <span class='ocrx_word' id='word_1_101' title='bbox 435 1709 621 1781; x_wconf 84' lang='lat' dir='ltr'><strong>conciones.</strong></span> <span class='ocrx_word' id='word_1_102' title='bbox 651 1709 783 1778; x_wconf 87' lang='lat' dir='ltr'><strong>Etenim</strong></span> <span class='ocrx_word' id='word_1_103' title='bbox 807 1708 943 1800; x_wconf 87' lang='lat' dir='ltr'><strong>beatum</strong></span> <span class='ocrx_word' id='word_1_104' title='bbox 966 1708 1190 1780; x_wconf 83' lang='lat' dir='ltr'><strong>Gaudentium</strong></span> <span class='ocrx_word' id='word_1_105' title='bbox 1214 1712 1264 1781; x_wconf 92' lang='lat' dir='ltr'><strong>bis</strong></span> <span class='ocrx_word' id='word_1_106' title='bbox 1288 1713 1324 1782; x_wconf 92' lang='lat' dir='ltr'><strong>in</strong></span> 
     </span>
    </p>
   </div>
   <div class='ocr_carea' id='block_1_6' title="bbox 249 1813 1328 3836">
    <p class='ocr_par' dir='ltr' id='par_1_6' title="bbox 249 1813 1328 3836">
     <span class='ocr_line' id='line_1_14' title="bbox 276 1813 1323 1910; baseline 0 -20"><span class='ocrx_word' id='word_1_107' title='bbox 276 1819 393 1892; x_wconf 67' lang='lat' dir='ltr'><strong>eidem</strong></span> <span class='ocrx_word' id='word_1_108' title='bbox 404 1816 571 1888; x_wconf 90' lang='lat' dir='ltr'><strong>Paschatis</strong></span> <span class='ocrx_word' id='word_1_109' title='bbox 587 1815 698 1908; x_wconf 68' lang='lat' dir='ltr'><strong>vigilia</strong></span> <span class='ocrx_word' id='word_1_110' title='bbox 706 1813 807 1886; x_wconf 88' lang='lat' dir='ltr'><strong>verba</strong></span> <span class='ocrx_word' id='word_1_111' title='bbox 822 1813 936 1885; x_wconf 88' lang='lat' dir='ltr'><strong>secisse</strong></span> <span class='ocrx_word' id='word_1_112' title='bbox 949 1816 991 1886; x_wconf 91' lang='lat' dir='ltr'><strong>ad</strong></span> <span class='ocrx_word' id='word_1_113' title='bbox 999 1817 1159 1910; x_wconf 92' lang='lat' dir='ltr'><strong>populum</strong></span> <span class='ocrx_word' id='word_1_114' title='bbox 1176 1819 1323 1890; x_wconf 88' lang='lat' dir='ltr'><strong>ostendit</strong></span> 
     </span>
     <span class='ocr_line' id='line_1_15' title="bbox 277 1921 1324 2018; baseline -0.001 -22"><span class='ocrx_word' id='word_1_115' title='bbox 277 1927 371 1998; x_wconf 91' lang='lat' dir='ltr'><strong>locus</strong></span> <span class='ocrx_word' id='word_1_116' title='bbox 385 1925 439 1994; x_wconf 90' lang='lat' dir='ltr'><strong>hic</strong></span> <span class='ocrx_word' id='word_1_117' title='bbox 458 1947 499 1992; x_wconf 84' lang='lat' dir='ltr'><strong>ex</strong></span> <span class='ocrx_word' id='word_1_118' title='bbox 511 1923 580 2016; x_wconf 86' lang='lat' dir='ltr'><strong>ejus</strong></span> <span class='ocrx_word' id='word_1_119' title='bbox 591 1921 718 2014; x_wconf 89' lang='lat' dir='ltr'><strong>scriptis</strong></span> <span class='ocrx_word' id='word_1_120' title='bbox 741 1935 912 2014; x_wconf 84' lang='lat' dir='ltr'><strong>excerptus</strong></span> <span class='ocrx_word' id='word_1_121' title='bbox 929 1951 937 1992; x_wconf 74' lang='grc' dir='ltr'><strong>ε</strong></span> <span class='ocrx_word' id='word_1_122' title='bbox 958 1950 975 1989; x_wconf 78' lang='lat' dir='ltr'><strong>n</strong></span> <span class='ocrx_word' id='word_1_123' title='bbox 990 1921 1164 1994; x_wconf 86' lang='lat' dir='ltr'><strong>Garnalem</strong></span> <span class='ocrx_word' id='word_1_124' title='bbox 1176 1923 1324 2018; x_wconf 85' lang='lat' dir='ltr'><strong>judaicae</strong></span> 
     </span>
     <span class='ocr_line' id='line_1_16' title="bbox 277 2026 1323 2120; baseline 0.001 -19"><span class='ocrx_word' id='word_1_125' title='bbox 277 2030 410 2102; x_wconf 87' lang='lat' dir='ltr'><strong>Paschae</strong></span> <span class='ocrx_word' id='word_1_126' title='bbox 425 2027 680 2112; x_wconf 87' lang='lat' dir='ltr'><strong>observantiam,</strong></span> <span class='ocrx_word' id='word_1_127' title='bbox 704 2026 927 2119; x_wconf 90' lang='lat' dir='ltr'><strong>spiritualibus</strong></span> <span class='ocrx_word' id='word_1_128' title='bbox 942 2031 1029 2120; x_wconf 90' lang='lat' dir='ltr'><strong>typis</strong></span> <span class='ocrx_word' id='word_1_129' title='bbox 1044 2027 1215 2116; x_wconf 85' lang='lat' dir='ltr'><strong>refertam,</strong></span> <span class='ocrx_word' id='word_1_130' title='bbox 1233 2031 1323 2102; x_wconf 89' lang='lat' dir='ltr'><strong>trino</strong></span> 
     </span>
     <span class='ocr_line' id='line_1_17' title="bbox 274 2131 1323 2231; baseline 0.001 -27"><span class='ocrx_word' id='word_1_131' title='bbox 274 2140 343 2231; x_wconf 84' lang='lat' dir='ltr'><strong>j&#39;arn</strong></span> <span class='ocrx_word' id='word_1_132' title='bbox 358 2148 500 2204; x_wconf 85' lang='lat' dir='ltr'><strong>tractatu</strong></span> <span class='ocrx_word' id='word_1_133' title='bbox 512 2131 696 2218; x_wconf 90' lang='lat' dir='ltr'><strong>docuimus,</strong></span> <span class='ocrx_word' id='word_1_134' title='bbox 714 2131 813 2201; x_wconf 88' lang='lat' dir='ltr'><strong>semel</strong></span> <span class='ocrx_word' id='word_1_135' title='bbox 830 2133 983 2202; x_wconf 89' lang='lat' dir='ltr'><strong>hesterno</strong></span> <span class='ocrx_word' id='word_1_136' title='bbox 998 2134 1064 2221; x_wconf 93' lang='lat' dir='ltr'><strong>die,</strong></span> <span class='ocrx_word' id='word_1_137' title='bbox 1078 2148 1112 2203; x_wconf 91' lang='lat' dir='ltr'><strong>et</strong></span> <span class='ocrx_word' id='word_1_138' title='bbox 1126 2134 1176 2204; x_wconf 93' lang='lat' dir='ltr'><strong>his</strong></span> <span class='ocrx_word' id='word_1_139' title='bbox 1192 2136 1227 2204; x_wconf 91' lang='lat' dir='ltr'><strong>iu</strong></span> <span class='ocrx_word' id='word_1_140' title='bbox 1241 2137 1323 2226; x_wconf 86' lang='lat' dir='ltr'><strong>vigi-</strong></span> 
     </span>
     <span class='ocr_line' id='line_1_18' title="bbox 276 2239 1323 2314; baseline -0.001 -1"><span class='ocrx_word' id='word_1_141' title='bbox 276 2244 328 2314; x_wconf 92' lang='lat' dir='ltr'><strong>liis</strong></span> <span class='ocrx_word' id='word_1_142' title='bbox 347 2239 1111 2312; x_wconf 72' lang='lat' dir='ltr'><strong>allocutiGharitatemvestram².v-Hocidem</strong></span> <span class='ocrx_word' id='word_1_143' title='bbox 1125 2255 1160 2312; x_wconf 91' lang='lat' dir='ltr'><strong>et</strong></span> <span class='ocrx_word' id='word_1_144' title='bbox 1172 2242 1323 2313; x_wconf 91' lang='lat' dir='ltr'><strong>aliotem·</strong></span> 
     </span>
     <span class='ocr_line' id='line_1_19' title="bbox 277 2347 1319 2445; baseline 0.001 -24"><span class='ocrx_word' id='word_1_145' title='bbox 277 2375 358 2445; x_wconf 92' lang='lat' dir='ltr'><strong>pore</strong></span> <span class='ocrx_word' id='word_1_146' title='bbox 378 2347 504 2418; x_wconf 88' lang='lat' dir='ltr'><strong>factum</strong></span> <span class='ocrx_word' id='word_1_147' title='bbox 520 2349 642 2440; x_wconf 87' lang='lat' dir='ltr'><strong>pariter</strong></span> <span class='ocrx_word' id='word_1_148' title='bbox 657 2348 806 2416; x_wconf 87' lang='lat' dir='ltr'><strong>meminit</strong></span> <span class='ocrx_word' id='word_1_149' title='bbox 825 2369 887 2417; x_wconf 90' lang='lat' dir='ltr'><strong>nec</strong></span> <span class='ocrx_word' id='word_1_150' title='bbox 902 2347 1010 2416; x_wconf 81' lang='lat' dir='ltr'><strong>mimis</strong></span> <span class='ocrx_word' id='word_1_151' title='bbox 1026 2348 1124 2435; x_wconf 79' lang='lat' dir='ltr'><strong>clare,</strong></span> <span class='ocrx_word' id='word_1_152' title='bbox 1149 2349 1226 2418; x_wconf 79' lang='lat' dir='ltr'><strong>clim</strong></span> <span class='ocrx_word' id='word_1_153' title='bbox 1243 2351 1289 2420; x_wconf 91' lang='lat' dir='ltr'><strong>ait</strong></span> <span class='ocrx_word' id='word_1_154' title='bbox 1311 2381 1319 2422; x_wconf 75' lang='grc' dir='ltr'><strong><em>ε</em></strong></span> 
     </span>
     <span class='ocr_line' id='line_1_20' title="bbox 267 2453 1323 2538; baseline 0.001 -13"><span class='ocrx_word' id='word_1_155' title='bbox 267 2487 297 2525; x_wconf 83' lang='lat'><strong>.«</strong></span> <span class='ocrx_word' id='word_1_156' title='bbox 322 2455 480 2526; x_wconf 91' lang='lat' dir='ltr'><strong>Ordinem</strong></span> <span class='ocrx_word' id='word_1_157' title='bbox 490 2453 638 2525; x_wconf 91' lang='lat' dir='ltr'><strong>lectionis</strong></span> <span class='ocrx_word' id='word_1_158' title='bbox 647 2453 770 2538; x_wconf 84' lang='lat' dir='ltr'><strong>Exodi,</strong></span> <span class='ocrx_word' id='word_1_159' title='bbox 785 2453 844 2522; x_wconf 92' lang='lat' dir='ltr'><strong>ubi</strong></span> <span class='ocrx_word' id='word_1_160' title='bbox 854 2453 906 2522; x_wconf 85' lang='lat' dir='ltr'><strong>lex</strong></span> <span class='ocrx_word' id='word_1_161' title='bbox 916 2453 1105 2524; x_wconf 90' lang='lat' dir='ltr'><strong>celebrandi</strong></span> <span class='ocrx_word' id='word_1_162' title='bbox 1117 2457 1240 2526; x_wconf 88' lang='lat' dir='ltr'><strong>Pascha</strong></span> <span class='ocrx_word' id='word_1_163' title='bbox 1251 2455 1323 2526; x_wconf 89' lang='lat' dir='ltr'><strong>des·</strong></span> 
     </span>
     <span class='ocr_line' id='line_1_21' title="bbox 262 2559 1321 2652; baseline -0.002 -17"><span class='ocrx_word' id='word_1_164' title='bbox 262 2565 435 2648; x_wconf 76' lang='lat' dir='ltr'><strong>cribitur,</strong></span> <span class='ocrx_word' id='word_1_165' title='bbox 457 2559 533 2629; x_wconf 85' lang='lat' dir='ltr'><strong>ideb</strong></span> <span class='ocrx_word' id='word_1_166' title='bbox 557 2561 876 2652; x_wconf 83' lang='lat' dir='ltr'><strong>praeposteravimus,</strong></span> <span class='ocrx_word' id='word_1_167' title='bbox 895 2573 934 2629; x_wconf 90' lang='lat' dir='ltr'><strong>ut</strong></span> <span class='ocrx_word' id='word_1_168' title='bbox 957 2563 1117 2651; x_wconf 89' lang='lat' dir='ltr'><strong>mysteriis</strong></span> <span class='ocrx_word' id='word_1_169' title='bbox 1139 2562 1321 2634; x_wconf 88' lang='lat' dir='ltr'><strong>reserandis</strong></span> 
     </span>
     <span class='ocr_line' id='line_1_22' title="bbox 263 2662 1322 2762; baseline 0.004 -26"><span class='ocrx_word' id='word_1_170' title='bbox 263 2671 400 2741; x_wconf 78' lang='lat' dir='ltr'><strong>,debitae</strong></span> <span class='ocrx_word' id='word_1_171' title='bbox 414 2667 605 2738; x_wconf 85' lang='lat' dir='ltr'><strong>reverentiae</strong></span> <span class='ocrx_word' id='word_1_172' title='bbox 622 2662 770 2736; x_wconf 90' lang='lat' dir='ltr'><strong>ordinem</strong></span> <span class='ocrx_word' id='word_1_173' title='bbox 781 2678 984 2755; x_wconf 89' lang='lat' dir='ltr'><strong>teneremus,</strong></span> <span class='ocrx_word' id='word_1_174' title='bbox 1002 2668 1080 2761; x_wconf 89' lang='lat' dir='ltr'><strong>quia</strong></span> <span class='ocrx_word' id='word_1_175' title='bbox 1095 2670 1269 2762; x_wconf 85' lang='lat' dir='ltr'><strong>oportebat</strong></span> <span class='ocrx_word' id='word_1_176' title='bbox 1284 2671 1322 2742; x_wconf 91' lang='lat' dir='ltr'><strong>in</strong></span> 
     </span>
     <span class='ocr_line' id='line_1_23' title="bbox 262 2770 1322 2870; baseline -0.005 -18"><span class='ocrx_word' id='word_1_177' title='bbox 262 2778 334 2854; x_wconf 78' lang='lat' dir='ltr'><strong>‚illl</strong></span> <span class='ocrx_word' id='word_1_178' title='bbox 363 2770 624 2870; x_wconf 65' lang='lat' dir='ltr'><strong>splendidissime</strong></span> <span class='ocrx_word' id='word_1_179' title='bbox 654 2784 751 2843; x_wconf 88' lang='lat' dir='ltr'><strong>nocte</strong></span> <span class='ocrx_word' id='word_1_180' title='bbox 772 2771 979 2866; x_wconf 85' lang='lat' dir='ltr'><strong>vigiharum,</strong></span> <span class='ocrx_word' id='word_1_181' title='bbox 1006 2775 1151 2846; x_wconf 90' lang='lat' dir='ltr'><strong>secundo</strong></span> <span class='ocrx_word' id='word_1_182' title='bbox 1176 2791 1322 2847; x_wconf 87' lang='lat' dir='ltr'><strong>tractatu</strong></span> 
     </span>
     <span class='ocr_line' id='line_1_24' title="bbox 277 2878 1322 2979; baseline -0.004 -19"><span class='ocrx_word' id='word_1_183' title='bbox 277 2911 347 2960; x_wconf 87' lang='lat' dir='ltr'><strong>non</strong></span> <span class='ocrx_word' id='word_1_184' title='bbox 369 2884 534 2956; x_wconf 90' lang='lat' dir='ltr'><strong>dictorum</strong></span> <span class='ocrx_word' id='word_1_185' title='bbox 556 2878 816 2975; x_wconf 57' lang='lat' dir='ltr'><strong>sequentinsed</strong></span> <span class='ocrx_word' id='word_1_186' title='bbox 842 2905 988 2972; x_wconf 83' lang='lat' dir='ltr'><strong>congrua</strong></span> <span class='ocrx_word' id='word_1_187' title='bbox 1009 2885 1185 2977; x_wconf 91' lang='lat' dir='ltr'><strong>neophytis</strong></span> <span class='ocrx_word' id='word_1_188' title='bbox 1209 2887 1322 2979; x_wconf 86' lang='lat' dir='ltr'><strong>expla-</strong></span> 
     </span>
     <span class='ocr_line' id='line_1_25' title="bbox 277 2984 1322 3082; baseline -0.003 -18"><span class='ocrx_word' id='word_1_189' title='bbox 277 2995 382 3068; x_wconf 79' lang='lat' dir='ltr'><strong>nari³.</strong></span> <span class='ocrx_word' id='word_1_190' title='bbox 393 3021 408 3078; x_wconf 79' lang='lat' dir='ltr'><strong>o</strong></span> <span class='ocrx_word' id='word_1_191' title='bbox 420 2994 520 3060; x_wconf 89' lang='lat' dir='ltr'><strong>-De</strong></span> <span class='ocrx_word' id='word_1_192' title='bbox 529 3009 598 3082; x_wconf 91' lang='lat' dir='ltr'><strong>quo</strong></span> <span class='ocrx_word' id='word_1_193' title='bbox 608 2987 635 3056; x_wconf 90' lang='lat' dir='ltr'><strong>si</strong></span> <span class='ocrx_word' id='word_1_194' title='bbox 644 2987 717 3080; x_wconf 90' lang='lat' dir='ltr'><strong>quis</strong></span> <span class='ocrx_word' id='word_1_195' title='bbox 729 2984 838 3056; x_wconf 74' lang='lat' dir='ltr'><strong>adhuc</strong></span> <span class='ocrx_word' id='word_1_196' title='bbox 851 2987 995 3074; x_wconf 89' lang='lat' dir='ltr'><strong>dubitet,</strong></span> <span class='ocrx_word' id='word_1_197' title='bbox 1003 2989 1076 3059; x_wconf 84' lang='lat' dir='ltr'><strong>haec</strong></span> <span class='ocrx_word' id='word_1_198' title='bbox 1088 2991 1265 3082; x_wconf 73' lang='lat' dir='ltr'><strong>Augustini</strong></span> <span class='ocrx_word' id='word_1_199' title='bbox 1274 2991 1322 3062; x_wconf 80' lang='lat' dir='ltr'><strong>it&#39;a</strong></span> 
     </span>
     <span class='ocr_line' id='line_1_26' title="bbox 277 3093 1322 3171; baseline -0.002 0"><span class='ocrx_word' id='word_1_200' title='bbox 277 3123 380 3171; x_wconf 89' lang='lat' dir='ltr'><strong>unam</strong></span> <span class='ocrx_word' id='word_1_201' title='bbox 397 3123 435 3167; x_wconf 79' lang='lat' dir='ltr'><strong>ex</strong></span> <span class='ocrx_word' id='word_1_202' title='bbox 454 3097 518 3165; x_wconf 92' lang='lat' dir='ltr'><strong>suis</strong></span> <span class='ocrx_word' id='word_1_203' title='bbox 535 3093 747 3164; x_wconf 91' lang='lat' dir='ltr'><strong>concionibus</strong></span> <span class='ocrx_word' id='word_1_204' title='bbox 762 3093 946 3164; x_wconf 90' lang='lat' dir='ltr'><strong>inchoantis</strong></span> <span class='ocrx_word' id='word_1_205' title='bbox 962 3097 1063 3166; x_wconf 89' lang='lat' dir='ltr'><strong>verba</strong></span> <span class='ocrx_word' id='word_1_206' title='bbox 1077 3097 1113 3165; x_wconf 93' lang='lat' dir='ltr'><strong>in</strong></span> <span class='ocrx_word' id='word_1_207' title='bbox 1128 3100 1322 3169; x_wconf 90' lang='lat' dir='ltr'><strong>memoriam</strong></span> 
     </span>
     <span class='ocr_line' id='line_1_27' title="bbox 278 3199 1321 3295; baseline -0.003 -16"><span class='ocrx_word' id='word_1_208' title='bbox 278 3220 410 3280; x_wconf 88' lang='lat' dir='ltr'><strong>revocet</strong></span> <span class='ocrx_word' id='word_1_209' title='bbox 430 3233 438 3274; x_wconf 77' lang='grc' dir='ltr'><strong>ι</strong></span> <span class='ocrx_word' id='word_1_210' title='bbox 459 3233 476 3270; x_wconf 79' lang='lat' dir='ltr'><strong>a</strong></span> <span class='ocrx_word' id='word_1_211' title='bbox 491 3201 545 3274; x_wconf 81' lang='lat' dir='ltr'><strong>hd</strong></span> <span class='ocrx_word' id='word_1_212' title='bbox 559 3201 685 3295; x_wconf 90' lang='lat' dir='ltr'><strong>reliqua</strong></span> <span class='ocrx_word' id='word_1_213' title='bbox 703 3199 824 3270; x_wconf 90' lang='lat' dir='ltr'><strong>Psalmi</strong></span> <span class='ocrx_word' id='word_1_214' title='bbox 844 3202 886 3271; x_wconf 93' lang='lat' dir='ltr'><strong>de</strong></span> <span class='ocrx_word' id='word_1_215' title='bbox 901 3226 969 3295; x_wconf 92' lang='lat' dir='ltr'><strong>quo</strong></span> <span class='ocrx_word' id='word_1_216' title='bbox 988 3205 1023 3272; x_wconf 91' lang='lat' dir='ltr'><strong>in</strong></span> <span class='ocrx_word' id='word_1_217' title='bbox 1038 3205 1200 3276; x_wconf 89' lang='lat' dir='ltr'><strong>matutino</strong></span> <span class='ocrx_word' id='word_1_218' title='bbox 1215 3204 1321 3277; x_wconf 87' lang='lat' dir='ltr'><strong>locuti</strong></span> 
     </span>
     <span class='ocr_line' id='line_1_28' title="bbox 249 3297 1328 3400; baseline -0.003 -13"><span class='ocrx_word' id='word_1_219' title='bbox 249 3381 251 3386; x_wconf 85' lang='lat'><em>.</em></span> <span class='ocrx_word' id='word_1_220' title='bbox 277 3339 407 3400; x_wconf 88' lang='lat' dir='ltr'><strong>sumus,</strong></span> <span class='ocrx_word' id='word_1_221' title='bbox 422 3314 569 3383; x_wconf 87' lang='lat' dir='ltr'><strong>animum</strong></span> <span class='ocrx_word' id='word_1_222' title='bbox 580 3307 744 3378; x_wconf 87' lang='lat' dir='ltr'><strong>intendite</strong></span> <span class='ocrx_word' id='word_1_223' title='bbox 754 3310 1094 3383; x_wconf 78' lang='lat' dir='ltr'><strong>⁴.»-Praecedentem</strong></span> <span class='ocrx_word' id='word_1_224' title='bbox 1108 3316 1187 3384; x_wconf 82' lang='lat' dir='ltr'><strong>verb</strong></span> <span class='ocrx_word' id='word_1_225' title='bbox 1204 3297 1328 3384; x_wconf 64' lang='lat' dir='ltr'><strong>termi-⁴</strong></span> 
     </span>
     <span class='ocr_line' id='line_1_29' title="bbox 266 3413 1322 3512; baseline -0.005 -17"><span class='ocrx_word' id='word_1_226' title='bbox 266 3427 374 3495; x_wconf 43' lang='lat' dir='ltr'><strong>intrat</strong></span> <span class='ocrx_word' id='word_1_227' title='bbox 388 3421 424 3491; x_wconf 92' lang='lat' dir='ltr'><strong>in</strong></span> <span class='ocrx_word' id='word_1_228' title='bbox 444 3421 534 3488; x_wconf 87' lang='lat' dir='ltr'><strong>hunc</strong></span> <span class='ocrx_word' id='word_1_229' title='bbox 549 3413 687 3486; x_wconf 91' lang='lat' dir='ltr'><strong>modum</strong></span> <span class='ocrx_word' id='word_1_230' title='bbox 706 3444 713 3484; x_wconf 93' lang='lat'><strong>:</strong></span> <span class='ocrx_word' id='word_1_231' title='bbox 740 3417 871 3498; x_wconf 86' lang='lat' dir='ltr'><strong>«Quod</strong></span> <span class='ocrx_word' id='word_1_232' title='bbox 892 3432 1007 3504; x_wconf 87' lang='lat' dir='ltr'><strong>restat,</strong></span> <span class='ocrx_word' id='word_1_233' title='bbox 1025 3419 1051 3486; x_wconf 92' lang='lat' dir='ltr'><strong>si</strong></span> <span class='ocrx_word' id='word_1_234' title='bbox 1066 3419 1189 3512; x_wconf 88' lang='lat' dir='ltr'><strong>placet,</strong></span> <span class='ocrx_word' id='word_1_235' title='bbox 1210 3444 1322 3492; x_wconf 88' lang='lat' dir='ltr'><strong>serve-</strong></span> 
     </span>
     <span class='ocr_line' id='line_1_30' title="bbox 278 3521 1323 3622; baseline -0.003 -20"><span class='ocrx_word' id='word_1_236' title='bbox 278 3554 364 3616; x_wconf 93' lang='lat' dir='ltr'><strong>mus,</strong></span> <span class='ocrx_word' id='word_1_237' title='bbox 381 3528 459 3622; x_wconf 83' lang='lat' dir='ltr'><strong>quia</strong></span> <span class='ocrx_word' id='word_1_238' title='bbox 474 3525 592 3616; x_wconf 83' lang='lat' dir='ltr'><strong>longus</strong></span> <span class='ocrx_word' id='word_1_239' title='bbox 607 3537 655 3592; x_wconf 89' lang='lat' dir='ltr'><strong>est</strong></span> <span class='ocrx_word' id='word_1_240' title='bbox 671 3521 829 3610; x_wconf 89' lang='lat' dir='ltr'><strong>Psalmus,</strong></span> <span class='ocrx_word' id='word_1_241' title='bbox 844 3538 877 3594; x_wconf 89' lang='lat' dir='ltr'><strong>et</strong></span> <span class='ocrx_word' id='word_1_242' title='bbox 892 3523 1001 3594; x_wconf 76' lang='lat' dir='ltr'><strong>adhuc</strong></span> <span class='ocrx_word' id='word_1_243' title='bbox 1012 3527 1183 3598; x_wconf 90' lang='lat' dir='ltr'><strong>vobiscum</strong></span> <span class='ocrx_word' id='word_1_244' title='bbox 1195 3527 1323 3622; x_wconf 91' lang='lat' dir='ltr'><strong>aliquid</strong></span> 
     </span>
     <span class='ocr_line' id='line_1_31' title="bbox 277 3629 1322 3722; baseline -0.003 -13"><span class='ocrx_word' id='word_1_245' title='bbox 277 3641 316 3709; x_wconf 90' lang='lat' dir='ltr'><strong>in&#39;</strong></span> <span class='ocrx_word' id='word_1_246' title='bbox 331 3635 464 3706; x_wconf 90' lang='lat' dir='ltr'><strong>nomine</strong></span> <span class='ocrx_word' id='word_1_247' title='bbox 479 3630 600 3702; x_wconf 83' lang='lat' dir='ltr'><strong>Christi</strong></span> <span class='ocrx_word' id='word_1_248' title='bbox 621 3629 725 3698; x_wconf 87' lang='lat' dir='ltr'><strong>acturi</strong></span> <span class='ocrx_word' id='word_1_249' title='bbox 741 3652 864 3700; x_wconf 90' lang='lat' dir='ltr'><strong>sumus.</strong></span> <span class='ocrx_word' id='word_1_250' title='bbox 883 3632 1020 3700; x_wconf 88' lang='lat' dir='ltr'><strong>Reficite</strong></span> <span class='ocrx_word' id='word_1_251' title='bbox 1035 3635 1112 3722; x_wconf 76' lang='lat' dir='ltr'><strong>ergo</strong></span> <span class='ocrx_word' id='word_1_252' title='bbox 1127 3634 1227 3722; x_wconf 91' lang='lat' dir='ltr'><strong>vires,</strong></span> <span class='ocrx_word' id='word_1_253' title='bbox 1252 3660 1322 3706; x_wconf 90' lang='lat' dir='ltr'><strong>non</strong></span> 
     </span>
     <span class='ocr_line' id='line_1_32' title="bbox 279 3735 1319 3836; baseline -0.002 -22"><span class='ocrx_word' id='word_1_254' title='bbox 279 3745 354 3818; x_wconf 88' lang='lat' dir='ltr'><strong>dico</strong></span> <span class='ocrx_word' id='word_1_255' title='bbox 379 3739 480 3810; x_wconf 89' lang='lat' dir='ltr'><strong>animi</strong></span> <span class='ocrx_word' id='word_1_256' title='bbox 501 3737 619 3826; x_wconf 65' lang='lat' dir='ltr'><strong>vestri,</strong></span> <span class='ocrx_word' id='word_1_257' title='bbox 646 3738 722 3806; x_wconf 80' lang='lat' dir='ltr'><strong>uam</strong></span> <span class='ocrx_word' id='word_1_258' title='bbox 743 3736 841 3808; x_wconf 91' lang='lat' dir='ltr'><strong>video</strong></span> <span class='ocrx_word' id='word_1_259' title='bbox 863 3735 1195 3830; x_wconf 78' lang='lat' dir='ltr'><strong>qubdinfatigabiles</strong></span> <span class='ocrx_word' id='word_1_260' title='bbox 1218 3743 1319 3836; x_wconf 80' lang='lat' dir='ltr'><strong>estis3</strong></span> 
     </span>
    </p>
   </div>
   <div class='ocr_carea' id='block_1_7' title="bbox 282 3882 1329 4039">
    <p class='ocr_par' dir='ltr' id='par_1_7' title="bbox 282 3882 1329 4039">
     <span class='ocr_line' id='line_1_33' title="bbox 315 3882 1322 3952; baseline -0.001 -12"><span class='ocrx_word' id='word_1_261' title='bbox 315 3900 325 3926; x_wconf 86' lang='lat'><em>¹</em></span> <span class='ocrx_word' id='word_1_262' title='bbox 337 3891 363 3940; x_wconf 86' lang='lat' dir='ltr'><strong>S.</strong></span> <span class='ocrx_word' id='word_1_263' title='bbox 376 3890 475 3952; x_wconf 83' lang='lat' dir='ltr'><strong>Gregor.</strong></span> <span class='ocrx_word' id='word_1_264' title='bbox 488 3885 555 3951; x_wconf 80' lang='lat' dir='ltr'><strong>Nysa.</strong></span> <span class='ocrx_word' id='word_1_265' title='bbox 576 3885 646 3935; x_wconf 88' lang='lat' dir='ltr'><strong>Orat.</strong></span> <span class='ocrx_word' id='word_1_266' title='bbox 670 3882 701 3934; x_wconf 89' lang='lat' dir='ltr'><strong>de</strong></span> <span class='ocrx_word' id='word_1_267' title='bbox 719 3882 882 3935; x_wconf 76' lang='lat' dir='ltr'><strong>subordinat.</strong></span> <span class='ocrx_word' id='word_1_268' title='bbox 898 3891 953 3920; x_wconf 86' lang='lat'><strong>-¹</strong></span> <span class='ocrx_word' id='word_1_269' title='bbox 971 3884 996 3934; x_wconf 89' lang='lat' dir='ltr'><strong>S.</strong></span> <span class='ocrx_word' id='word_1_270' title='bbox 1010 3884 1129 3936; x_wconf 84' lang='lat' dir='ltr'><strong>Gaudent.</strong></span> <span class='ocrx_word' id='word_1_271' title='bbox 1144 3889 1225 3939; x_wconf 87' lang='lat' dir='ltr'><strong>Tract.</strong></span> <span class='ocrx_word' id='word_1_272' title='bbox 1237 3903 1272 3939; x_wconf 82' lang='lat' dir='ltr'><strong>tv.</strong></span> <span class='ocrx_word' id='word_1_273' title='bbox 1288 3913 1322 3927; x_wconf 89' lang='lat'><strong>-·</strong></span> 
     </span>
     <span class='ocr_line' id='line_1_34' title="bbox 282 3965 1329 4039; baseline 0.005 -24"><span class='ocrx_word' id='word_1_274' title='bbox 282 3971 294 4015; x_wconf 77' lang='lat' dir='ltr'><strong>t</strong></span> <span class='ocrx_word' id='word_1_275' title='bbox 307 3973 343 4026; x_wconf 72' lang='lat' dir='ltr'><strong>m,</strong></span> <span class='ocrx_word' id='word_1_276' title='bbox 354 3975 437 4025; x_wconf 63' lang='lat' dir='ltr'><strong>praet.</strong></span> <span class='ocrx_word' id='word_1_277' title='bbox 450 3986 476 4030; x_wconf 68' lang='lat' dir='ltr'><strong>y.</strong></span> <span class='ocrx_word' id='word_1_278' title='bbox 488 3992 519 4008; x_wconf 91' lang='lat'>-</span> <span class='ocrx_word' id='word_1_279' title='bbox 533 3967 546 4016; x_wconf 76' lang='lat' dir='ltr'><strong>l</strong></span> <span class='ocrx_word' id='word_1_280' title='bbox 558 3972 584 4020; x_wconf 90' lang='lat' dir='ltr'><strong>S.</strong></span> <span class='ocrx_word' id='word_1_281' title='bbox 596 3970 694 4034; x_wconf 69' lang='lat' dir='ltr'><strong>August.</strong></span> <span class='ocrx_word' id='word_1_282' title='bbox 707 3970 779 4018; x_wconf 77' lang='lat' dir='ltr'><strong>Enar.</strong></span> <span class='ocrx_word' id='word_1_283' title='bbox 793 3965 819 4018; x_wconf 87' lang='lat' dir='ltr'><strong>in</strong></span> <span class='ocrx_word' id='word_1_284' title='bbox 830 3965 893 4018; x_wconf 80' lang='lat' dir='ltr'><strong>Psal.</strong></span> <span class='ocrx_word' id='word_1_285' title='bbox 909 3982 1027 4036; x_wconf 74' lang='lat' dir='ltr'><strong>narrum,</strong></span> <span class='ocrx_word' id='word_1_286' title='bbox 1039 3969 1116 4022; x_wconf 84' lang='lat' dir='ltr'><strong>Serm</strong></span> <span class='ocrx_word' id='word_1_287' title='bbox 1136 3987 1163 4039; x_wconf 89' lang='lat' dir='ltr'><strong>u,</strong></span> <span class='ocrx_word' id='word_1_288' title='bbox 1175 3988 1200 4022; x_wconf 92' lang='lat' dir='ltr'><strong>n.</strong></span> <span class='ocrx_word' id='word_1_289' title='bbox 1216 3987 1237 4024; x_wconf 89' lang='lat'><strong>1.</strong></span> <span class='ocrx_word' id='word_1_290' title='bbox 1325 4009 1329 4020; x_wconf 94' lang='lat'>.</span> 
     </span>
    </p>
   </div>
   <div class='ocr_carea' id='block_1_8' title="bbox 0 0 1502 4598">
    <p class='ocr_par' dir='ltr' id='par_1_8' title="bbox 0 0 1502 4598">
     <span class='ocr_line' id='line_1_35' title="bbox 0 0 1502 4598; baseline 0 2"><span class='ocrx_word' id='word_1_291' title='bbox 0 0 1502 4598; x_wconf 95' lang='lat' dir='ltr'><strong> </strong></span> 
     </span>
    </p>
   </div>
  </div>
 </body>
</html>
