2930 4582
264 342 329 406 314
410 359 590 410 nausearet
610 361 638 410 s.
663 361 817 423 naraon,
842 363 918 408 rans
941 365 989 424 rr,
1014 366 1098 410 sucu.
1123 366 1147 406 1.

263 460 322 554 qui
344 459 424 530 tales
445 459 547 529 habet
571 461 734 546 famulos,
756 460 879 532 invidia
908 462 999 532 omni
1017 461 1154 548 liberos,
1179 462 1300 556 quide

263 566 402 636 aliorum
422 567 515 656 bonis
536 567 653 636 mutuo
674 567 830 658 gaudent.
849 572 892 637 Et
907 567 989 660 quid
1004 566 1078 638 dico
1096 566 1252 638 fratrem?
1270 571 1302 640 Si

263 673 350 742 enirn
367 672 517 742 inimicus
538 687 620 744 esset
642 689 675 744 et
699 673 817 760 hostis,
833 697 873 743 ac
888 680 974 744 Deus
994 673 1160 767 perillum
1180 674 1303 765 glorifi-¹

259 793 406 880 caretur,
422 780 467 848 ol>
483 779 518 848 id
526 780 667 849 amicum
681 767 775 850 illum
788 781 847 850 tibi
862 779 969 852 facere
981 794 1159 874 oporteret.
1168 785 1302 854 Tuvcrd

264 889 404 960 amicum
432 886 511 958 sacis
533 888 594 956 tibi
609 889 799 974 inimicum,
818 889 896 983 quia
911 894 999 958 Deus
1022 913 1081 982 per
1108 887 1196 958 illius
1217 888 1303 960 clara

264 1009 353 1087 gesta
367 995 577 1085 glorificatur.
597 995 630 1066 Si
645 995 719 1089 quis
734 1018 854 1087 corpus
870 1009 967 1065 tuum
983 1018 1108 1086 aegrum
1120 997 1301 1084 curaverit,

264 1102 325 1172 etsi
339 1103 489 1170 inimicus
509 1101 627 1187 fuerit,
647 1105 733 1172 inter
748 1103 930 1194 praecipuos
944 1103 1066 1172 amicos
1078 1099 1175 1172 illum
1193 1105 1304 1194 postea

264 1208 413 1276 habebis.
438 1207 537 1277 Illum
556 1211 654 1294 vero,
682 1209 740 1303 qui
756 1231 875 1300 corpus
891 1208 1035 1295 Christi,
1049 1209 1084 1278 id
1106 1223 1173 1294 est,
1190 1209 1304 1280 Eccle-

266 1313 367 1401 siam,
394 1329 510 1401 ornat,
529 1316 672 1384 amicum
687 1317 763 1403 tibi,
788 1315 960 1386 inimicum
984 1313 1059 1386 ided
1081 1319 1236 1408 reputas?
1264 1321 1305 1384 Et

267 1420 434 1515 quomodo
448 1423 548 1514 possis
560 1421 678 1492 clarius
688 1426 802 1492 contra
812 1425 978 1494 Christum
989 1421 1114 1492 bellum
1126 1422 1305 1514 suscipere?

268 1526 349 1599 Ideo
371 1527 430 1595 etsi
450 1527 523 1621 quis
536 1517 696 1598 'miracula
712 1541 839 1618 patret,
859 1528 920 1597 etsi
936 1527 1157 1618 virginitatem
1174 1542 1207 1596 et
1219 1529 1305 1620 jeju·

268 1635 362 1710 nium
382 1650 505 1721 servet,
523 1637 616 1704 humi
632 1635 754 1719 cubet,
773 1647 806 1702 et
827 1635 871 1702 sic
889 1634 933 1702 ob
949 1635 1106 1711 virtutem
1120 1630 1165 1704 ad
1178 1633 1306 1724 angelos

268 1743 372 1836 usque
389 1743 583 1834 perveniat,
601 1744 627 1812 si
647 1744 710 1812 hoc
726 1742 807 1812 vitio
823 1741 971 1827 laboret,
987 1743 1136 1812 omnium
1151 1741 1308 1812 scelestis

269 1849 369 1924 simus
392 1851 473 1936 erit,
496 1864 529 1918 ct
556 1851 710 1936 mosche,
730 1845 948 1934 fornicatore,
971 1845 1065 1935 lure,
1082 1831 1308 1940 sepulcrorum

206 1960 216 1970 '
270 1955 423 2026 effossore
434 1959 535 2050 pejor.

316 2090 332 2128 u
350 2067 394 2132 Et
408 2087 450 2132 ne
466 2065 539 2156 quis
558 2085 610 2131 rue
627 2061 784 2148 damnet,
799 2061 891 2156 quod
906 2083 975 2130 rem
990 2061 1077 2130 ultra
1093 2055 1231 2133 modum
1245 2061 1309 2132 tol·

269 2168 358 2256 lam,
376 2168 462 2238 illud
480 2169 588 2238 libens
611 2193 669 2238 vos
687 2169 979 2260 interrogaverim:
1002 2169 1028 2236 si
1050 2169 1122 2260 quis
1143 2170 1255 2260 ignem
1279 2182 1312 2238 et

271 2275 413 2364 ligonem
429 2291 544 2346 tenens
557 2329 567 2365 ,
585 2278 672 2347 hanc
692 2279 797 2346 aedem
812 2275 1018 2362 incenderet,
1036 2299 1193 2370 aramque
1206 2277 1309 2346 suffo-

272 2383 385 2469 deret,
404 2408 514 2456 annon
525 2398 569 2468 ,ut
583 2373 757 2476 sacrilegus
770 2399 803 2452 et
817 2382 970 2452 scelestus
981 2381 1148 2474 lapidibus
1159 2383 1312 2452 obruere·

273 2493 354 2559 tur?
369 2491 457 2572 Quid
481 2493 569 2576 vero,
585 2490 612 2558 si
630 2492 703 2582 quis
719 2491 886 2558 flammam
901 2487 985 2556 serat
999 2490 1063 2558 hoc
1078 2489 1154 2580 igne
1167 2491 1313 2560 voratio*

274 2618 355 2681 rem,
368 2595 531 2665 Invidiam
543 2597 629 2682 dico,
648 2621 724 2690 quae
739 2621 806 2668 non
817 2595 954 2666 aedificia
965 2595 1083 2680 diruit,
1099 2621 1167 2668 non
1180 2620 1311 2666 auream

274 2725 362 2772 aram
375 2701 533 2790 suffodit,
550 2702 608 2773 scd
623 2702 712 2797 quod
729 2717 762 2774 et
774 2703 951 2796 parietibus
966 2717 1000 2772 et
1011 2705 1066 2772 aral
1077 2702 1175 2794 longe
1191 2704 1313 2796 pretio-

195 2839 197 2844 *
275 2811 340 2879 sius
356 2825 421 2896 est,
436 2810 610 2880 doctorum
620 2809 795 2880 aedificium
804 2811 966 2880 subvertit
977 2824 1010 2878 et
1026 2811 1234 2902 pessumdat,
1250 2813 1314 2904 qud

275 2915 332 2986 ille
347 2919 443 2987 venial
457 2918 575 3008 dignus
597 2918 683 2986 crit?
706 2921 754 2987 Ne
777 2918 859 2986 mihi
879 2918 951 3010 quis
967 2918 1100 3004 dixerit,
1119 2918 1213 3011 quod
1229 2919 1314 3011 saepe

275 3039 412 3094 conatus
435 3047 503 3092 nou
522 3025 677 3115 potuerit.
708 3027 791 3093 Nam
811 3026 830 3092 a
852 3023 1023 3092 voluntate
1040 3048 1090 3094 res
1108 3025 1311 3117 judicantur.

277 3128 552 3222 Quandoquidem
568 3131 646 3200 Saiil
661 3128 817 3200 Davidem
832 3128 1008 3217 interfecit,
1025 3131 1150 3200 etiamsi
1166 3155 1236 3200 rem
1249 3153 1316 3200 non

276 3232 459 3328 perfecerit.
482 3241 603 3306 Annon
623 3237 764 3328 cogitas,
782 3259 914 3330 quaeso,
932 3251 964 3306 te
980 3239 1096 3308 ovibus
1123 3239 1247 3309 Christi
1265 3239 1314 3308 in·
1354 3287 1356 3294 ·

276 3341 403 3428 sidiari,
421 3345 554 3438 quandd
578 3369 654 3414 cum
676 3360 805 3438 pastore
827 3367 974 3438 pugnas,
999 3343 1136 3433 o'vibus,
1154 3346 1314 3440 inquam,

277 3474 338 3544 pro
359 3452 480 3544 quibus
502 3454 694 3544 sanguinem
717 3476 813 3522 suurn
839 3454 987 3524 Christus
1003 3453 1139 3539 effudit,
1156 3467 1190 3522 et
1206 3454 1317 3522 omnia

277 3582 338 3650 nos
355 3558 461 3628 lacere
476 3575 508 3628 et
525 3562 592 3652 pati
603 3562 724 3653 jussit?
745 3565 821 3630 Non
835 3560 1029 3645 recordaris,
1049 3559 1141 3653 quod
1158 3562 1316 3630 Dominus

278 3678 357 3734 tuus
368 3664 504 3754 gloriam
520 3681 612 3734 tuam
623 3665 806 3758 quaesierit,
824 3690 893 3736 non
907 3669 1021 3736 suam?
1039 3670 1090 3734 Tu
1099 3669 1178 3736 verd
1194 3690 1263 3736 non
1275 3665 1315 3734 il·

279 3769 343 3840 lius
361 3771 515 3861 gloriam,
544 3770 601 3841 sed
625 3785 715 3842 tuam
737 3774 867 3866 quaeris.
894 3771 995 3865 Atqui
1019 3772 1046 3842 si
1068 3771 1155 3842 illius
1178 3773 1316 3864 gloriam

232 3945 236 3952 ,
281 3901 463 3970 quaereres,
486 3894 566 3948 tunc
581 3892 673 3948 tuam
688 3877 932 3972 consequcrcris
950 3907 957 3949 t
972 3877 1052 3951 dlrm
1063 3882 1143 3950 vero
1156 3877 1213 3950 itta
1226 3892 1319 3972 post-
