2984 4580
288 396 352 459 392
443 409 621 458 nausearet
644 411 670 460 s.
696 397 850 478 annun,
874 413 952 462 sans
972 419 1021 480 11,
1045 413 1131 464 teor.
1156 419 1181 462 1.
1240 457 1245 464 ,
1347 403 1361 424 ’

286 514 390 604 gitur,
416 513 509 608 quod
532 513 715 592 humanum
733 537 836 606 genus
849 514 912 585 luis
927 515 1142 609 populatione
1166 529 1323 607 vastatur,

287 623 389 692 ethoe
398 621 479 692 scias
488 621 773 714 essepraedictum,
787 623 822 691 in
835 613 1015 696 nouissimis
1033 625 1235 718 temporibus
1246 628 1330 699 mul·

289 727 529 822 tiplicari'mala
544 741 577 800 et
593 726 728 800 adversa
743 729 871 800 variari.
894 759 910 796 a
929 734 963 798 3⁰
981 727 1191 804 transferens
1214 734 1329 804 odium

245 835 249 848 '
285 838 321 908 in
337 834 537 908 adversarios
557 837 688 928 reponit
701 834 774 912 illos
789 836 899 930 potiirs
913 859 982 908 esse
997 837 1216 930 inculpandos
1237 841 1329 933 quod

290 948 398 1014 Deum
413 942 620 1014 offendentes
633 941 692 1012 Dei
704 941 882 1032 uindictam
893 957 1092 1036 provocent:
1112 949 1217 1018 «Non
1228 948 1327 1034 enim,

287 1051 409 1145 inquit,
426 1051 487 1120 ista
499 1050 655 1122 accidunt
669 1051 761 1143 quod
772 1051 823 1120 Dii
837 1051 936 1122 vestri
952 1054 971 1122 a
995 1052 1091 1122 nobis
1115 1076 1185 1124 non
1211 1054 1327 1126 colan-

290 1171 357 1245 tur,
374 1157 432 1228 sed
443 1157 564 1252 quoda
575 1157 668 1228 vobis
678 1181 746 1228 non
758 1157 886 1228 colatur
899 1163 1042 1230 Deus...
1056 1158 1179 1252 Utique
1195 1161 1330 1254 quando

289 1287 328 1333 ea
357 1265 444 1334 liunt
482 1288 558 1357 quae
593 1265 675 1334 iram
710 1265 770 1334 Dei
797 1264 1001 1357 indignantis
1032 1265 1230 1354 ostendunt,
1262 1291 1329 1340 non

289 1385 424 1464 propter
438 1395 499 1470 nos
514 1373 600 1442 fiunt
620 1371 775 1465 aquibus
796 1377 882 1444 Deus
904 1372 1046 1460 colitur,
1071 1374 1129 1444 sed
1144 1373 1272 1446 delictis
1298 1387 1330 1444 et

289 1479 411 1548 meritis
421 1479 536 1550 vestris
545 1481 732 1571 irrogantur
744 1479 997 1577 'aquibus'Deus
1015 1480 1152 1551 omnino
1164 1503 1226 1552 nec
1244 1505 1332 1574 quae·

289 1587 371 1656 ritur
387 1610 449 1656 nee
463 1587 637 1656 timetur...
651 1586 738 1656 Fieri
747 1588 835 1657 enirn
847 1588 908 1658 ista
917 1587 971 1660 vel
984 1587 1027 1658 ad
1036 1586 1243 1680 disciplinam
1252 1613 1331 1658 con·

221 1779 223 1783 Α
291 1693 486 1780 tumacinm,
505 1691 559 1766 vel
569 1692 755 1786 adpoenam
770 1691 932 1771 malorum
946 1693 1092 1772 declarat
1105 1694 1141 1764 in
1156 1695 1330 1788 Scripturis
1363 1777 1367 1781 ⁵

290 1802 408 1872 sanctis
418 1800 507 1872 idem
517 1799 760 1888 Deus...n4.⁰bd
769 1799 1258 1896 singuladeveniensqnomodd
1270 1803 1332 1871 sin·

293 1908 377 2000 gulis
390 1907 518 1978 delictis
530 1907 659 1999 singula
668 1906 810 2000 poenalia
818 1907 903 1978 mala
911 1907 1121 1994 conveniant,
1129 1907 1175 1978 ita
1184 1906 1332 1978 demons-

293 2027 358 2086 trat
374 2045 383 2086 :·
399 2043 416 2080 «
429 2019 566 2084 Hostem
575 2014 721 2106 quereris
739 2035 907 2104 exurgere,
919 2015 1012 2107 quasi
1027 2028 1061 2084 et
1076 2015 1103 2084 si
1120 2015 1222 2090 hostis
1237 2015 1330 2101 desit,

292 2147 361 2194 csse
371 2145 434 2216 pax
446 2123 533 2192 inter
545 2121 629 2214 ipsas
642 2135 733 2214 togas
745 2123 856 2214 possit.
872 2127 1006 2192 Hostem
1014 2123 1162 2216 quereris
1173 2146 1331 2216 exurgere

292 2231 386 2326 quasi
397 2253 466 2300 non
478 2230 548 2299 etsi
562 2243 693 2298 externa
710 2228 752 2298 de
763 2229 911 2300 barbaris
927 2253 1015 2298 arma
1032 2244 1065 2308 et
1080 2229 1225 2322 pericula
1241 2253 1332 2300 conr·

293 2339 491 2432 primantur,
504 2333 643 2406 ferocius
653 2335 742 2404 intus
750 2349 783 2404 et
796 2336 925 2427 gravius
935 2336 976 2404 de
988 2335 1159 2419 calumniis
1169 2349 1203 2404 et
1210 2337 1333 2428 injuriis

293 2442 1332 2542 potentiumciviumdomesticaeimpugnationistelagrassentur.

294 2563 342 2628 De
355 2552 524 2624 sterilitate
536 2551 664 2620 etiarne
677 2552 834 2642 quereris,
845 2553 937 2643 quasi
950 2551 1068 2620 famem
1077 2555 1237 2646 majorem
1250 2552 1335 2622 sicci·

297 2681 344 2736 tas
357 2665 458 2756 quam
466 2659 625 2752 rapacitas
635 2655 746 2746 laciat,
755 2660 849 2754 quasi
857 2681 925 2730 non
933 2658 975 2729 de
985 2659 1122 2753 captatis
1129 2681 1336 2733 annonarum

292 2771 514 2856 incrementis,
525 2769 747 2860 etpretiorum
755 2767 894 2838 cumulis
905 2769 1096 2858 flagrantior
1105 2769 1228 2862 inopiae
1240 2766 1336 2839 ardor

214 2957 219 2970 ,
296 2875 1146 2961 excrescat.Quererisclaudiimbribuseoelum,eitm
1162 2875 1336 2946 sicborrea

296 2987 492 3060 claudantur
506 2985 542 3052 in
551 2983 655 3052 terris.
666 2982 817 3064 Quereris
826 3005 916 3052 nunc
926 2982 1036 3052 minirs
1046 2984 1147 3068 nasci,
1159 2983 1254 3076 quasi
1263 2979 1336 3076 q'uae

177 3147 178 3150 ,
296 3111 373 3165 nata
387 3105 465 3162 sunt
475 3089 699 3181 indigentibus
712 3088 932 3180 praebeantur.
945 3096 1073 3162 Pestem
1085 3103 1119 3160 et
1128 3089 1220 3162 luem
1232 3088 1337 3160 erimi-

297 3201 400 3285 neris,
423 3197 500 3268 edm
514 3208 606 3290 peste
631 3195 700 3286 ipsl
715 3208 748 3266 et
771 3193 826 3264 lue
848 3195 902 3266 vel
922 3196 1052 3268 detecta
1075 3196 1141 3266 sint
1164 3195 1219 3268 vel
1242 3207 1339 3266 aucta

223 3322 226 3328 '
296 3307 432 3380 crimina
455 3304 680 3395 singulorum,
697 3301 779 3372 dnm
806 3327 868 3374 nec
893 3304 1031 3374 infirmis
1047 3305 1223 3374 exhibetur
1238 3303 1338 3372 mise·

294 3414 449 3499 ricordia,
475 3427 509 3484 et
523 3410 687 3482 defunctis
703 3411 837 3482 avaritia
854 3412 958 3481 inhiat
970 3435 1007 3482 ac
1028 3411 1153 3504 rapina.
1175 3410 1281 3480 Iidem
1297 3407 1339 3479 ad

293 3521 423 3619 pietatis
441 3521 637 3613 obsequium
650 3517 775 3604 timidi,
790 3517 834 3598 ad
847 3518 947 3612 impia
967 3517 1057 3594 lucra
1073 3517 1263 3603 temerarii,
1281 3514 1339 3586 tu-

292 3633 415 3725 gientes
439 3627 649 3698 morientium
672 3627 809 3712 funera,
839 3641 872 3696 et
893 3640 1083 3720 appetentes
1107 3625 1212 3720 spolia
1246 3648 1339 3696 mor-

291 3755 467 3810 tuorum...
487 3733 661 3806 Praedandi
675 3731 888 3804 dissimulatio
903 3733 1013 3820 nuta,
1032 3733 1125 3804 nulla
1152 3733 1337 3819 cunctatio,

226 3831 229 3837 ²
289 3845 381 3914 nulla
398 3843 539 3914 formido
548 3855 652 3912 est...
664 3847 800 3912 Peccata
816 3841 927 3934 itaque
941 3853 974 3910 et
990 3839 1110 3913 delicta
1119 3853 1335 3932 reputentur,

289 3949 499 4020 conscientiae
514 3947 652 4019 vnlnere
668 3947 856 4040 cogitentur
871 3979 880 4036 3
900 3961 933 4017 et
954 3947 1084 4018 desinet
1107 3947 1340 4040 unnsquisque
