2992 4590
302 427 360 494 13t
453 448 631 490 uuaaomca
655 445 680 490 s·
707 445 855 504 errauit,
882 447 957 499 aras
982 451 1023 506 rr,
1050 449 1133 492 saer.
1161 451 1185 494 r.

298 544 397 639 quarn
423 541 640 631 sacerdotem,
664 541 880 630 academiam,
905 546 1005 638 quam
1023 541 1338 633 Ecclesiam30athe-

298 647 391 720 ‹lram
413 648 556 740 denique
577 648 742 732 vanitatis,
765 650 864 740 quam
887 647 1030 718 veritatis
1055 647 1209 720 tribunal¹
1222 647 1338 728 decere

296 779 364 824 non
377 755 541 827 immeritb
559 753 705 827 dixerim.
721 755 795 826 Non
807 751 922 823 eodem
936 753 1034 824 modo
1047 757 1241 844 christianus
1256 755 1339 824 c'ele-

282 863 400 934 lbrabo
421 861 643 946 Ludovicum,
666 886 733 956 quo
749 885 896 957 paganus
914 862 1090 934 celebravit
1113 861 1237 934 Plinius
1259 865 1339 960 Tra-

292 972 431 1064 janum3
459 969 579 1069 quibus
611 969 735 1061 optime
772 967 900 1038 Codrus
927 969 1137 1038 extolleretur
1160 969 1335 1058 laudibus,

295 1065 381 1162 inale
405 1091 601 1146 ornarentur
621 1077 742 1146 Christi
759 1081 937 1167 Martyres,
961 1079 1148 1148 encomium
1164 1075 1255 1154 aliud
1271 1081 1339 1158 Lu·
1403 1099 1410 1106 ·

295 1183 405 1258 cretiae
420 1184 523 1257 virtus
536 1182 690 1278 requirit,
710 1181 800 1254 aliud
812 1199 997 1252 sanctarum
1013 1183 1186 1274 virginum
1202 1183 1340 1274 integri-

294 1303 354 1363 tas.
375 1289 432 1360 Vis
457 1303 567 1358 autem
587 1286 861 1384 perfectissimum
881 1289 972 1362 istius
995 1291 1149 1358 orationis
1173 1290 1339 1386 exemplar

193 1405 197 1410 '
240 1447 245 1456 κ
295 1395 486 1482 attendere,
518 1395 619 1466 habes
647 1394 737 1488 apud
764 1410 913 1466 sanctum
945 1397 1216 1488 chrysostomum
1250 1397 1339 1471 beati

193 1562 196 1564 .
294 1504 432 1574 Luciani
460 1504 612 1592 martyris
636 1504 815 1575 certamina
844 1503 1084 1576 concinentem.
1121 1507 1182 1574 Hic
1210 1504 1352 1576 nobiles·

274 1638 277 1643 ’
293 1599 490 1694 sententias,
508 1607 771 1702 mobilioremque
786 1609 1005 1680 elocutionem
1021 1607 1097 1680 cum
1110 1608 1339 1702 frequentibus
1361 1681 1364 1688 ,

294 1717 535 1808 scripturarum
548 1713 699 1802 oraculis,
714 1716 898 1812 regulisque
911 1741 1039 1788 morum
1050 1733 1082 1792 et
1094 1715 1223 1812 pietatis
1236 1718 1338 1787 allec-

291 1825 380 1914 tihus
396 1823 542 1914 apprime
555 1821 810 1920 consentientem
828 1823 979 1916 reperies.
1065 1883 1066 1888 ,

336 1932 447 2002 Primb
463 1929 598 2024 quidem
619 1931 754 2022 meipso,
774 1955 841 2024 quo
857 1931 1059 2018 versabatur,
1078 1945 1227 2023 tempore
1242 1955 1338 2001 exor-

294 2038 386 2109 dium
407 2035 525 2122 ducit,
556 2034 743 2128 festumque
770 2036 1031 2130 Epiphaniorum
1058 2040 1111 2106 vix
1136 2053 1339 2130 transactum

293 2142 445 2230 martyris
463 2142 545 2212 l'esto
560 2142 750 2212 consocians
768 2171 775 2210 :
799 2171 814 2208 a
833 2144 921 2226 Heri,
940 2142 1060 2236 inquit,
1078 2144 1236 2213 Dominus
1252 2147 1340 2236 aqut

294 2249 478 2342 baptizatus
490 2263 553 2334 est,
570 2247 669 2316 hodie
678 2269 789 2316 servus
801 2249 959 2341 sanguine
972 2250 1173 2342 baptizatum
1185 2253 1339 2326 hesterno

295 2357 349 2426 die
362 2353 438 2425 coeli
454 2371 557 2447 portae
573 2370 650 2433 sunt
665 2369 827 2440 reseratae,
840 2349 938 2426 hodie
951 2353 1133 2425 inferorum
1145 2372 1248 2450 portae
1261 2372 1340 2430 sunt
1398 2355 1403 2368 ’

294 2462 506 2550 conculcatae.
521 2466 635 2554 Neque
650 2463 812 2530 miramini
824 2463 914 2555 qubd
931 2463 1130 2554 baptismum
1143 2467 1339 2554 martyrium

295 2557 514 2662 nuncupatum
544 2597 551 2638 :
579 2571 656 2636 nam
678 2583 711 2636 et
738 2567 792 2636 hic
821 2569 958 2660 Spiritus
986 2593 1062 2638 cum
1088 2571 1192 2638 multal
1206 2571 1340 2652 advolat

294 2677 466 2760 ubertate,
492 2697 529 2741 ae
550 2687 759 2766 peccatorum
777 2673 932 2760 abolitio,
951 2689 983 2744 et
999 2676 1118 2744 animae
1134 2677 1172 2745 fit
1187 2677 1339 2768 purgatio

215 2837 219 2844 .
260 2809 262 2819 ⁴
294 2779 448 2876 quaedam
471 2777 627 2849 mirabilis
648 2803 685 2848 ac
707 2778 869 2869 stupenda
896 2810 903 2850 ι
929 2795 969 2864 et
988 2781 1270 2874 quemadmodbm
1293 2784 1336 2872 ii,

250 2923 254 2932 ·
294 2889 353 2983 qui
376 2888 601 2980 baptizantur,
628 2885 739 2980 aquis,
759 2886 804 2953 it'a
831 2886 889 2980 qui
918 2889 1113 2978 martyrium
1139 2889 1337 2980 patiuntur,

293 2994 426 3090 proprio
439 2992 597 3082 sanguine
613 2989 805 3058 abluuntur.
826 3019 841 3055 »

338 3087 463 3170 Deinde
495 3096 611 3164 transit
637 3095 679 3164 ad
702 3095 921 3165 narrationem
947 3095 1042 3190 sacti3
1074 3097 1200 3170 lactum
1227 3115 1340 3172 autem

282 3203 377 3298 ¹illud
390 3221 449 3288 est,
462 3201 552 3298 qubtl
565 3201 641 3270 crim
658 3203 821 3272 Lucianus
839 3201 923 3273 lame
937 3204 993 3271 diii
1015 3219 1196 3297 maceratus
1208 3205 1336 3292 suisset,

293 3335 424 3383 necnon
449 3323 481 3377 et
507 3308 719 3377 acerbissimis
746 3307 895 3400 addictus
923 3311 1113 3402 suppliciis,
1134 3311 1222 3380 ‚nihil
1247 3311 1340 3382 aliud

293 3407 633 3510 interroganlitortori
644 3416 874 3508 respondebat,
887 3417 946 3486 nisi
960 3419 1022 3489 hoc
1034 3419 1147 3488 breve:
1164 3416 1340 3488 Christia-

293 3552 361 3618 μω
381 3550 471 3596 suin.
498 3525 569 3626 Qud
590 3537 700 3592 autem
726 3523 923 3621 eloquentiae
951 3525 1045 3618 copiti
1069 3525 1153 3594 illud
1179 3526 1340 3596 evolverit

294 3648 526 3730 argumentum
546 3631 703 3700 attende:
728 3660 743 3697 ι(
765 3631 850 3701 Ciam
865 3631 1015 3702 diabolus
1037 3620 1134 3703 omne
1156 3633 1338 3728 supplicio·

292 3766 370 3810 cum
390 3767 427 3810 ao
445 3762 619 3832 poenarunr
637 3761 739 3836 genus
757 3739 798 3818 ab
818 3763 857 3806 eo
880 3735 1022 3807 derisum
1039 3741 1334 3826 animadverteret,

294 3871 331 3915 ac
355 3870 518 3942 seneque
543 3846 677 3913 aceensa
705 3841 850 3930 lornace,
875 3867 982 3937 neque
1011 3845 1166 3915 barathro
1192 3847 1333 3932 elloss0,

291 3963 399 4046 'neque
415 3955 486 4024 rota
504 3953 635 4044 parati,
653 3976 761 4046 neque
781 3952 856 4022 c‘bm
876 3953 911 4021 in
932 3952 1111 4046 equuleum
1131 3955 1330 4041 sustulisset,
