<?xml version="1.0" encoding="UTF-8"?>
<!DOCTYPE html PUBLIC "-//W3C//DTD XHTML 1.0 Transitional//EN"
    "http://www.w3.org/TR/xhtml1/DTD/xhtml1-transitional.dtd">
<html xmlns="http://www.w3.org/1999/xhtml" xml:lang="en" lang="en">
 <head>
  <title>
</title>
<meta http-equiv="Content-Type" content="text/html;charset=utf-8" />
  <meta name='ocr-system' content='tesseract 3.04.00' />
  <meta name='ocr-capabilities' content='ocr_page ocr_carea ocr_par ocr_line ocrx_word'/>
</head>
<body>
  <div class='ocr_page' id='page_1' title='image "./rhetoricasancto00cailgoog_0192.png"; bbox 0 0 2992 4590; ppageno 0'>
   <div class='ocr_carea' id='block_1_1' title="bbox 190 413 1163 476">
    <p class='ocr_par' dir='ltr' id='par_1_1' title="bbox 190 413 1163 476">
     <span class='ocr_line' id='line_1_1' title="bbox 190 413 1163 476; baseline 0 -4"><span class='ocrx_word' id='word_1_1' title='bbox 190 425 294 476; x_wconf 72' lang='lat' dir='ltr'><strong>otrus</strong></span> <span class='ocrx_word' id='word_1_2' title='bbox 317 431 363 476; x_wconf 87' lang='lat' dir='ltr'><strong>vr.</strong></span> <span class='ocrx_word' id='word_1_3' title='bbox 389 429 430 472; x_wconf 81' lang='lat' dir='ltr'><strong>ou</strong></span> <span class='ocrx_word' id='word_1_4' title='bbox 453 427 609 474; x_wconf 72' lang='lat' dir='ltr'><strong>ursone</strong></span> <span class='ocrx_word' id='word_1_5' title='bbox 632 429 669 472; x_wconf 78' lang='lat' dir='ltr'><strong>ru</strong></span> <span class='ocrx_word' id='word_1_6' title='bbox 684 429 891 473; x_wconf 79' lang='lat' dir='ltr'><strong>coucrournus</strong></span> <span class='ocrx_word' id='word_1_7' title='bbox 906 423 1072 473; x_wconf 68' lang='lat' dir='ltr'><strong>inanum.</strong></span> <span class='ocrx_word' id='word_1_8' title='bbox 1100 413 1163 473; x_wconf 77' lang='lat'><strong>189</strong></span> 
     </span>
    </p>
   </div>
   <div class='ocr_carea' id='block_1_2' title="bbox 116 523 1276 3816">
    <p class='ocr_par' dir='ltr' id='par_1_2' title="bbox 116 523 1276 2528">
     <span class='ocr_line' id='line_1_2' title="bbox 123 523 1164 620; baseline 0 -24"><span class='ocrx_word' id='word_1_9' title='bbox 123 539 191 597; x_wconf 89' lang='lat' dir='ltr'><strong>tem</strong></span> <span class='ocrx_word' id='word_1_10' title='bbox 203 525 324 596; x_wconf 90' lang='lat' dir='ltr'><strong>locavit</strong></span> <span class='ocrx_word' id='word_1_11' title='bbox 338 525 373 594; x_wconf 89' lang='lat' dir='ltr'><strong>in</strong></span> <span class='ocrx_word' id='word_1_12' title='bbox 389 523 495 611; x_wconf 89' lang='lat' dir='ltr'><strong>coelo,</strong></span> <span class='ocrx_word' id='word_1_13' title='bbox 513 538 642 618; x_wconf 85' lang='lat' dir='ltr'><strong>partem</strong></span> <span class='ocrx_word' id='word_1_14' title='bbox 658 523 694 594; x_wconf 92' lang='lat' dir='ltr'><strong>in</strong></span> <span class='ocrx_word' id='word_1_15' title='bbox 703 547 807 594; x_wconf 83' lang='lat' dir='ltr'><strong>coeuo</strong></span> <span class='ocrx_word' id='word_1_16' title='bbox 821 525 976 596; x_wconf 88' lang='lat' dir='ltr'><strong>descruit.</strong></span> <span class='ocrx_word' id='word_1_17' title='bbox 993 531 1066 620; x_wconf 85' lang='lat' dir='ltr'><strong>Ego</strong></span> <span class='ocrx_word' id='word_1_18' title='bbox 1080 579 1089 614; x_wconf 91' lang='lat'>‚</span> <span class='ocrx_word' id='word_1_19' title='bbox 1103 549 1164 617; x_wconf 88' lang='lat' dir='ltr'><strong>ego</strong></span> 
     </span>
     <span class='ocr_line' id='line_1_3' title="bbox 122 629 1166 724; baseline 0.003 -26"><span class='ocrx_word' id='word_1_20' title='bbox 122 630 179 700; x_wconf 91' lang='lat' dir='ltr'><strong>illa</strong></span> <span class='ocrx_word' id='word_1_21' title='bbox 208 630 315 724; x_wconf 91' lang='lat' dir='ltr'><strong>portio</strong></span> <span class='ocrx_word' id='word_1_22' title='bbox 335 630 461 700; x_wconf 84' lang='lat' dir='ltr'><strong>misera</strong></span> <span class='ocrx_word' id='word_1_23' title='bbox 473 629 510 698; x_wconf 90' lang='lat' dir='ltr'><strong>in</strong></span> <span class='ocrx_word' id='word_1_24' title='bbox 524 629 598 700; x_wconf 88' lang='lat' dir='ltr'><strong>luto</strong></span> <span class='ocrx_word' id='word_1_25' title='bbox 610 631 743 722; x_wconf 87' lang='lat' dir='ltr'><strong>jacens,</strong></span> <span class='ocrx_word' id='word_1_26' title='bbox 761 634 913 700; x_wconf 67' lang='lat' dir='ltr'><strong>truncati</strong></span> <span class='ocrx_word' id='word_1_27' title='bbox 932 647 1024 724; x_wconf 88' lang='lat' dir='ltr'><strong>parte</strong></span> <span class='ocrx_word' id='word_1_28' title='bbox 1044 634 1114 719; x_wconf 79' lang='lat' dir='ltr'><strong>sui,</strong></span> <span class='ocrx_word' id='word_1_29' title='bbox 1132 645 1166 702; x_wconf 88' lang='lat' dir='ltr'><strong>et</strong></span> 
     </span>
     <span class='ocr_line' id='line_1_4' title="bbox 122 734 1167 830; baseline 0.004 -26"><span class='ocrx_word' id='word_1_30' title='bbox 122 750 215 830; x_wconf 89' lang='lat' dir='ltr'><strong>parte</strong></span> <span class='ocrx_word' id='word_1_31' title='bbox 234 737 376 830; x_wconf 77' lang='lat' dir='ltr'><strong>potiori3</strong></span> <span class='ocrx_word' id='word_1_32' title='bbox 393 751 427 806; x_wconf 88' lang='lat' dir='ltr'><strong>et</strong></span> <span class='ocrx_word' id='word_1_33' title='bbox 442 734 563 806; x_wconf 88' lang='lat' dir='ltr'><strong>dicitur</strong></span> <span class='ocrx_word' id='word_1_34' title='bbox 582 735 664 804; x_wconf 90' lang='lat' dir='ltr'><strong>rnihi</strong></span> <span class='ocrx_word' id='word_1_35' title='bbox 683 763 691 805; x_wconf 76' lang='grc' dir='ltr'><strong><em>ε</em></strong></span> <span class='ocrx_word' id='word_1_36' title='bbox 716 739 767 806; x_wconf 89' lang='lat' dir='ltr'><strong>Ne</strong></span> <span class='ocrx_word' id='word_1_37' title='bbox 789 735 940 806; x_wconf 76' lang='lat' dir='ltr'><strong>tteverise</strong></span> <span class='ocrx_word' id='word_1_38' title='bbox 955 737 1076 807; x_wconf 76' lang='lat' dir='ltr'><strong>Avulsa</strong></span> <span class='ocrx_word' id='word_1_39' title='bbox 1090 753 1167 808; x_wconf 89' lang='lat' dir='ltr'><strong>sunt</strong></span> 
     </span>
     <span class='ocr_line' id='line_1_5' title="bbox 121 841 1164 933; baseline 0 -20"><span class='ocrx_word' id='word_1_40' title='bbox 121 843 245 913; x_wconf 87' lang='lat' dir='ltr'><strong>viscera</strong></span> <span class='ocrx_word' id='word_1_41' title='bbox 259 867 333 914; x_wconf 87' lang='lat' dir='ltr'><strong>mea</strong></span> <span class='ocrx_word' id='word_1_42' title='bbox 347 845 368 912; x_wconf 72' lang='grc' dir='ltr'>ὲ</span> <span class='ocrx_word' id='word_1_43' title='bbox 382 867 460 933; x_wconf 72' lang='lat' dir='ltr'><strong>me,</strong></span> <span class='ocrx_word' id='word_1_44' title='bbox 486 855 521 912; x_wconf 91' lang='lat' dir='ltr'><strong>ct</strong></span> <span class='ocrx_word' id='word_1_45' title='bbox 534 841 655 912; x_wconf 91' lang='lat' dir='ltr'><strong>dicitur</strong></span> <span class='ocrx_word' id='word_1_46' title='bbox 670 841 752 910; x_wconf 88' lang='lat' dir='ltr'><strong>mihi</strong></span> <span class='ocrx_word' id='word_1_47' title='bbox 767 869 775 910; x_wconf 76' lang='grc' dir='ltr'><strong>ι</strong></span> <span class='ocrx_word' id='word_1_48' title='bbox 794 845 844 923; x_wconf 81' lang='lat' dir='ltr'><strong>Nc</strong></span> <span class='ocrx_word' id='word_1_49' title='bbox 860 841 1020 912; x_wconf 78' lang='lat' dir='ltr'><strong>senseris?</strong></span> <span class='ocrx_word' id='word_1_50' title='bbox 1033 843 1164 930; x_wconf 88' lang='lat' dir='ltr'><strong>Sentio,</strong></span> 
     </span>
     <span class='ocr_line' id='line_1_6' title="bbox 121 947 1168 1043; baseline 0.005 -26"><span class='ocrx_word' id='word_1_51' title='bbox 121 951 227 1022; x_wconf 93' lang='lat' dir='ltr'><strong>sentio</strong></span> <span class='ocrx_word' id='word_1_52' title='bbox 246 950 299 1024; x_wconf 85' lang='lat' dir='ltr'><strong>vel</strong></span> <span class='ocrx_word' id='word_1_53' title='bbox 321 951 462 1036; x_wconf 84' lang='lat' dir='ltr'><strong>invitus,</strong></span> <span class='ocrx_word' id='word_1_54' title='bbox 480 950 558 1043; x_wconf 90' lang='lat' dir='ltr'><strong>quia</strong></span> <span class='ocrx_word' id='word_1_55' title='bbox 581 971 644 1018; x_wconf 88' lang='lat' dir='ltr'><strong>nec</strong></span> <span class='ocrx_word' id='word_1_56' title='bbox 663 947 824 1020; x_wconf 79' lang='lat' dir='ltr'><strong>fortitudo</strong></span> <span class='ocrx_word' id='word_1_57' title='bbox 840 948 991 1042; x_wconf 90' lang='lat' dir='ltr'><strong>lapidum</strong></span> <span class='ocrx_word' id='word_1_58' title='bbox 1007 949 1168 1022; x_wconf 80' lang='lat' dir='ltr'><strong>fortitudo</strong></span> 
     </span>
     <span class='ocr_line' id='line_1_7' title="bbox 120 1053 1170 1146; baseline 0.001 -22"><span class='ocrx_word' id='word_1_59' title='bbox 120 1079 212 1144; x_wconf 87' lang='lat' dir='ltr'><strong>mea,</strong></span> <span class='ocrx_word' id='word_1_60' title='bbox 230 1081 292 1128; x_wconf 89' lang='lat' dir='ltr'><strong>nec</strong></span> <span class='ocrx_word' id='word_1_61' title='bbox 307 1080 384 1127; x_wconf 89' lang='lat' dir='ltr'><strong>caro</strong></span> <span class='ocrx_word' id='word_1_62' title='bbox 399 1079 472 1124; x_wconf 89' lang='lat' dir='ltr'><strong>mea</strong></span> <span class='ocrx_word' id='word_1_63' title='bbox 485 1077 576 1124; x_wconf 85' lang='lat' dir='ltr'><strong>aenea</strong></span> <span class='ocrx_word' id='word_1_64' title='bbox 592 1067 641 1124; x_wconf 89' lang='lat' dir='ltr'><strong>est</strong></span> <span class='ocrx_word' id='word_1_65' title='bbox 659 1053 789 1124; x_wconf 82' lang='lat' dir='ltr'><strong>:sentio</strong></span> <span class='ocrx_word' id='word_1_66' title='bbox 805 1055 938 1146; x_wconf 76' lang='lat' dir='ltr'><strong>prorsuis</strong></span> <span class='ocrx_word' id='word_1_67' title='bbox 951 1069 985 1125; x_wconf 90' lang='lat' dir='ltr'><strong>et</strong></span> <span class='ocrx_word' id='word_1_68' title='bbox 999 1055 1117 1140; x_wconf 89' lang='lat' dir='ltr'><strong>doleo,</strong></span> <span class='ocrx_word' id='word_1_69' title='bbox 1135 1069 1170 1125; x_wconf 90' lang='lat' dir='ltr'><strong>et</strong></span> 
     </span>
     <span class='ocr_line' id='line_1_8' title="bbox 120 1153 1169 1257; baseline 0.002 -25"><span class='ocrx_word' id='word_1_70' title='bbox 120 1153 218 1234; x_wconf 88' lang='lat' dir='ltr'><strong>dolor</strong></span> <span class='ocrx_word' id='word_1_71' title='bbox 232 1187 326 1234; x_wconf 90' lang='lat' dir='ltr'><strong>meus</strong></span> <span class='ocrx_word' id='word_1_72' title='bbox 341 1163 378 1232; x_wconf 92' lang='lat' dir='ltr'><strong>iu</strong></span> <span class='ocrx_word' id='word_1_73' title='bbox 393 1176 572 1255; x_wconf 86' lang='lat' dir='ltr'><strong>conspectu</strong></span> <span class='ocrx_word' id='word_1_74' title='bbox 591 1185 666 1232; x_wconf 91' lang='lat' dir='ltr'><strong>meo</strong></span> <span class='ocrx_word' id='word_1_75' title='bbox 686 1185 826 1256; x_wconf 85' lang='lat' dir='ltr'><strong>semper.</strong></span> <span class='ocrx_word' id='word_1_76' title='bbox 850 1167 925 1234; x_wconf 90' lang='lat' dir='ltr'><strong>Non</strong></span> <span class='ocrx_word' id='word_1_77' title='bbox 937 1164 1015 1232; x_wconf 77' lang='lat' dir='ltr'><strong>sane</strong></span> <span class='ocrx_word' id='word_1_78' title='bbox 1032 1186 1091 1234; x_wconf 91' lang='lat' dir='ltr'><strong>nos</strong></span> <span class='ocrx_word' id='word_1_79' title='bbox 1107 1187 1169 1257; x_wconf 89' lang='lat' dir='ltr'><strong>po-</strong></span> 
     </span>
     <span class='ocr_line' id='line_1_9' title="bbox 121 1266 1166 1363; baseline 0.002 -25"><span class='ocrx_word' id='word_1_80' title='bbox 121 1270 201 1338; x_wconf 90' lang='lat' dir='ltr'><strong>terit</strong></span> <span class='ocrx_word' id='word_1_81' title='bbox 216 1269 350 1341; x_wconf 86' lang='lat' dir='ltr'><strong>duritiae</strong></span> <span class='ocrx_word' id='word_1_82' title='bbox 369 1281 404 1337; x_wconf 90' lang='lat' dir='ltr'><strong>et</strong></span> <span class='ocrx_word' id='word_1_83' title='bbox 425 1266 679 1357; x_wconf 80' lang='lat' dir='ltr'><strong>insensibilitatis</strong></span> <span class='ocrx_word' id='word_1_84' title='bbox 701 1291 839 1360; x_wconf 85' lang='lat' dir='ltr'><strong>arguere</strong></span> <span class='ocrx_word' id='word_1_85' title='bbox 853 1267 910 1337; x_wconf 90' lang='lat' dir='ltr'><strong>ille</strong></span> <span class='ocrx_word' id='word_1_86' title='bbox 924 1270 982 1363; x_wconf 88' lang='lat' dir='ltr'><strong>qui</strong></span> <span class='ocrx_word' id='word_1_87' title='bbox 997 1270 1166 1357; x_wconf 88' lang='lat' dir='ltr'><strong>verberat,</strong></span> 
     </span>
     <span class='ocr_line' id='line_1_10' title="bbox 118 1373 1170 1470; baseline 0.002 -25"><span class='ocrx_word' id='word_1_88' title='bbox 118 1374 294 1470; x_wconf 69' lang='lat' dir='ltr'><strong>quomode</strong></span> <span class='ocrx_word' id='word_1_89' title='bbox 309 1373 400 1461; x_wconf 86' lang='lat' dir='ltr'><strong>illos,</strong></span> <span class='ocrx_word' id='word_1_90' title='bbox 419 1374 592 1466; x_wconf 89' lang='lat' dir='ltr'><strong>dequibus</strong></span> <span class='ocrx_word' id='word_1_91' title='bbox 606 1374 652 1444; x_wconf 88' lang='lat' dir='ltr'><strong>ait</strong></span> <span class='ocrx_word' id='word_1_92' title='bbox 669 1374 866 1445; x_wconf 77' lang='lat' dir='ltr'><strong>:Percussi</strong></span> <span class='ocrx_word' id='word_1_93' title='bbox 879 1397 958 1462; x_wconf 86' lang='lat' dir='ltr'><strong>eos,</strong></span> <span class='ocrx_word' id='word_1_94' title='bbox 969 1390 1004 1444; x_wconf 87' lang='lat' dir='ltr'><strong>ct</strong></span> <span class='ocrx_word' id='word_1_95' title='bbox 1015 1399 1088 1446; x_wconf 83' lang='lat' dir='ltr'><strong>non</strong></span> <span class='ocrx_word' id='word_1_96' title='bbox 1104 1375 1170 1447; x_wconf 87' lang='lat' dir='ltr'><strong>do-</strong></span> 
     </span>
     <span class='ocr_line' id='line_1_11' title="bbox 118 1479 1166 1574; baseline 0.002 -22"><span class='ocrx_word' id='word_1_97' title='bbox 118 1481 300 1552; x_wconf 51' lang='lat' dir='ltr'><strong>luerunt&amp;</strong></span> <span class='ocrx_word' id='word_1_98' title='bbox 318 1483 482 1552; x_wconf 78' lang='lat' dir='ltr'><strong>Affectum</strong></span> <span class='ocrx_word' id='word_1_99' title='bbox 498 1503 607 1550; x_wconf 90' lang='lat' dir='ltr'><strong>meum</strong></span> <span class='ocrx_word' id='word_1_100' title='bbox 621 1479 788 1551; x_wconf 77' lang='lat' dir='ltr'><strong>confessus</strong></span> <span class='ocrx_word' id='word_1_101' title='bbox 803 1505 896 1568; x_wconf 89' lang='lat' dir='ltr'><strong>sum,</strong></span> <span class='ocrx_word' id='word_1_102' title='bbox 911 1497 945 1552; x_wconf 91' lang='lat' dir='ltr'><strong>et</strong></span> <span class='ocrx_word' id='word_1_103' title='bbox 959 1505 1027 1552; x_wconf 89' lang='lat' dir='ltr'><strong>rron</strong></span> <span class='ocrx_word' id='word_1_104' title='bbox 1039 1487 1166 1574; x_wconf 84' lang='lat' dir='ltr'><strong>negavi.</strong></span> 
     </span>
     <span class='ocr_line' id='line_1_12' title="bbox 116 1585 1171 1682; baseline 0 -22"><span class='ocrx_word' id='word_1_105' title='bbox 116 1588 297 1660; x_wconf 83' lang='lat' dir='ltr'><strong>Carnslem</strong></span> <span class='ocrx_word' id='word_1_106' title='bbox 310 1587 382 1682; x_wconf 91' lang='lat' dir='ltr'><strong>quis</strong></span> <span class='ocrx_word' id='word_1_107' title='bbox 393 1585 509 1660; x_wconf 84' lang='lat' dir='ltr'><strong>dixerit</strong></span> <span class='ocrx_word' id='word_1_108' title='bbox 523 1610 606 1679; x_wconf 88' lang='lat' dir='ltr'><strong>:ego</strong></span> <span class='ocrx_word' id='word_1_109' title='bbox 622 1588 807 1657; x_wconf 92' lang='lat' dir='ltr'><strong>humanum</strong></span> <span class='ocrx_word' id='word_1_110' title='bbox 820 1611 887 1657; x_wconf 91' lang='lat' dir='ltr'><strong>non</strong></span> <span class='ocrx_word' id='word_1_111' title='bbox 900 1609 996 1678; x_wconf 85' lang='lat' dir='ltr'><strong>nego,</strong></span> <span class='ocrx_word' id='word_1_112' title='bbox 1011 1587 1094 1658; x_wconf 89' lang='lat' dir='ltr'><strong>sicut</strong></span> <span class='ocrx_word' id='word_1_113' title='bbox 1108 1613 1171 1660; x_wconf 90' lang='lat' dir='ltr'><strong>nec</strong></span> 
     </span>
     <span class='ocr_line' id='line_1_13' title="bbox 116 1693 1167 1786; baseline 0.001 -22"><span class='ocrx_word' id='word_1_114' title='bbox 116 1693 366 1774; x_wconf 85' lang='lat' dir='ltr'><strong>mehomiuem.</strong></span> <span class='ocrx_word' id='word_1_115' title='bbox 384 1695 418 1762; x_wconf 92' lang='lat' dir='ltr'><strong>Si</strong></span> <span class='ocrx_word' id='word_1_116' title='bbox 429 1717 491 1762; x_wconf 86' lang='lat' dir='ltr'><strong>nec</strong></span> <span class='ocrx_word' id='word_1_117' title='bbox 499 1693 564 1764; x_wconf 91' lang='lat' dir='ltr'><strong>hoc</strong></span> <span class='ocrx_word' id='word_1_118' title='bbox 575 1694 709 1780; x_wconf 85' lang='lat' dir='ltr'><strong>sufficit,</strong></span> <span class='ocrx_word' id='word_1_119' title='bbox 720 1717 782 1763; x_wconf 88' lang='lat' dir='ltr'><strong>nec</strong></span> <span class='ocrx_word' id='word_1_120' title='bbox 791 1693 955 1764; x_wconf 87' lang='lat' dir='ltr'><strong>carnalem</strong></span> <span class='ocrx_word' id='word_1_121' title='bbox 968 1697 1167 1786; x_wconf 88' lang='lat' dir='ltr'><strong>negaverim.</strong></span> 
     </span>
     <span class='ocr_line' id='line_1_14' title="bbox 116 1797 1276 1896; baseline 0 -24"><span class='ocrx_word' id='word_1_122' title='bbox 116 1802 206 1872; x_wconf 73' lang='lat' dir='ltr'><strong>Nam</strong></span> <span class='ocrx_word' id='word_1_123' title='bbox 225 1813 259 1868; x_wconf 91' lang='lat' dir='ltr'><strong>ct</strong></span> <span class='ocrx_word' id='word_1_124' title='bbox 278 1821 344 1896; x_wconf 83' lang='lat' dir='ltr'><strong>ego</strong></span> <span class='ocrx_word' id='word_1_125' title='bbox 371 1797 536 1870; x_wconf 82' lang='lat' dir='ltr'><strong>carnalis</strong></span> <span class='ocrx_word' id='word_1_126' title='bbox 552 1822 647 1885; x_wconf 83' lang='lat' dir='ltr'><strong>sum,</strong></span> <span class='ocrx_word' id='word_1_127' title='bbox 663 1797 891 1868; x_wconf 80' lang='lat' dir='ltr'><strong>venundatus</strong></span> <span class='ocrx_word' id='word_1_128' title='bbox 910 1797 976 1868; x_wconf 87' lang='lat' dir='ltr'><strong>sub</strong></span> <span class='ocrx_word' id='word_1_129' title='bbox 997 1817 1168 1892; x_wconf 86' lang='lat' dir='ltr'><strong>peccato,</strong></span> <span class='ocrx_word' id='word_1_130' title='bbox 1273 1810 1276 1815; x_wconf 82' lang='grc'><strong>’</strong></span> 
     </span>
     <span class='ocr_line' id='line_1_15' title="bbox 118 1907 1168 2004; baseline -0.001 -25"><span class='ocrx_word' id='word_1_131' title='bbox 118 1907 274 1979; x_wconf 89' lang='lat' dir='ltr'><strong>addictus</strong></span> <span class='ocrx_word' id='word_1_132' title='bbox 290 1907 388 1978; x_wconf 90' lang='lat' dir='ltr'><strong>morti</strong></span> <span class='ocrx_word' id='word_1_133' title='bbox 404 1961 413 1995; x_wconf 89' lang='lat'><strong><em>,</em></strong></span> <span class='ocrx_word' id='word_1_134' title='bbox 435 1907 543 2004; x_wconf 81' lang='lat' dir='ltr'><strong>poenis</strong></span> <span class='ocrx_word' id='word_1_135' title='bbox 566 1919 600 1976; x_wconf 89' lang='lat' dir='ltr'><strong>et</strong></span> <span class='ocrx_word' id='word_1_136' title='bbox 622 1909 778 1976; x_wconf 85' lang='lat' dir='ltr'><strong>aerumnis</strong></span> <span class='ocrx_word' id='word_1_137' title='bbox 793 1908 966 1978; x_wconf 84' lang='lat' dir='ltr'><strong>obnoxius.</strong></span> <span class='ocrx_word' id='word_1_138' title='bbox 984 1913 1058 1980; x_wconf 91' lang='lat' dir='ltr'><strong>Non</strong></span> <span class='ocrx_word' id='word_1_139' title='bbox 1074 1933 1168 1998; x_wconf 90' lang='lat' dir='ltr'><strong>sum,</strong></span> 
     </span>
     <span class='ocr_line' id='line_1_16' title="bbox 117 2011 1171 2106; baseline 0.004 -23"><span class='ocrx_word' id='word_1_140' title='bbox 117 2015 250 2100; x_wconf 81' lang='lat' dir='ltr'><strong>t&#39;ateor,</strong></span> <span class='ocrx_word' id='word_1_141' title='bbox 272 2013 467 2084; x_wconf 88' lang='lat' dir='ltr'><strong>insensibilis</strong></span> <span class='ocrx_word' id='word_1_142' title='bbox 487 2011 530 2082; x_wconf 88' lang='lat' dir='ltr'><strong>ad</strong></span> <span class='ocrx_word' id='word_1_143' title='bbox 553 2035 691 2106; x_wconf 88' lang='lat' dir='ltr'><strong>poenas,</strong></span> <span class='ocrx_word' id='word_1_144' title='bbox 718 2027 858 2084; x_wconf 90' lang='lat' dir='ltr'><strong>mortem</strong></span> <span class='ocrx_word' id='word_1_145' title='bbox 873 2016 992 2084; x_wconf 89' lang='lat' dir='ltr'><strong>horreo</strong></span> <span class='ocrx_word' id='word_1_146' title='bbox 1014 2039 1121 2086; x_wconf 91' lang='lat' dir='ltr'><strong>meam</strong></span> <span class='ocrx_word' id='word_1_147' title='bbox 1137 2031 1171 2087; x_wconf 88' lang='lat' dir='ltr'><strong>et</strong></span> 
     </span>
     <span class='ocr_line' id='line_1_17' title="bbox 118 2119 1168 2212; baseline 0.004 -22"><span class='ocrx_word' id='word_1_148' title='bbox 118 2143 284 2192; x_wconf 90' lang='lat' dir='ltr'><strong>meorum.</strong></span> <span class='ocrx_word' id='word_1_149' title='bbox 299 2125 392 2190; x_wconf 88' lang='lat' dir='ltr'><strong>Meus</strong></span> <span class='ocrx_word' id='word_1_150' title='bbox 409 2120 565 2191; x_wconf 85' lang='lat' dir='ltr'><strong>Girardus</strong></span> <span class='ocrx_word' id='word_1_151' title='bbox 577 2133 668 2206; x_wconf 87' lang='lat' dir='ltr'><strong>crat,</strong></span> <span class='ocrx_word' id='word_1_152' title='bbox 684 2142 779 2190; x_wconf 90' lang='lat' dir='ltr'><strong>meus</strong></span> <span class='ocrx_word' id='word_1_153' title='bbox 790 2119 900 2212; x_wconf 76' lang='lat' dir='ltr'><strong>plane.</strong></span> <span class='ocrx_word' id='word_1_154' title='bbox 920 2125 964 2191; x_wconf 79' lang='lat' dir='ltr'><strong>tt</strong></span> <span class='ocrx_word' id='word_1_155' title='bbox 978 2145 1045 2192; x_wconf 93' lang='lat' dir='ltr'><strong>non</strong></span> <span class='ocrx_word' id='word_1_156' title='bbox 1059 2145 1168 2210; x_wconf 87' lang='lat' dir='ltr'><strong>meus,</strong></span> 
     </span>
     <span class='ocr_line' id='line_1_18' title="bbox 118 2223 1171 2321; baseline 0.002 -25"><span class='ocrx_word' id='word_1_157' title='bbox 118 2227 181 2321; x_wconf 91' lang='lat' dir='ltr'><strong>qui</strong></span> <span class='ocrx_word' id='word_1_158' title='bbox 196 2227 300 2298; x_wconf 73' lang='lat' dir='ltr'><strong>trater</strong></span> <span class='ocrx_word' id='word_1_159' title='bbox 315 2226 474 2317; x_wconf 89' lang='lat' dir='ltr'><strong>sanguine</strong></span> <span class='ocrx_word' id='word_1_160' title='bbox 489 2223 578 2310; x_wconf 87' lang='lat' dir='ltr'><strong>fuit,</strong></span> <span class='ocrx_word' id='word_1_161' title='bbox 595 2223 798 2316; x_wconf 81' lang='lat' dir='ltr'><strong>professione</strong></span> <span class='ocrx_word' id='word_1_162' title='bbox 820 2225 928 2319; x_wconf 82' lang='lat' dir='ltr'><strong>filius,</strong></span> <span class='ocrx_word' id='word_1_163' title='bbox 949 2227 1171 2298; x_wconf 88' lang='lat' dir='ltr'><strong>sollicitudine</strong></span> 
     </span>
     <span class='ocr_line' id='line_1_19' title="bbox 118 2331 1167 2428; baseline 0.001 -23"><span class='ocrx_word' id='word_1_164' title='bbox 118 2349 229 2428; x_wconf 91' lang='lat' dir='ltr'><strong>pater,</strong></span> <span class='ocrx_word' id='word_1_165' title='bbox 246 2357 378 2405; x_wconf 88' lang='lat' dir='ltr'><strong>consors</strong></span> <span class='ocrx_word' id='word_1_166' title='bbox 392 2333 528 2426; x_wconf 90' lang='lat' dir='ltr'><strong>spiritu,</strong></span> <span class='ocrx_word' id='word_1_167' title='bbox 553 2331 690 2402; x_wconf 90' lang='lat' dir='ltr'><strong>intimus</strong></span> <span class='ocrx_word' id='word_1_168' title='bbox 703 2333 850 2403; x_wconf 73' lang='lat' dir='ltr'><strong>affectu?</strong></span> <span class='ocrx_word' id='word_1_169' title='bbox 865 2339 907 2425; x_wconf 34' lang='lat' dir='ltr'><strong>Is,</strong></span> <span class='ocrx_word' id='word_1_170' title='bbox 917 2335 1047 2405; x_wconf 87' lang='lat' dir='ltr'><strong>recessit</strong></span> <span class='ocrx_word' id='word_1_171' title='bbox 1062 2338 1167 2406; x_wconf 72' lang='lat' dir='ltr'><strong>ame:</strong></span> 
     </span>
     <span class='ocr_line' id='line_1_20' title="bbox 118 2437 679 2528; baseline -0.005 -16"><span class='ocrx_word' id='word_1_172' title='bbox 118 2442 249 2528; x_wconf 91' lang='lat' dir='ltr'><strong>sentio,</strong></span> <span class='ocrx_word' id='word_1_173' title='bbox 262 2441 359 2510; x_wconf 87' lang='lat' dir='ltr'><strong>laesus</strong></span> <span class='ocrx_word' id='word_1_174' title='bbox 371 2463 465 2524; x_wconf 84' lang='lat' dir='ltr'><strong>sum,</strong></span> <span class='ocrx_word' id='word_1_175' title='bbox 483 2452 517 2508; x_wconf 89' lang='lat' dir='ltr'><strong>et</strong></span> <span class='ocrx_word' id='word_1_176' title='bbox 528 2437 679 2528; x_wconf 88' lang='lat' dir='ltr'><strong>graviter.</strong></span> 
     </span>
    </p>

    <p class='ocr_par' dir='ltr' id='par_1_3' title="bbox 118 2544 1197 3816">
     <span class='ocr_line' id='line_1_21' title="bbox 140 2544 1167 2642; baseline 0.006 -28"><span class='ocrx_word' id='word_1_177' title='bbox 140 2597 144 2602; x_wconf 83' lang='lat'>-</span> <span class='ocrx_word' id='word_1_178' title='bbox 168 2577 186 2614; x_wconf 78' lang='lat' dir='ltr'><strong>u</strong></span> <span class='ocrx_word' id='word_1_179' title='bbox 205 2547 392 2640; x_wconf 83' lang='lat' dir='ltr'><strong>Ignoscite,</strong></span> <span class='ocrx_word' id='word_1_180' title='bbox 416 2544 498 2618; x_wconf 84' lang='lat' dir='ltr'><strong>filii:</strong></span> <span class='ocrx_word' id='word_1_181' title='bbox 516 2545 583 2616; x_wconf 82' lang='lat' dir='ltr'><strong>imo</strong></span> <span class='ocrx_word' id='word_1_182' title='bbox 596 2545 624 2614; x_wconf 92' lang='lat' dir='ltr'><strong>si</strong></span> <span class='ocrx_word' id='word_1_183' title='bbox 639 2545 699 2615; x_wconf 87' lang='lat' dir='ltr'><strong>filii</strong></span> <span class='ocrx_word' id='word_1_184' title='bbox 712 2599 722 2632; x_wconf 88' lang='lat'>‚</span> <span class='ocrx_word' id='word_1_185' title='bbox 736 2546 843 2618; x_wconf 89' lang='lat' dir='ltr'><strong>vicem</strong></span> <span class='ocrx_word' id='word_1_186' title='bbox 858 2547 969 2620; x_wconf 88' lang='lat' dir='ltr'><strong>dolete</strong></span> <span class='ocrx_word' id='word_1_187' title='bbox 984 2563 1167 2642; x_wconf 89' lang='lat' dir='ltr'><strong>paternam.</strong></span> 
     </span>
     <span class='ocr_line' id='line_1_22' title="bbox 118 2651 1171 2748; baseline 0 -21"><span class='ocrx_word' id='word_1_188' title='bbox 118 2651 323 2734; x_wconf 84' lang='lat' dir='ltr'><strong>Miseremini</strong></span> <span class='ocrx_word' id='word_1_189' title='bbox 337 2653 420 2740; x_wconf 84' lang='lat' dir='ltr'><strong>mei,</strong></span> <span class='ocrx_word' id='word_1_190' title='bbox 437 2651 554 2722; x_wconf 90' lang='lat' dir='ltr'><strong>saltem</strong></span> <span class='ocrx_word' id='word_1_191' title='bbox 567 2675 626 2722; x_wconf 89' lang='lat' dir='ltr'><strong>vos</strong></span> <span class='ocrx_word' id='word_1_192' title='bbox 641 2654 738 2722; x_wconf 89' lang='lat' dir='ltr'><strong>amici</strong></span> <span class='ocrx_word' id='word_1_193' title='bbox 751 2656 834 2740; x_wconf 85' lang='lat' dir='ltr'><strong>mei,</strong></span> <span class='ocrx_word' id='word_1_194' title='bbox 852 2658 910 2748; x_wconf 91' lang='lat' dir='ltr'><strong>qui</strong></span> <span class='ocrx_word' id='word_1_195' title='bbox 924 2659 1014 2726; x_wconf 76' lang='lat' dir='ltr'><strong>certe</strong></span> <span class='ocrx_word' id='word_1_196' title='bbox 1025 2657 1171 2728; x_wconf 88' lang='lat' dir='ltr'><strong>conside·</strong></span> 
     </span>
     <span class='ocr_line' id='line_1_23' title="bbox 120 2757 1167 2854; baseline -0.001 -24"><span class='ocrx_word' id='word_1_197' title='bbox 120 2761 223 2848; x_wconf 87' lang='lat' dir='ltr'><strong>ratis,</strong></span> <span class='ocrx_word' id='word_1_198' title='bbox 242 2763 343 2854; x_wconf 78' lang='lat' dir='ltr'><strong>quam</strong></span> <span class='ocrx_word' id='word_1_199' title='bbox 359 2757 469 2851; x_wconf 88' lang='lat' dir='ltr'><strong>gravia</strong></span> <span class='ocrx_word' id='word_1_200' title='bbox 486 2758 704 2850; x_wconf 88' lang='lat' dir='ltr'><strong>propeccatis</strong></span> <span class='ocrx_word' id='word_1_201' title='bbox 721 2759 829 2851; x_wconf 88' lang='lat' dir='ltr'><strong>recepi</strong></span> <span class='ocrx_word' id='word_1_202' title='bbox 845 2760 887 2828; x_wconf 91' lang='lat' dir='ltr'><strong>de</strong></span> <span class='ocrx_word' id='word_1_203' title='bbox 906 2783 1008 2830; x_wconf 87' lang='lat' dir='ltr'><strong>manu</strong></span> <span class='ocrx_word' id='word_1_204' title='bbox 1024 2765 1167 2831; x_wconf 88' lang='lat' dir='ltr'><strong>Domini.</strong></span> 
     </span>
     <span class='ocr_line' id='line_1_24' title="bbox 120 2863 1171 2960; baseline 0 -22"><span class='ocrx_word' id='word_1_205' title='bbox 120 2873 166 2938; x_wconf 90' lang='lat' dir='ltr'><strong>Iu</strong></span> <span class='ocrx_word' id='word_1_206' title='bbox 184 2869 278 2960; x_wconf 70' lang='lat' dir='ltr'><strong>virgi</strong></span> <span class='ocrx_word' id='word_1_207' title='bbox 290 2864 524 2958; x_wconf 81' lang='lat' dir='ltr'><strong>indignationis</strong></span> <span class='ocrx_word' id='word_1_208' title='bbox 537 2887 604 2934; x_wconf 86' lang='lat' dir='ltr'><strong>suae</strong></span> <span class='ocrx_word' id='word_1_209' title='bbox 617 2863 777 2958; x_wconf 84' lang='lat' dir='ltr'><strong>percussit</strong></span> <span class='ocrx_word' id='word_1_210' title='bbox 791 2885 864 2950; x_wconf 90' lang='lat' dir='ltr'><strong>me,</strong></span> <span class='ocrx_word' id='word_1_211' title='bbox 883 2865 982 2956; x_wconf 76' lang='lat' dir='ltr'><strong>digne</strong></span> <span class='ocrx_word' id='word_1_212' title='bbox 996 2889 1057 2959; x_wconf 91' lang='lat' dir='ltr'><strong>pro</strong></span> <span class='ocrx_word' id='word_1_213' title='bbox 1069 2869 1171 2938; x_wconf 88' lang='lat' dir='ltr'><strong>meri-</strong></span> 
     </span>
     <span class='ocr_line' id='line_1_25' title="bbox 120 2971 1173 3068; baseline 0.001 -24"><span class='ocrx_word' id='word_1_214' title='bbox 120 2977 185 3064; x_wconf 86' lang='lat' dir='ltr'><strong>tis,</strong></span> <span class='ocrx_word' id='word_1_215' title='bbox 200 2975 285 3045; x_wconf 76' lang='lat' dir='ltr'><strong>dure</strong></span> <span class='ocrx_word' id='word_1_216' title='bbox 301 2997 362 3068; x_wconf 90' lang='lat' dir='ltr'><strong>pro</strong></span> <span class='ocrx_word' id='word_1_217' title='bbox 377 2972 512 3044; x_wconf 86' lang='lat' dir='ltr'><strong>viribus.</strong></span> <span class='ocrx_word' id='word_1_218' title='bbox 524 2976 578 3042; x_wconf 80' lang='lat' dir='ltr'><strong>An</strong></span> <span class='ocrx_word' id='word_1_219' title='bbox 592 2971 665 3041; x_wconf 87' lang='lat' dir='ltr'><strong>leve</strong></span> <span class='ocrx_word' id='word_1_220' title='bbox 680 2971 754 3066; x_wconf 89' lang='lat' dir='ltr'><strong>quis</strong></span> <span class='ocrx_word' id='word_1_221' title='bbox 769 2971 888 3041; x_wconf 80' lang='lat' dir='ltr'><strong>dixerit</strong></span> <span class='ocrx_word' id='word_1_222' title='bbox 902 2973 1011 3044; x_wconf 85' lang='lat' dir='ltr'><strong>vivere</strong></span> <span class='ocrx_word' id='word_1_223' title='bbox 1028 2991 1081 3044; x_wconf 87' lang='lat' dir='ltr'><strong>tue</strong></span> <span class='ocrx_word' id='word_1_224' title='bbox 1096 2977 1173 3045; x_wconf 90' lang='lat' dir='ltr'><strong>abs-</strong></span> 
     </span>
     <span class='ocr_line' id='line_1_26' title="bbox 122 3076 1174 3176; baseline -0.001 -24"><span class='ocrx_word' id='word_1_225' title='bbox 122 3106 192 3176; x_wconf 91' lang='lat' dir='ltr'><strong>que</strong></span> <span class='ocrx_word' id='word_1_226' title='bbox 207 3081 347 3151; x_wconf 89' lang='lat' dir='ltr'><strong>Girardo</strong></span> <span class='ocrx_word' id='word_1_227' title='bbox 356 3135 369 3168; x_wconf 88' lang='lat'><em>,</em></span> <span class='ocrx_word' id='word_1_228' title='bbox 399 3079 462 3148; x_wconf 90' lang='lat' dir='ltr'><strong>nisi</strong></span> <span class='ocrx_word' id='word_1_229' title='bbox 484 3077 545 3172; x_wconf 89' lang='lat' dir='ltr'><strong>qui</strong></span> <span class='ocrx_word' id='word_1_230' title='bbox 560 3078 694 3170; x_wconf 86' lang='lat' dir='ltr'><strong>&#39;ignorat</strong></span> <span class='ocrx_word' id='word_1_231' title='bbox 714 3076 796 3170; x_wconf 91' lang='lat' dir='ltr'><strong>quid</strong></span> <span class='ocrx_word' id='word_1_232' title='bbox 813 3079 893 3147; x_wconf 91' lang='lat' dir='ltr'><strong>mihi</strong></span> <span class='ocrx_word' id='word_1_233' title='bbox 908 3103 983 3150; x_wconf 88' lang='lat' dir='ltr'><strong>cum</strong></span> <span class='ocrx_word' id='word_1_234' title='bbox 1010 3081 1174 3152; x_wconf 78' lang='lat' dir='ltr'><strong>Girardo?</strong></span> 
     </span>
     <span class='ocr_line' id='line_1_27' title="bbox 121 3183 1175 3281; baseline -0.002 -21"><span class='ocrx_word' id='word_1_235' title='bbox 121 3192 195 3260; x_wconf 88' lang='lat' dir='ltr'><strong>Neo</strong></span> <span class='ocrx_word' id='word_1_236' title='bbox 205 3202 317 3260; x_wconf 89' lang='lat' dir='ltr'><strong>tamen</strong></span> <span class='ocrx_word' id='word_1_237' title='bbox 331 3185 522 3258; x_wconf 89' lang='lat' dir='ltr'><strong>contradico</strong></span> <span class='ocrx_word' id='word_1_238' title='bbox 537 3183 742 3270; x_wconf 82' lang='lat' dir='ltr'><strong>sermonibus</strong></span> <span class='ocrx_word' id='word_1_239' title='bbox 755 3185 883 3255; x_wconf 87' lang='lat' dir='ltr'><strong>Sancti:</strong></span> <span class='ocrx_word' id='word_1_240' title='bbox 896 3209 958 3257; x_wconf 88' lang='lat' dir='ltr'><strong>neo</strong></span> <span class='ocrx_word' id='word_1_241' title='bbox 969 3187 1175 3281; x_wconf 89' lang='lat' dir='ltr'><strong>reprehendo</strong></span> 
     </span>
     <span class='ocr_line' id='line_1_28' title="bbox 119 3289 1175 3390; baseline -0.001 -23"><span class='ocrx_word' id='word_1_242' title='bbox 119 3297 303 3390; x_wconf 78' lang='lat' dir='ltr'><strong>judicium,</strong></span> <span class='ocrx_word' id='word_1_243' title='bbox 324 3319 392 3390; x_wconf 93' lang='lat' dir='ltr'><strong>quo</strong></span> <span class='ocrx_word' id='word_1_244' title='bbox 407 3293 532 3386; x_wconf 88' lang='lat' dir='ltr'><strong>recepit</strong></span> <span class='ocrx_word' id='word_1_245' title='bbox 546 3293 685 3386; x_wconf 90' lang='lat' dir='ltr'><strong>quisque</strong></span> <span class='ocrx_word' id='word_1_246' title='bbox 700 3314 768 3384; x_wconf 88' lang='lat' dir='ltr'><strong>quo</strong></span> <span class='ocrx_word' id='word_1_247' title='bbox 784 3289 905 3384; x_wconf 89' lang='lat' dir='ltr'><strong>dignus</strong></span> <span class='ocrx_word' id='word_1_248' title='bbox 928 3309 993 3381; x_wconf 89' lang='lat' dir='ltr'><strong>est,</strong></span> <span class='ocrx_word' id='word_1_249' title='bbox 1012 3295 1069 3364; x_wconf 86' lang='lat' dir='ltr'><strong>itte</strong></span> <span class='ocrx_word' id='word_1_250' title='bbox 1084 3319 1175 3366; x_wconf 90' lang='lat' dir='ltr'><strong>coro-</strong></span> 
     </span>
     <span class='ocr_line' id='line_1_29' title="bbox 123 3396 1177 3498; baseline -0.004 -23"><span class='ocrx_word' id='word_1_251' title='bbox 123 3429 208 3474; x_wconf 88' lang='lat' dir='ltr'><strong>nam</strong></span> <span class='ocrx_word' id='word_1_252' title='bbox 225 3427 325 3498; x_wconf 90' lang='lat' dir='ltr'><strong>quam</strong></span> <span class='ocrx_word' id='word_1_253' title='bbox 342 3401 479 3486; x_wconf 90' lang='lat' dir='ltr'><strong>meruit,</strong></span> <span class='ocrx_word' id='word_1_254' title='bbox 512 3422 574 3490; x_wconf 84' lang='lat' dir='ltr'><strong>ego</strong></span> <span class='ocrx_word' id='word_1_255' title='bbox 600 3419 701 3492; x_wconf 89' lang='lat' dir='ltr'><strong>quarn</strong></span> <span class='ocrx_word' id='word_1_256' title='bbox 722 3396 824 3466; x_wconf 88' lang='lat' dir='ltr'><strong>debui</strong></span> <span class='ocrx_word' id='word_1_257' title='bbox 842 3420 988 3490; x_wconf 88' lang='lat' dir='ltr'><strong>poenam.</strong></span> <span class='ocrx_word' id='word_1_258' title='bbox 1005 3402 1177 3494; x_wconf 91' lang='lat' dir='ltr'><strong>Numquid</strong></span> 
     </span>
     <span class='ocr_line' id='line_1_30' title="bbox 124 3503 1177 3604; baseline -0.006 -23"><span class='ocrx_word' id='word_1_259' title='bbox 124 3512 208 3604; x_wconf 89' lang='lat' dir='ltr'><strong>quia</strong></span> <span class='ocrx_word' id='word_1_260' title='bbox 224 3512 330 3594; x_wconf 84' lang='lat' dir='ltr'><strong>sentio</strong></span> <span class='ocrx_word' id='word_1_261' title='bbox 344 3530 500 3604; x_wconf 87' lang='lat' dir='ltr'><strong>poenam,</strong></span> <span class='ocrx_word' id='word_1_262' title='bbox 519 3503 724 3598; x_wconf 88' lang='lat' dir='ltr'><strong>reprehendo</strong></span> <span class='ocrx_word' id='word_1_263' title='bbox 745 3503 939 3573; x_wconf 87' lang='lat' dir='ltr'><strong>seutentiam</strong></span> <span class='ocrx_word' id='word_1_264' title='bbox 953 3507 968 3574; x_wconf 74' lang='lat' dir='ltr'><strong>i</strong></span> <span class='ocrx_word' id='word_1_265' title='bbox 983 3510 1177 3576; x_wconf 88' lang='lat' dir='ltr'><strong>Humanum</strong></span> 
     </span>
     <span class='ocr_line' id='line_1_31' title="bbox 125 3612 1178 3707; baseline -0.007 -18"><span class='ocrx_word' id='word_1_266' title='bbox 125 3635 182 3690; x_wconf 87' lang='lat' dir='ltr'><strong>est</strong></span> <span class='ocrx_word' id='word_1_267' title='bbox 196 3619 300 3703; x_wconf 87' lang='lat' dir='ltr'><strong>illud,</strong></span> <span class='ocrx_word' id='word_1_268' title='bbox 325 3618 389 3688; x_wconf 91' lang='lat' dir='ltr'><strong>hoc</strong></span> <span class='ocrx_word' id='word_1_269' title='bbox 408 3614 559 3707; x_wconf 88' lang='lat' dir='ltr'><strong>imp-ium.</strong></span> <span class='ocrx_word' id='word_1_270' title='bbox 586 3617 801 3697; x_wconf 83' lang='lat' dir='ltr'><strong>Humanum,</strong></span> <span class='ocrx_word' id='word_1_271' title='bbox 819 3612 980 3704; x_wconf 86' lang='lat' dir='ltr'><strong>inquam,</strong></span> <span class='ocrx_word' id='word_1_272' title='bbox 999 3627 1033 3683; x_wconf 91' lang='lat' dir='ltr'><strong>et</strong></span> <span class='ocrx_word' id='word_1_273' title='bbox 1047 3627 1178 3684; x_wconf 87' lang='lat' dir='ltr'><strong>necesse</strong></span> 
     </span>
     <span class='ocr_line' id='line_1_32' title="bbox 127 3717 1197 3816; baseline -0.007 -19"><span class='ocrx_word' id='word_1_274' title='bbox 127 3728 222 3797; x_wconf 89' lang='lat' dir='ltr'><strong>affici</strong></span> <span class='ocrx_word' id='word_1_275' title='bbox 234 3729 309 3816; x_wconf 73' lang='lat' dir='ltr'><strong>erga</strong></span> <span class='ocrx_word' id='word_1_276' title='bbox 320 3725 445 3808; x_wconf 87' lang='lat' dir='ltr'><strong>charos,</strong></span> <span class='ocrx_word' id='word_1_277' title='bbox 460 3721 526 3790; x_wconf 76' lang='lat' dir='ltr'><strong>sive</strong></span> <span class='ocrx_word' id='word_1_278' title='bbox 537 3717 776 3788; x_wconf 85' lang='lat' dir='ltr'><strong>delectabiliter</strong></span> <span class='ocrx_word' id='word_1_279' title='bbox 784 3741 859 3788; x_wconf 91' lang='lat' dir='ltr'><strong>cum</strong></span> <span class='ocrx_word' id='word_1_280' title='bbox 871 3723 991 3811; x_wconf 80' lang='lat' dir='ltr'><strong>praesto</strong></span> <span class='ocrx_word' id='word_1_281' title='bbox 1003 3736 1091 3808; x_wconf 88' lang='lat' dir='ltr'><strong>sunt,</strong></span> <span class='ocrx_word' id='word_1_282' title='bbox 1109 3723 1178 3792; x_wconf 78' lang='lat' dir='ltr'><strong>sive</strong></span> <span class='ocrx_word' id='word_1_283' title='bbox 1195 3735 1197 3743; x_wconf 66' lang='lat'>‘</span> 
     </span>
    </p>
   </div>
   <div class='ocr_carea' id='block_1_3' title="bbox 127 3826 1177 3920">
    <p class='ocr_par' dir='ltr' id='par_1_4' title="bbox 127 3826 1177 3920">
     <span class='ocr_line' id='line_1_33' title="bbox 127 3826 1177 3920; baseline -0.008 -12"><span class='ocrx_word' id='word_1_284' title='bbox 127 3836 213 3908; x_wconf 79' lang='lat' dir='ltr'><strong>ciun</strong></span> <span class='ocrx_word' id='word_1_285' title='bbox 226 3835 362 3920; x_wconf 88' lang='lat' dir='ltr'><strong>absunt,</strong></span> <span class='ocrx_word' id='word_1_286' title='bbox 380 3829 527 3902; x_wconf 78' lang='lat' dir='ltr'><strong>moleste.</strong></span> <span class='ocrx_word' id='word_1_287' title='bbox 545 3831 620 3900; x_wconf 86' lang='lat' dir='ltr'><strong>Non</strong></span> <span class='ocrx_word' id='word_1_288' title='bbox 635 3826 697 3896; x_wconf 88' lang='lat' dir='ltr'><strong>erit</strong></span> <span class='ocrx_word' id='word_1_289' title='bbox 709 3827 812 3896; x_wconf 89' lang='lat' dir='ltr'><strong>otiosa</strong></span> <span class='ocrx_word' id='word_1_290' title='bbox 827 3826 953 3898; x_wconf 88' lang='lat' dir='ltr'><strong>socialis</strong></span> <span class='ocrx_word' id='word_1_291' title='bbox 962 3830 1177 3918; x_wconf 84' lang='lat' dir='ltr'><strong>conversatio,</strong></span> 
     </span>
    </p>
   </div>
   <div class='ocr_carea' id='block_1_4' title="bbox 172 3961 329 4029">
    <p class='ocr_par' dir='ltr' id='par_1_5' title="bbox 172 3961 329 4029">
     <span class='ocr_line' id='line_1_34' title="bbox 172 3961 329 4029; baseline -0.006 -15"><span class='ocrx_word' id='word_1_292' title='bbox 172 3973 181 3999; x_wconf 88' lang='lat'><strong>¹</strong></span> <span class='ocrx_word' id='word_1_293' title='bbox 199 3968 248 4016; x_wconf 82' lang='lat' dir='ltr'><strong>ter.</strong></span> <span class='ocrx_word' id='word_1_294' title='bbox 264 3978 290 4029; x_wconf 81' lang='lat' dir='ltr'><strong>v,</strong></span> <span class='ocrx_word' id='word_1_295' title='bbox 305 3961 329 4013; x_wconf 79' lang='lat'><strong>³.</strong></span> 
     </span>
    </p>
   </div>
   <div class='ocr_carea' id='block_1_5' title="bbox 0 0 1500 4590">
    <p class='ocr_par' dir='ltr' id='par_1_6' title="bbox 0 0 1500 4590">
     <span class='ocr_line' id='line_1_35' title="bbox 0 0 1500 4590; baseline 0 0"><span class='ocrx_word' id='word_1_296' title='bbox 0 0 1500 4590; x_wconf 95' lang='lat' dir='ltr'><strong> </strong></span> 
     </span>
    </p>
   </div>
  </div>
 </body>
</html>
