2984 4580
207 449 308 492 carun
327 451 371 492 vr.
391 451 432 492 ne
455 449 672 513 nanneno-in,
691 445 898 514 contemnanus
921 440 1088 490 inererat.
1115 425 1176 488 tut

139 545 344 634 interfuerit,
369 549 407 617 ed
434 571 561 635 carere,
589 546 689 617 modo
709 569 782 616 eam
802 544 924 615 habere
946 545 1180 638 concupiscas?

149 733 163 748 ὁ
187 681 203 718 u
228 657 331 744 Ergo,
346 657 520 748 postquam
543 655 604 722 hos
626 675 791 722 sermones
806 649 985 736 audivistis,
1003 647 1181 721 Accedite

92 806 99 812 -
141 757 195 829 od
208 785 288 830 eum
296 815 309 848 ,
333 775 368 830 et
391 759 647 831 illuminamini
655 811 664 844 ,
685 772 720 828 et
724 757 853 854 facies
868 770 1085 840 uestraenon
1100 779 1185 826 con-

136 863 341 960 fundentur
356 871 387 953 ²,
405 867 608 958 Baptismum
623 863 776 934 videlicet
800 886 871 933 nou
889 875 1055 932 assecutae.
1074 867 1184 956 Atque

140 970 413 1043 illuminationem
430 972 599 1063 suscipite,
617 969 766 1063 quandiu
781 993 840 1062 per
854 983 984 1062 tempus
1005 968 1100 1055 licet,
1120 967 1165 1042 N
1164 991 1184 1038 e

139 1081 237 1148 cosa
261 1078 428 1170 Baptismo
451 1078 631 1170 disjunctos
654 1073 810 1146 tenebrae
835 1073 1183 1168 comprehendam.

144 1181 261 1257 Venit
280 1209 369 1272 non,
387 1182 535 1276 quondo
558 1207 662 1255 nemo
680 1197 802 1277 potest
816 1185 966 1277 operari
978 1186 1004 1270 ³,
1026 1183 1184 1254 nimirum

138 1306 214 1384 post
224 1291 402 1362 discessum
413 1315 452 1360 ex
464 1291 526 1360 haic
535 1291 614 1362 vita.
629 1289 689 1360 Illa
703 1290 835 1360 Davidis
851 1313 918 1362 vox.
931 1303 1001 1381 est,
1016 1291 1087 1360 haec
1098 1313 1185 1361 verae
1307 1374 1310 1381 Ι

67 1423 73 1429 ·
139 1397 231 1468 illius
253 1397 352 1485 lucis,
387 1399 478 1490 Quae
504 1420 647 1468 omnem
671 1395 852 1474 hominem
875 1399 913 1468 in
936 1395 1110 1468 mundum
1127 1421 1187 1468 ee·
1222 1393 1225 1396 ’

140 1505 487 1577 nientemzlluminnt
496 1509 519 1576 ⁴.
532 1507 721 1576 Existimate
732 1506 912 1578 Salomonis
920 1507 971 1577 his
979 1508 1086 1576 verbis
1094 1507 1185 1576 iner-

140 1605 221 1682 tiam
241 1637 279 1682 ac
293 1613 475 1694 socordiam
490 1627 632 1684 vestram
649 1615 767 1705 acriter
780 1610 933 1686 insectari
955 1644 963 1684 ι
991 1613 1188 1708 Quousque

55 1815 58 1818 ι
140 1716 288 1788 tandem
297 1721 404 1816 piger
409 1713 584 1816 jacebis?
602 1717 749 1811 quando
763 1743 959 1816 consurges
974 1721 999 1790 ti
1014 1743 1140 1791 somno
1153 1722 1186 1789 ⁵?
1211 1763 1215 1771 ·

49 1823 53 1829 ’
138 1827 211 1894 Hoc
227 1837 260 1893 et
275 1823 360 1894 illud
381 1826 542 1911 causaris,
560 1840 661 1920 atque
677 1823 853 1896 Excuses
867 1821 1125 1916 'excusationes
1147 1827 1185 1895 in
1237 1893 1239 1897 ,
1297 1817 1301 1822 ’

133 1932 298 2022 peccatis
318 1935 342 1999 ⁶.
370 1933 550 2000 Luminnm
569 1931 658 2001 diem
681 1945 817 2024 expecto
842 1962 850 2003 ε
878 1927 1041 2003 Paschatis
1064 1932 1185 2004 festum

136 2035 240 2128 pluris
258 2035 342 2108 facio
361 2067 368 2106 ε
384 2043 610 2131 Pentecostem
626 2039 816 2130 expectabo.
836 2042 921 2109 Cum
937 2040 1067 2110 Christo
1081 2041 1117 2108 in
1131 2063 1184 2108 re-

110 2203 114 2210 .
137 2145 346 2214 surrectionis
362 2143 416 2214 die
431 2145 468 2213 in
483 2145 585 2214 vitam
607 2144 713 2213 redire
739 2173 746 2214 :
766 2145 908 2236 ¹Spiritris
924 2145 1104 2216 adventurn
1119 2147 1184 2216 ho·

136 2274 265 2320 notare.
281 2251 370 2334 Quid
378 2254 509 2344 postea?
518 2253 627 2320 veniet
636 2253 772 2344 repente
781 2253 857 2322 vitae
866 2253 940 2321 finis
950 2254 985 2322 in
995 2253 1048 2334 die
1060 2308 1068 2339 ,
1081 2277 1182 2347 quam

136 2381 205 2426 non
219 2371 380 2450 expectas,
399 2372 433 2426 et
447 2358 481 2426 in
493 2358 585 2442 hori,
605 2380 704 2451 quam
714 2358 845 2449 ignoras
860 2387 868 2428 ι
883 2383 921 2427 ac
933 2358 1006 2427 tinu
1015 2358 1180 2444 adveniet,

136 2466 230 2558 quasi
246 2465 353 2538 malus
362 2466 478 2550 viator,
495 2466 606 2557 gratiae
621 2465 744 2558 inopia,
760 2467 903 2560 atquem
916 2467 1014 2536 tantis
1027 2467 1184 2537 bonitatis
1352 2543 1355 2554 ,

136 2572 256 2664 opibus
264 2573 359 2652 ‚lame
379 2572 553 2670 laborabis.
579 2572 644 2644 Sed
663 2569 852 2660 faciendum
875 2573 936 2642 tibi
956 2588 1025 2660 est,
1043 2587 1082 2643 ut
1100 2597 1184 2644 con·
1266 2561 1267 2568 ἵ

135 2679 236 2746 traria
252 2701 310 2768 per
329 2677 491 2746 contraria
510 2677 660 2765 colligas,
678 2699 817 2745 messem
831 2680 951 2769 nempe
967 2703 1024 2769 per
1040 2679 1184 2771 diligen·
1248 2677 1251 2680 ’

135 2786 217 2854 tiam
239 2797 273 2850 et
288 2782 656 2874 industriam,‘sitisque
680 2783 926 2853 restinctionem
951 2807 1009 2876 per
1033 2785 1183 2873 fontem,

111 2905 114 2908 “
136 2903 256 2985 atque,
281 2889 400 2960 instar
416 2889 513 2959 cerei
531 2892 542 2930 ⁷
566 2888 753 2980 gravissimi
773 2889 827 2959 siti
841 2889 1038 2977 laborantis,
1063 2895 1183 2984 magna

134 2997 304 3068 celeritate
329 2998 372 3066 ad
395 2996 503 3068 fontes
527 3020 694 3084 accurras,
722 3011 991 3092 contractamque
1020 2999 1184 3071 currendo

135 3101 363 3194 fatigationem
378 3103 464 3196 aqua
479 3107 663 3194 extinguas,
677 3118 880 3191 nouantem,
898 3118 937 3174 ut
952 3104 1081 3174 Ismae'li
1099 3104 1187 3176 acci?

136 3209 199 3296 dit,
217 3233 312 3302 aquae
327 3209 438 3300 inopiis
454 3232 634 3298 exarescas3
648 3223 719 3295 aut,
737 3211 828 3302 quod
843 3215 950 3303 poetae
965 3209 1179 3300 fabulantur,

135 3316 173 3386 in
187 3315 296 3386 medio
311 3313 404 3390 fonte
423 3304 479 3382 siti
493 3315 657 3384 crucieris.
675 3315 831 3385 Miserum
847 3317 1005 3402 est,ci1m
1022 3318 1183 3388 nundinae

137 3422 325 3502 effluxerint
335 3475 344 3506 ,
356 3417 571 3490 tirmdemirm
580 3421 836 3510 negotiationem
849 3445 1007 3514 quaerere.
1026 3426 1182 3494 Miserum

137 3544 197 3616 est,
217 3529 293 3600 crim
318 3551 438 3598 manna
455 3527 659 3620 praeterierit,
674 3525 747 3597 tiim
760 3529 873 3598 cibum
895 3545 1060 3622 appetere.
1082 3533 1183 3602 Mise-

136 3660 213 3706 rum
228 3652 288 3720 est,
301 3635 595 3706 serumeousilium
607 3654 734 3729 capere,
752 3659 790 3708 a'c
801 3637 873 3708 tritu
890 3636 1003 3706 damni
1018 3659 1120 3710 sensu·
1131 3639 1181 3710 af·

137 3745 204 3827 fici,
219 3742 295 3824 cum
317 3741 408 3810 nulla
427 3745 495 3835 jam
519 3743 645 3814 ratione
663 3757 834 3836 acceptum
850 3743 1098 3816 incommodum
1114 3770 1183 3816 sar·
1222 3799 1224 3804 -

187 3891 272 3941 ¹Psal.
292 3905 376 3952 xxxnr,
397 3889 576 3967 61-1210an.
605 3909 654 3957 ιιι,
673 3909 697 3958 7.
713 3916 745 3927 -
763 3889 825 3941 ³1d.
841 3909 876 3956 rx,
894 3891 919 3956 lp.
936 3869 967 3927 ἕ-
985 3889 998 3939 l
1017 3893 1054 3942 id.
1069 3909 1087 3956 1,
1108 3910 1133 3958 9.
1149 3919 1181 3931 -

140 3973 234 4026 ⁵Prov.
248 3991 316 4040 vr,9.
331 3999 363 4024 2-
377 3969 389 4008 ⁶
404 3973 462 4027 eset.
478 3989 532 4040 cau,
547 3975 572 4040 lt
587 4001 618 4012 -
632 3987 643 4030 7
656 3976 692 4025 id.
711 3993 758 4036 un,
772 3988 796 4026 2.
817 4026 819 4032 ,
871 3997 886 4055 -Ι
1034 3982 1038 3988 ’
1182 3995 1185 4002 ’
