2982 4584
244 417 346 466 etrus
367 419 413 466 vr.
437 417 488 464 us,
502 416 714 464 samsonem
727 415 936 463 emeremus
958 413 1125 468 tunitius.
1151 397 1214 468 4⁸71

177 520 240 593 hle
255 517 357 610 igitur
365 513 484 606 frigide
496 513 705 586 excusatione
720 511 869 599 liberati,
887 535 931 582 ne
944 513 1053 608 lapsos
1062 519 1219 612 respicis·

177 642 272 712 mus,
289 621 347 694 sed
361 619 449 693 recte
464 642 500 694 se
514 627 684 711 gerentes,
701 631 735 686 et
749 617 940 688 studeamus
953 625 1123 714 praeeunde
1130 617 1221 722 jejo-

166 733 503 810 niimonumentum
528 722 662 794 referre.
690 727 734 794 llt
755 725 842 796 sicut
863 731 1091 819 sepmnnem
1116 734 1221 804 testi-

175 853 327 912 mentum
342 835 475 928 adepti,
491 831 547 904 vel
556 853 700 920 servum,
717 831 771 903 vel
781 855 838 906 vas
852 834 1046 926 pretiosum,
1066 841 1222 932 temporis

177 945 437 1038 reminiscimur,
459 952 494 1010 et
511 938 630 1010 mutud
644 937 807 1016 dicimus:
826 941 965 1012 Servum
979 937 1075 1012 illum
1091 941 1151 1014 tali
1165 963 1221 1018 so·-
1259 947 1263 952 ’

107 1059 115 1072 “
164 1047 439 1132 ,lemnitateemi
451 1045 684 1118 vestimentum
697 1047 762 1116 hoc
773 1044 833 1116 teli
845 1050 1033 1140 comparavi
1049 1063 1219 1145 ternpore:

176 1161 224 1230 ite
238 1153 374 1251 quoque
389 1153 416 1224 si
430 1152 538 1245 legem
552 1152 638 1222 hano
652 1150 916 1246 impleverimus,
933 1153 1080 1228 dicemus
1097 1181 1106 1229 r
1123 1159 1224 1232 Just·

177 1280 329 1341 mentum
344 1263 407 1334 hie
422 1259 548 1334 correxi
565 1259 835 1356 quadragesimi3
850 1262 1012 1335 hactenns
1026 1266 1116 1337 enim
1128 1267 1223 1362 jura-

177 1376 279 1466 bam,
296 1386 330 1442 et
345 1369 414 1444 soli
428 1369 651 1443 admonitione
666 1363 801 1457 aude,
826 1384 964 1464 peccato
981 1373 1138 1448 abstinui.
1158 1368 1224 1448 ssd

178 1503 230 1554 res
244 1494 293 1551 est
306 1492 457 1552 correcto
466 1477 612 1548 difficilis.
622 1477 840 1550 consuetudo.
849 1480 935 1552 Novi
945 1479 980 1550 e't
989 1498 1064 1574 ego,
1078 1495 1112 1554 et
1122 1499 1223 1577 prop-

179 1589 269 1660 terei
277 1587 396 1659 festino
406 1609 463 1658 vos
471 1586 507 1656 in
519 1583 618 1656 aliam
628 1583 904 1657 consuetudinem
914 1588 1081 1660 summat
1090 1589 1223 1662 lucrum

177 1696 355 1776 habentem
370 1694 540 1765 inducere.
553 1693 640 1766 (lium
655 1695 744 1764 enim
758 1694 878 1766 dixeris
888 1718 898 1768 e
907 1696 1224 1769 Difficilelteonsue

177 1804 295 1874 tudine
312 1802 465 1875 desisto:
483 1803 659 1895 propterel
674 1801 828 1873 desistere
842 1803 974 1892 lebera,
987 1805 1080 1876 oertd
1097 1807 1223 1895 sciens,

169 1910 270 2004 *qued
288 1911 316 1978 si
330 1909 395 1980 tibi
409 1908 507 1980 aliurn
521 1931 591 1980 non
605 1905 740 2002 jurandi
753 1907 1027 1982 consuetudinem
1048 1911 1223 2001 indixeris,

177 2016 303 2089 nullius
316 2015 440 2088 laboris
450 2014 592 2110 amplids
606 2013 781 2106 indigebis.
799 2011 890 2100 Quid
904 2011 1070 2088 difficilius
1086 2029 1156 2096 nen
1168 2021 1227 2114 ju-

177 2147 272 2211 rare,
299 2146 342 2193 an
356 2141 416 2216 per
429 2136 539 2194 totum
553 2121 644 2194 diem
656 2121 800 2194 inediam
815 2124 904 2217 pati,
921 2137 956 2202 et
971 2141 1069 2220 aquae
1085 2137 1170 2218 potu
1192 2141 1227 2202 et

177 2232 272 2302 tenni
282 2231 374 2302 victu
388 2227 525 2300 siccari?
539 2229 677 2304 Certum
686 2242 744 2300 *est
758 2230 827 2301 lroe
838 2229 898 2302 illo
912 2231 1041 2323 gratim
1056 2249 1148 2305 esses
1166 2233 1225 2307 sed

177 2354 290 2410 tamen
304 2336 513 2408 consuetudo
527 2357 578 2406 res
603 2349 652 2406 est
670 2335 741 2408 tim
755 2333 860 2408 suellis
876 2351 911 2408 et
923 2336 1097 2431 expedito,
1115 2351 1154 2410 ut
1169 2340 1228 2410 atl-

177 2446 332 2519 veniente
340 2443 492 2540 jejunio,
510 2443 570 2514 etsi
584 2441 703 2514 millies
717 2444 791 2538 quis
806 2444 998 2516 exhortetur
1011 2458 1046 2515 et
1059 2457 1156 2538 cogat
1173 2442 1226 2517 vi-

170 2578 267 2626 num
282 2553 453 2639 delibare,
476 2551 643 2624 velalind
657 2547 741 2646 quid
755 2553 874 2649 jejunii
888 2553 973 2648 dege
996 2567 1066 2626 non
1088 2569 1227 2645 conces

178 2681 252 2732 sum
267 2671 418 2751 gustare,
437 2657 548 2727 omnia
566 2659 640 2750 quis
662 2657 776 2727 mallet
791 2660 877 2750 pati,
898 2657 1001 2752 quam
1019 2661 1228 2754 prohibitum

179 2785 310 2838 sumere
328 2763 598 2848 nutrimentum:
623 2777 658 2833 st
682 2765 749 2834 lroc
775 2762 853 2834 sitm
877 2781 947 2834 non
966 2757 1133 2837 illibenter
1148 2770 1227 2862 erga

170 2896 326 2946 mensam
338 2873 450 2956 affecti
468 2873 585 2960 simus,
602 2885 716 2943 tamen
730 2885 867 2970 prepter
881 2874 1169 2964 consuetudinem,
1188 2897 1228 2944 ex

168 2980 395 3068 consciendi,
413 2979 523 3050 omnia
539 2977 698 3072 generose
713 2978 851 3050 ferimus
863 2976 1067 3052 ‘laborando
1088 2983 1160 3051 Hoc
1175 2981 1235 3051 ni·-

167 3088 301 3160 minim
316 3101 351 3158 et
364 3089 400 3157 io
409 3087 608 3158 iuramentis
618 3079 686 3157 'erit
699 3115 708 3158 ι
722 3099 757 3158 et
771 3087 856 3159 sicut
870 3103 962 3158 nnnc
973 3139 983 3176 ,
996 3087 1024 3157 sl
1038 3087 1112 3182 quis
1128 3087 1227 3165 etiam

172 3197 356 3268 maximam
375 3197 603 3266 necessitatem
621 3197 794 3290 imponet,
816 3213 988 3290 permanes
1013 3195 1228 3267 consuetudi-

106 3325 112 3328 ·
179 3327 257 3376 nem
269 3323 399 3374 servans
411 3327 420 3374 ε
434 3302 481 3390 sie
495 3315 530 3372 et
539 3314 634 3388 tnnc,
651 3303 678 3372 si
689 3300 874 3398 qmsetiam
888 3299 1006 3380 millies
1021 3302 1225 3388 exhortetur,
1310 3391 1312 3394 Ι

179 3407 704 3485 tconsuetudinenonabsistes.
1139 3477 1145 3483 .

236 3546 254 3586 o
274 3522 418 3600 Domum
435 3517 536 3610 igitur
557 3513 748 3609 profectus,
769 3513 923 3586 omnihus
941 3515 1014 3586 hoec
1042 3513 1228 3586 domesticis

179 3628 319 3723 loquere
335 3653 343 3697 a
361 3641 395 3696 et
407 3626 493 3698 sieut
509 3623 597 3718 saepe
611 3621 709 3693 multi
724 3639 765 3692 ex
775 3633 871 3716 prato
886 3623 1090 3710 recedentes,
1105 3642 1226 3709 rosam,

180 3735 235 3808 vel
250 3734 390 3820 violam,
409 3731 464 3828 vel
479 3731 670 3828 quempiam
685 3729 803 3800 talium
821 3731 943 3802 florum
957 3730 1111 3824 capiunt,
1127 3741 1161 3800 et
1174 3730 1227 3802 di·

182 3843 258 3936 gitis
282 3838 550 3910 circumferentes
575 3835 760 3908 recedunt:
782 3836 837 3907 alii
850 3839 929 3909 verb
944 3861 983 3908 ex
992 3833 1148 3910 viridario
1164 3838 1227 3909 do-

181 3971 275 4046 mum
291 3949 468 4032 abeuntes,
488 3949 645 4019 arborum
668 3965 776 4016 ramos
789 3943 916 4020 fructus
929 3947 1089 4018 habentes
1109 3967 1228 4037 repor-

782 4323 797 4358 t
