2996 4598
253 411 355 458 ctaua
378 415 427 456 rrr.
453 414 494 457 ns
517 407 767 457 aanrtntarouu
789 411 832 457 tn
853 413 1117 464 concrorttnnmr.
1143 401 1209 462 ν39
1329 381 1332 390 ’

170 511 307 582 hoedus?
323 509 484 604 numquid
500 533 568 581 non
580 509 642 581 bos
656 509 710 582 vel
726 511 849 582 asinus?
860 514 919 584 Eia
931 513 1049 606 igitur,
1067 515 1206 603 fratres,

168 619 225 713 qui
249 633 392 712 pastores
413 617 623 698 rationalium
645 619 758 690 ovium
781 623 1037 714 nuncupamini,
1057 619 1210 696 festinate

168 726 1205 822 raperenonsophismatapaganorum,noncarminapo‘e'tarum,

166 855 235 904 non
257 831 401 903 fallacias
416 833 707 926 philosophorum,
719 830 895 926 dequibus
909 831 1059 904 doctores
1073 837 1208 908 etaudi·

166 955 252 1010 tores
261 939 422 1010 reddituri
430 953 508 1008 sunt
516 935 851 1024 rationem,sedillam
859 938 1211 1034 dulcissimamsapien·

165 1047 244 1116 tiam
254 1042 832 1138 sapientiarum,quaehaereditasDei
841 1043 1028 1114 etliliorum
1036 1047 1105 1140 ejus
1114 1047 1212 1119 chara

165 1153 323 1245 possessio
339 1165 564 1244 nuncupatur.
584 1153 663 1219 llaec
677 1163 726 1219 est
744 1148 801 1220 illa
820 1148 971 1222 doctrina
987 1155 1214 1244 superomnia

164 1258 349 1351 diligenda,
360 1281 462 1351 quarn
474 1258 646 1349 Prophetas
656 1253 891 1348 praedixerunt,
902 1279 1003 1351 quam
1013 1259 1211 1330 Patriarchae

162 1364 535 1447 divinitushausarunr‚
554 1363 656 1456 quam
671 1362 731 1432 Dei
746 1361 864 1449 Filius,
879 1365 1054 1458 postquam
1068 1366 1104 1434 in
1117 1367 1216 1440 terris.

162 1470 256 1540 visus
271 1483 304 1538 et
318 1490 393 1538 cunr
414 1469 602 1540 hominibus
613 1482 823 1541 conversatus
835 1483 899 1556 ost,
913 1473 1047 1562 Japerurt
1058 1484 1091 1540 et
1102 1472 1212 1543 decla-

163 1575 267 1662 ravit,
286 1573 412 1669 etquid
424 1575 606 1644 tenendum
621 1589 655 1644 et
666 1573 748 1668 quid
763 1575 934 1646 vitandum
944 1578 1141 1670 apertissime
1153 1580 1213 1648 de·

161 1684 375 1768 monstravit,
392 1696 425 1752 et
440 1705 500 1776 per
510 1705 585 1752 suos
601 1681 775 1776 Apostolos
789 1707 849 1754 nos
858 1684 963 1777 ipsam
974 1684 1126 1756 docendo
1139 1687 1213 1763 illu-

163 1790 313 1860 minavit.
333 1795 412 1859 Haec
427 1803 476 1859 est
488 1804 593 1859 mater
607 1787 768 1876 fidelium,
781 1815 857 1884 quae
866 1792 1015 1884 quotidie
1035 1791 1133 1863 docet
1152 1817 1213 1865 nos
1257 1823 1258 1828 ¹

165 1899 336 1992 quomodo
350 1897 521 1966 credamus
536 1900 640 1967 Deum
656 1919 725 1966 esse
739 1891 1016 1989 omnipotentem,
1043 1902 1213 1991 quomodo
1240 1907 1245 1916 '

165 2007 275 2098 ipsum
289 2004 477 2074 videbimus
490 2004 525 2073 in
545 2003 620 2072 sede
631 2003 806 2096 majestatis
814 2005 1021 2091 venientem,
1043 2006 1214 2099 quomodo

165 2112 262 2182 bonis
284 2112 372 2180 bona
385 2125 419 2180 et
433 2108 519 2179 mala
534 2108 628 2178 malis
637 2094 838 2179 tribuentem
855 2109 1052 2182 videbimus
1069 2117 1149 2185 flaec
1163 2128 1212 2184 est

166 2219 302 2290 lucerna
317 2219 443 2311 pedum
454 2231 641 2288 nostrorum
653 2231 686 2286 et
698 2215 749 2286 via
758 2217 870 2288 salutis
882 2233 1015 2306 nostrae,
1027 2220 1063 2290 in
1072 2222 1211 2314 qudins-

166 2327 309 2395 truimur
331 2322 502 2420 quomodo
518 2323 624 2415 primo
644 2327 750 2391 Deum
770 2326 993 2416 superomnia
1017 2325 1210 2418 diligamus,

166 2431 337 2525 quomodo
352 2431 493 2500 animam
504 2442 648 2499 nostram
658 2429 870 2520 postmodum
885 2431 969 2500 sicut
984 2432 1064 2526 quid
1075 2435 1212 2526 propin-

166 2540 283 2633 quius,
300 2539 470 2633 quomodo
482 2535 693 2630 postmodum
706 2538 849 2608 animam
864 2540 1017 2632 proximi,
1043 2543 1212 2635 quomodd

166 2647 380 2739 postmodum
417 2667 536 2738 corpus
570 2645 758 2736 proprium,
789 2639 959 2736 quomodo
979 2649 1211 2740 ¹postmodum

167 2776 286 2846 corpus
314 2751 452 2844 proximi
476 2749 567 2820 velut
590 2762 739 2817 nostrum
763 2749 947 2840 diligamus.
969 2759 1034 2823 Iste
1050 2769 1099 2825 est
1124 2758 1212 2826 enim
1282 2835 1284 2840 ,

167 2857 331 2952 perlectus
344 2857 479 2942 modus,
492 2860 609 2941 Deum,
620 2877 680 2923 nos
695 2867 729 2934 et
742 2855 929 2946 proximum
941 2855 1112 2948 diligendi.
1131 2865 1212 2932 Haec

168 2980 216 3035 est
230 2965 287 3034 illa
297 2987 386 3034 sacra
402 2963 576 3055 sapientia,
593 2985 669 3056 quae
684 2983 723 3030 ex
738 2985 795 3032 ore
810 2961 965 3032 Altissimi
980 2964 1119 3056 prodiit,
1137 2968 1210 3058 phi·

168 3069 331 3165 losophis,
348 3069 549 3163 sophisticis,
572 3068 742 3160 astrologis
756 3069 891 3139 curiosis
903 3083 936 3140 et
945 3069 1121 3142 dialecticis
1135 3073 1212 3142 abs-

168 3175 321 3270 condita,
339 3178 397 3246 sed
418 3175 550 3266 grossis,
568 3173 705 3244 rudibus
714 3175 930 3268 piscatoribus
942 3177 1094 3248 revelata.
1112 3183 1213 3252 Num·

168 3285 249 3378 quid
261 3308 329 3355 non
340 3284 480 3352 ethodie
493 3283 593 3352 etiam
604 3281 712 3352 solitrn
721 3281 864 3374 parvulis
874 3285 1056 3355 revelatur?
1070 3291 1149 3357 llaec
1164 3301 1213 3358 est

168 3393 319 3465 omniurn
334 3391 567 3483 sapientiarum
582 3403 616 3458 et
630 3377 854 3459 doctrinarum
866 3391 1019 3481 magistra
1034 3405 1067 3460 et
1078 3391 1212 3464 domina

168 3523 243 3590 quae
259 3499 358 3567 etiam
372 3521 433 3566 nos
448 3497 547 3566 docet
562 3495 702 3564 exterius
718 3493 857 3565 blandos
869 3509 902 3564 et
922 3496 1059 3567 interius
1072 3497 1211 3569 fraudu·

169 3585 1211 3696 lentoscognoscere.llaecestscientiascientiarum,Angelorum
1236 3678 1237 3682 ,

171 3709 347 3796 ferculum,
361 3708 648 3802 Archangelorum
662 3708 886 3802 pulmentum,
901 3710 1133 3801 Apostolorum
1144 3710 1215 3804 glo·

172 3817 230 3904 ria,
247 3819 509 3886 P-atriarcharunr
526 3814 664 3902 fiducia,
677 3815 918 3908 Prophetarum
932 3839 1016 3910 spes,
1028 3821 1213 3909 Martyrum

172 3943 314 4010 corona,
331 3923 503 4012 Virginum
517 3919 697 4004 fortitudo,
708 3921 946 3992 monachorum
958 3923 1110 4011 refectio,
1124 3925 1211 4016 epis-
