2984 4580
257 446 358 492 curor
381 449 428 491 vr.
454 447 495 490 ur
512 443 669 488 uuruono
693 441 726 484 ru
751 439 958 484 concrournus
973 435 1139 482 luuram.
1167 415 1257 493 429,

192 546 415 616 secutionibus
434 557 545 630 terrae,
563 541 621 611 sed
636 552 727 632 patet
742 537 883 628 coelum,
900 537 1043 606 minatur
1057 537 1232 607 antichris-

192 667 265 740 tus,
284 651 341 722 sed
361 652 508 722 Christus
527 647 644 718 'tuetur
659 675 668 736 3
686 667 774 714 mors
794 642 954 730 infertur,
971 643 1028 713 sed
1047 643 1233 714 immortale

192 759 356 852 sequitur,
373 757 480 828 occiso
497 753 642 824 mundus
654 753 807 844 eripitur,
827 749 885 820 sed
904 750 1055 821 restituto
1070 752 1234 842 paradisus

192 865 383 954 exhibetur3
404 865 470 934 vita
488 859 673 954 temporalis
689 858 907 950 extinguitur,
926 855 984 926 sed
1001 871 1123 927 aeterna
1138 881 1235 951 repa·

192 986 295 1042 ratur.
319 979 448 1054 Quanta
464 966 513 1037 cs't
528 965 670 1058 dignitas
691 978 724 1034 et
741 977 866 1058 quanta
879 963 1033 1033 securitas
1052 963 1140 1034 exire
1158 964 1236 1035 hinc
1257 1001 1260 1010 ·

193 1081 332 1164 laetum,
357 1077 443 1147 exire
465 1076 552 1144 inter
583 1095 749 1166 pressuras
775 1086 809 1141 et
843 1072 1008 1164 angustias
1028 1071 1238 1162 gloriosum?

195 1185 349 1258 claudere
363 1185 400 1252 iu
414 1195 583 1253 momento
598 1179 723 1266 oculos,
740 1179 862 1274 quibus
877 1180 1027 1248 homines
1041 1179 1239 1249 videbantur
1334 1167 1339 1176 ⁸

196 1311 230 1366 et
244 1279 406 1378 mundus,
429 1305 462 1361 et
483 1291 608 1383 aperire
625 1288 756 1360 eosdem
781 1287 907 1373 statim,
927 1301 966 1355 ut
985 1291 1071 1356 Deus
1091 1281 1245 1356 videatur·
1304 1315 1306 1322 ⁴

198 1386 494 1471 etGhristus‘ll'am
503 1395 642 1466 feliciter
651 1393 813 1487 migrandi
821 1407 944 1488 quauta
952 1392 1125 1463 velocitas?
1135 1394 1241 1463 Terris

198 1507 334 1600 repente
358 1503 577 1588 subtraheris,
601 1503 696 1570 utin
720 1501 828 1591 reguis
851 1499 1039 1569 coelestibus
1060 1501 1238 1591 reponaris.

200 1617 280 1684 llaec
295 1624 425 1705 oportet
444 1621 555 1678 ruente
575 1623 608 1678 et
628 1607 826 1706 cogitatione
842 1604 1034 1698 complecti,
1052 1606 1123 1675 haec
1139 1605 1194 1674 die
1209 1619 1243 1675 et

199 1735 296 1790 nocte
308 1717 470 1788 meditari.
491 1716 523 1786 si
539 1713 639 1784 talem
651 1714 813 1783 invenerit
822 1713 1006 1805 persecutio
1019 1713 1079 1782 Dei
1090 1712 1240 1798 militem,

201 1825 290 1894 vinci
304 1847 373 1893 non
393 1822 514 1915 poterit
532 1819 636 1890 virtus
655 1818 697 1886 ad
713 1817 863 1911 praelium
879 1834 1052 1911 prompta,
1068 1818 1122 1888 vel
1141 1819 1167 1887 si
1187 1843 1242 1888 ac-

201 1933 330 2003 cersitio
345 1932 421 2001 ante
434 1927 642 2022 praevenerit,
661 1927 730 1995 sine
746 1926 882 2018 praemio
900 1949 968 1997 non
984 1928 1046 1996 erit
1061 1928 1154 2013 fides,
1169 1951 1244 2022 quae

201 2052 271 2109 erat
286 2037 326 2108 ad
340 2037 535 2127 martyrium
550 2049 743 2127 praeparata.
764 2033 840 2102 sine
856 2032 980 2104 damno
992 2035 1148 2126 temporis
1159 2057 1246 2104 mer·

202 2170 267 2232 ces,
276 2144 389 2240 judice
401 2149 483 2230 Deo,
499 2139 665 2230 redditur,
680 2141 715 2208 in
729 2141 956 2232 persecutione
970 2140 1098 2228 militia,
1116 2142 1151 2210 in
1166 2165 1246 2235 pacc
1364 2199 1365 2202 ,

203 2253 403 2324 couscientia
413 2263 591 2322 coronatur
604 2253 627 2316 ¹.
648 2275 665 2314 s
699 2263 700 2269 ’
832 2258 835 2262 ’
1310 2255 1313 2260 “

249 2364 328 2428 llaec
339 2372 451 2428 autem
462 2357 541 2427 licet
552 2354 757 2448 suspicienda
767 2356 887 2447 cuique
899 2367 933 2425 et
942 2354 1107 2426 laudanda
1116 2379 1248 2446 magno-

204 2468 283 2562 pere
302 2463 489 2550 videantur,
507 2462 676 2534 obscurari
692 2475 803 2531 tamen
826 2459 971 2555 quodam
989 2461 1090 2555 modo
1113 2462 1248 2532 dixerim

206 2591 273 2646 tarn
284 2573 406 2644 celebri
416 2572 471 2642 itta
481 2571 700 2657 Peroratione,
713 2571 778 2664 qua
789 2569 875 2640 libro
886 2571 929 2642 de
942 2570 1142 2665 Spectaculis,
1150 2572 1250 2640 finem

207 2679 349 2774 imponit
363 2677 583 2747 Tertullianus
602 2706 610 2746 ι
1270 2689 1272 2693 ·

257 2785 405 2854 «Odisse
420 2785 580 2854 debemus
596 2784 673 2852 istos
679 2795 862 2850 conventus
868 2796 902 2850 et
916 2797 1023 2853 eoetus
1030 2787 1249 2872 ethnicorum,
1352 2853 1357 2862 ,

210 2890 264 2963 vel
273 2889 365 2986 qudd
376 2888 443 2960 illic
459 2913 580 2959 nomen
594 2888 653 2958 Dei
664 2886 922 2981 blasphematur,
934 2887 1001 2958 illic
1016 2890 1050 2958 iu
1066 2913 1125 2961 nos
1140 2892 1253 2985 quoti-

212 2999 424 3091 dianileones
442 2996 706 3092 expostulentur,
723 2995 802 3066 inde
814 2997 1056 3091 persecutiones
1068 2998 1254 3069 decernun-

213 3105 365 3194 tur,inde
375 3105 572 3176 tentationes
583 3103 911 3188 emittuntur...Quid
921 3103 1019 3175 facies
1030 3106 1065 3174 in
1075 3103 1132 3176 illo
1142 3107 1257 3176 suffra·
1305 3122 1309 3127 ·

215 3210 530 3306 giorumimpiorum
541 3213 692 3282 aestuario
702 3213 1018 3305 deprehensus‘lnon
1033 3215 1125 3308 quasi
1134 3215 1258 3309 aliquid

214 3323 282 3394 illic
298 3323 367 3416 pati
376 3323 485 3416 ,possis
502 3321 544 3389 ab
559 3321 749 3390 hominibus
769 3349 777 3390 ε
797 3343 894 3389 uerno
909 3333 942 3389 te
959 3323 1126 3413 cognoscit
1146 3325 1259 3395 Chris·
1349 3319 1351 3323 ’

217 3431 358 3500 tiauum'.
386 3428 451 3502 Sed
471 3429 615 3519 recogita
641 3426 724 3520 quid
747 3425 920 3500 detestat
944 3429 978 3496 in
1001 3429 1097 3500 coelo.
1125 3430 1260 3500 Dubitas
1284 3457 1287 3462 ·

218 3537 305 3606 enim
318 3536 377 3607 illo
391 3548 573 3620 momento,
590 3557 657 3628 quo
674 3532 826 3602 diabolus
837 3533 872 3612 in
887 3533 1067 3604 Ecclesiam
1080 3535 1173 3624 furit,
1191 3559 1260 3607 om·
1370 3589 1372 3592 .
1449 3595 1452 3604 .

220 3669 278 3716 nes
305 3644 438 3738 angelos
461 3643 645 3738 prospicere
665 3641 708 3711 de
727 3642 831 3730 coelo,
860 3655 894 3711 et
918 3641 1063 3734 singulos
1087 3645 1260 3732 denotare,

222 3753 296 3847 quis
318 3750 555 3845 blasphemiam
579 3749 711 3836 dixerit,
733 3750 806 3842 quis
830 3748 987 3834 audierit,
1008 3750 1082 3844 quis
1097 3751 1260 3844 linguam,

223 3861 298 3954 quis
326 3881 419 3928 aures
447 3857 582 3928 diabolo
608 3856 761 3928 adversus
781 3861 886 3927 Deum
918 3858 1166 3930 ministraverit?
1190 3865 1264 3932 Non

260 4001 268 4029 ¹
283 3994 308 4042 S.
322 3994 394 4057 Cypr.
406 3987 545 4041 delixlrort.
561 3959 665 4053 ulai-tyr.
1202 3967 1205 3971 .
