2992 4590
286 451 349 512 208
433 461 612 512 aaaroxmt
634 464 660 510 s.
685 463 844 528 aranon,
869 465 945 514 raas
968 467 1015 530 ιι,
1040 469 1125 538 saer.
1151 471 1175 514 1.

285 565 389 635 virtus
404 578 560 657 exuperat
569 617 578 650 ‚
587 563 630 634 'et
645 565 838 657 magnitudo
853 563 977 636 laudati
1002 595 1010 635 :
1033 566 1145 658 sicque
1159 564 1248 633 rinei
1267 587 1326 634 no-

285 669 338 742 bis
352 684 400 739 est
414 669 521 740 multh
534 669 713 760 gloriosius,
732 673 831 764 quam
845 672 931 763 saepe
942 671 1055 740 vicisse
1072 673 1095 738 ¹.
1110 697 1127 734 a

330 777 470 847 Vide-ne
481 776 661 871 quomodo,
675 776 910 856 commendatis
927 776 1020 847 Pauli
1034 775 1224 862 virtutibus,
1236 797 1327 844 suam

285 885 467 956 orationem
482 884 710 971 commendet,
728 885 921 978 animosque
935 908 1004 977 prae
1024 883 1241 955 dicendorum
1257 896 1327 952 stu·

284 991 341 1062 dio
353 1005 478 1062 erectos
493 991 691 1084 suspendere
702 992 876 1061 videatur?

331 1103 375 1168 11.
399 1102 475 1170 Non
483 1097 592 1166 minirs
600 1112 710 1168 autem
722 1122 762 1167 ex
770 1112 955 1192 temporum
966 1097 1217 1168 circumstantiis
1230 1097 1329 1190 quam

285 1229 327 1274 ex
355 1205 403 1272 rei
429 1205 606 1274 visceribus
634 1203 766 1274 dicendi
798 1205 969 1298 quaerebat
999 1203 1221 1296 principium,
1254 1191 1330 1272 cum

285 1313 405 1382 Christi
427 1333 579 1404 suprema
607 1313 785 1382 certamina
811 1311 914 1382 biduo
929 1313 1010 1381 anth
1036 1309 1159 1380 Pascha
1182 1308 1330 1404 celebxa7

286 1433 400 1503 turus,
415 1419 524 1487 aiebat
539 1449 546 1488 :

335 1555 351 1592 a
376 1529 512 1595 Festum
520 1525 620 1597 hodie
630 1527 757 1617 agimus
767 1540 800 1594 et
815 1538 1028 1612 conventum,
1043 1523 1234 1608 charissimi,
1246 1545 1331 1614 quo·

288 1633 377 1702 niam
394 1635 554 1702 Dominus
570 1647 682 1702 noster
697 1623 796 1702 claiis
809 1646 856 1701 est
869 1633 958 1702 cruci
970 1633 1096 1700 affixus.
1112 1635 1226 1723 Neque
1238 1651 1334 1720 pere·

250 1807 255 1819 ,
289 1741 420 1832 grinum
438 1741 499 1810 tihi
508 1742 669 1825 videatur,
681 1741 705 1809 si
717 1740 793 1810 crim
804 1763 854 1810 res
866 1737 977 1809 odiosa
990 1751 1023 1806 et
1032 1737 1209 1809 aversanda
1219 1737 1331 1823 fuerit,

288 1870 348 1930 nos
361 1845 482 1917 festum
497 1847 584 1916 diem
597 1847 812 1917 celebremus.
831 1845 1001 1940 Ejusmodi
1023 1846 1110 1914 enirn
1126 1857 1204 1913 sunt
1223 1844 1335 1914 omnia

221 1975 224 1983 ¹
288 1953 489 2045 spiritualia,
509 1954 671 2024 contraria
686 1955 840 2022 humanae
865 1967 992 2022 naturae
1011 1981 1019 2022 ι
1037 1965 1071 2022 et
1085 1953 1209 2021 *uthoc
1229 1951 1336 2044 pnob'e

289 2085 483 2158 cognoscas,
502 2083 581 2129 crux
596 2060 685 2152 priris
702 2059 983 2129 condemnationis
996 2073 1030 2128 et
1044 2058 1196 2150 supplicii
1212 2081 1336 2127 nomen

291 2187 372 2256 erat,
389 2185 423 2240 at
437 2191 526 2237 nunc
542 2191 592 2235 res
608 2181 657 2236 est
670 2166 866 2236 venerabilis
879 2180 913 2235 et
926 2165 1161 2236 desiderabilis.
1175 2169 1265 2236 Crux
1280 2189 1337 2234 an·

289 2282 343 2350 te'a
356 2274 525 2347 dedecoris
540 2288 573 2342 et
590 2297 699 2366 poenae
715 2287 947 2366 argumentum
962 2287 1050 2363 erat3
1067 2295 1158 2342 nunc
1176 2270 1289 2363 gloriae
1303 2284 1338 2340 et

202 2421 207 2430 ·
290 2385 424 2458 honoris
436 2395 484 2450 est
495 2381 664 2463 occasio...
680 2383 767 2451 Crux
780 2393 879 2472 caput
890 2393 1011 2449 nostrae
1023 2377 1135 2448 salutis
1146 2409 1156 2468 3
1169 2401 1250 2446 crux
1261 2377 1348 2446 infr·-

291 2494 437 2563 nitorum
460 2489 625 2556 bonorum
643 2499 885 2576 argumentum.
910 2489 1048 2577 Propter
1070 2485 1156 2555 hanc
1178 2507 1257 2569 nos,
1280 2485 1340 2576 qui

291 2599 382 2691 priirs
394 2594 524 2684 inglorii
536 2605 569 2660 et
586 2593 696 2683 rejecti
708 2613 854 2677 eramus,
868 2613 957 2659 nunc
973 2591 1008 2658 in
1026 2580 1340 2660 filiorum'ordinem'

291 2703 416 2796 recepti
431 2721 552 2770 sumus.
573 2703 710 2790 Propter
722 2698 808 2766 hanc
824 2719 892 2766 non
908 2697 1097 2793 oberramus
1111 2696 1265 2788 amplius,
1282 2694 1340 2764 sed

231 2857 236 2862 -
292 2812 463 2884 veritatem
491 2806 715 2898 cognovimus.
747 2809 885 2894 Propter
908 2804 995 2872 hanc
1020 2803 1079 2897 qui
1102 2803 1187 2871 servi
1211 2802 1350 2895 peccati·

293 2913 434 3000 eramus,
449 2912 492 2982 ad
503 2902 688 2981 libertatern
697 2909 833 3003 justitiae
845 2909 944 2978 erecti
956 2931 1080 2978 sumus.
1098 2914 1237 3001 Propter
1252 2909 1339 2976 hanc

293 3043 384 3098 terra
396 3020 518 3092 coelum
534 3018 576 3086 de
592 3031 710 3087 caetero
723 3013 810 3111 lacta
824 3029 883 3084 est.
903 3019 981 3084 Haec
994 3017 1036 3085 ab
1052 3039 1161 3084 errore
1177 3039 1238 3083 nos
1253 3014 1338 3083 lihe-

293 3133 378 3204 ravit
396 3160 404 3200 :
421 3130 493 3198 h-aec
516 3124 558 3194 ad
580 3127 735 3194 virtutem
756 3123 894 3192 adduxit
918 3152 926 3192 :
947 3125 1019 3192 haec
1040 3108 1338 3193 reconciliationem

295 3241 355 3312 Dei
371 3261 448 3309 cum
466 3233 658 3304 hominibus
674 3223 816 3302 instituit
835 3261 842 3302 :
860 3233 932 3301 haec
948 3255 1012 3308 nos,
1022 3255 1063 3300 ex
1083 3229 1251 3324 profundo
1266 3255 1337 3300 ma-

295 3347 375 3422 litiae
390 3357 518 3437 ereptos
537 3341 573 3410 in
587 3341 694 3433 ipsum
710 3339 840 3408 virtutis
860 3336 1026 3428 fastigium
1042 3338 1156 3406 eduxit
1176 3367 1184 3407 :
1201 3339 1274 3407 haec
1288 3360 1340 3406 er-

297 3479 404 3526 rorem
431 3451 621 3522 daemonum
646 3447 781 3538 extinxit
808 3475 814 3513 :
838 3445 909 3514 haec
936 3441 1162 3537 deceptionem
1188 3443 1341 3514 emedio

233 3621 235 3624 .
295 3563 412 3633 tulit...
431 3565 570 3649 Propter
583 3557 669 3624 hanc
682 3551 846 3620 daemones
864 3548 1017 3644 lugiunt,
1034 3549 1252 3643 diabolusque
1268 3573 1341 3642 pro·

299 3670 443 3764 flig'atur.
466 3671 604 3756 Propter
619 3662 705 3728 hanc
725 3659 871 3727 humana
891 3671 1101 3732 naturacum
1127 3657 1276 3750 angelici
1290 3658 1346 3726 vi·

297 3776 397 3849 vendi
421 3761 547 3844 ratione
563 3764 745 3838 contendit.
771 3770 908 3858 Propter
931 3766 1017 3834 hanc
1035 3764 1203 3856 virginitas
1219 3766 1255 3834 in
1279 3780 1340 3835 ter-

298 3887 343 3956 ris
366 3893 554 3952 versatur...
588 3881 726 3966 Propter
752 3874 838 3942 hanc
866 3893 934 3961 non
959 3869 1174 3942 lormidamus
1202 3871 1338 3966 amplius

335 4025 343 4052 ¹
359 4016 383 4066 S.
398 4009 480 4076 Chrys.
497 4008 530 4061 de
544 4004 619 4058 haud.
634 4005 659 4056 S.
677 4002 744 4058 Paul.
759 4000 847 4054 nomil.
860 4017 879 4066 r,
892 4017 918 4054 n.
936 4017 959 4054 r.
