2982 4584
283 417 347 479 500
437 417 615 478 nunrornca
638 426 664 474 s.
691 425 848 492 rtrnnnr,
873 425 950 474 rans
973 433 1016 490 11,
1041 430 1124 474 sacr.
1151 434 1174 474 r.

280 532 438 604 Dominus
453 553 595 623 egenus,
612 551 674 598 nec
689 527 961 622 supplicationem
976 529 1025 600 vis
1040 529 1173 618 audire,
1196 533 1255 602 sed
1270 535 1325 605 in-

278 663 393 726 cusas,
410 639 580 730 increpas,
598 651 632 707 et
643 637 716 706 haec
727 635 846 707 talibus
858 635 976 708 auditis
988 639 1107 708 verbis.
1128 639 1161 710 Si
1175 643 1255 712 verd
1270 643 1325 714 vel

276 769 394 840 panem
409 744 547 814 unicum
567 741 707 833 largiens
730 755 765 812 et
784 741 952 813 tantillum
971 745 1138 841 pecuniae,
1155 746 1202 816 ita
1225 761 1324 819 tenax

276 873 330 940 as,
356 875 472 923 avarus
488 865 522 921 et
540 850 663 941 segnis,
680 849 754 942 quis
777 847 910 920 futurus
924 873 1025 938 esses,
1044 851 1071 921 si
1087 853 1199 923 omnia
1215 871 1323 928 essent

275 957 487 1030 evacuanda?
501 960 576 1028 Non
590 955 683 1026 rides
704 955 777 1024 illos
795 956 831 1024 in
853 957 983 1028 theatro
1004 957 1157 1027 liberales
1173 961 1321 1031 homines

274 1081 399 1162 quanta
420 1065 647 1136 meretricibus
673 1059 905 1156 profundunt?
930 1069 980 1134 'lu
994 1067 1073 1137 verd
1093 1089 1136 1134 ne
1152 1065 1317 1138 dimidiam

273 1174 409 1267 quidem
429 1171 563 1243 illorum
590 1184 736 1263 partem,
764 1171 832 1238 irnd
847 1173 934 1264 saepe
960 1195 1003 1240 ne
1031 1174 1132 1264 quam
1151 1173 1318 1245 minimam

272 1296 400 1374 partem
412 1301 535 1369 erogas.
544 1284 588 1348 At
598 1277 748 1376 diabolus
757 1279 1022 1373 quibuscumque
1032 1279 1111 1348 dare
1118 1281 1225 1372 jubet,
1239 1281 1322 1352 ddm

272 1387 458 1477 gehennam
484 1385 579 1454 nobis
594 1383 766 1472 conciliat,
791 1399 950 1454 ettamen
968 1384 1026 1454 das
1045 1386 1221 1456 :Christus
1242 1391 1320 1458 verd

272 1493 383 1586 egenis
396 1491 475 1562 dare
487 1492 605 1585 jubet,
620 1505 654 1561 et
670 1515 809 1584 regnum
830 1491 1010 1586 promittit,
1029 1507 1062 1562 et
1077 1507 1116 1562 tu
1130 1517 1201 1564 non
1215 1495 1321 1566 modd

271 1623 341 1671 non
356 1598 430 1686 das,
445 1597 503 1669 sed
519 1597 619 1667 etiam
635 1596 890 1668 contumeliosus
909 1621 962 1678 es3
992 1600 1160 1693 marisque
1184 1600 1323 1670 obedire

270 1707 420 1793 diabolo,
439 1719 478 1774 ut
492 1705 662 1789 crucieris,
681 1707 785 1800 quarn
806 1705 958 1792 Christo,
987 1719 1025 1776 ut
1045 1705 1186 1777 salutern
1202 1710 1323 1778 'conse-

270 1815 391 1908 quaris.
404 1811 493 1896 Quid
507 1813 569 1882 hac
583 1811 719 1882 stultitia
734 1809 877 1880 deterius
890 1810 981 1882 ‘lllle
996 1813 1181 1902 gehennam
1196 1814 1259 1882 tibi
1275 1815 1323 1884 al-

215 2003 218 2009 ·
269 1919 354 2005 fert,
368 1919 423 1988 hic
437 1941 577 2010 regnum
594 1948 602 1988 ε
617 1932 795 2003 ettamen,
808 1919 871 1987 hoc
887 1917 1019 2003 relicto,
1032 1919 1075 1988 ad
1090 1919 1187 1989 illum
1202 1945 1323 1992 accur-

268 2026 350 2096 ritis.
361 2029 405 2094 llt
419 2025 509 2094 hunc
525 2022 735 2092 accedentem
751 2022 918 2114 repellitis,
929 2024 1022 2094 illum
1039 2026 1157 2117 procul
1173 2029 1321 2119 positum

268 2131 447 2202 advocatis.
464 2133 579 2222 Neque
595 2129 689 2198 aliter
701 2151 751 2198 res
767 2151 801 2198 se
814 2128 931 2216 habet,
945 2133 1046 2223 quarn
1061 2132 1088 2202 s'i
1100 2156 1157 2202 rex
1170 2137 1320 2227 purpura

260 2238 404 2311 'vestitus
416 2249 450 2305 et
464 2233 648 2305 diademate
661 2249 795 2306 ornatus
808 2259 876 2306 non
884 2237 1095 2329 persuadeat:
1106 2239 1192 2310 latro
1204 2256 1317 2312 autem

268 2369 381 2426 ensem
396 2344 541 2428 vibrans,
548 2356 754 2436 mortemque
769 2343 986 2414 comminatus
999 2344 1096 2416 facile
1109 2351 1313 2440 persuadeat.

256 2457 348 2529 ¹llaec
364 2451 477 2544 itaque
493 2451 688 2538 cogitantes,
707 2448 838 2534 Dilecti,
854 2451 989 2520 tandem
1007 2452 1187 2547 aliquandd
1204 2454 1313 2527 oculos

267 2559 449 2651 aperiamus
465 2570 498 2624 et
514 2556 697 2645 vigilemus.
716 2557 895 2626 Nemcerte
918 2560 1023 2650 pudet
1037 2584 1091 2630 me
1107 2561 1150 2632 de
1165 2564 1315 2634 Eleemo-

268 2665 351 2755 synt
365 2662 478 2756 loqui,
496 2661 574 2732 cirm
589 2674 657 2729 tam
680 2663 767 2754 saepe
782 2663 846 2732 hoe
859 2665 1092 2754 argumentum
1107 2673 1317 2742 tractaverim
1353 2747 1358 2758 ,

267 2771 338 2842 sine
364 2793 486 2862 magno
514 2761 922 2872 admonitionumxfructu.
947 2770 1025 2841 Pllrs
1040 2775 1129 2867 certe
1144 2777 1318 2870 quidpiam
1407 2837 1410 2844 ,
1489 2841 1490 2852 ,

267 2877 440 2974 praestatis,
451 2874 510 2946 sed
521 2898 590 2944 non
602 2873 764 2966 quantirm
776 2874 980 2947 vellemllos
996 2875 1193 2951 seminantes
1204 2883 1315 2970 video,
1344 2929 1347 2936 f

49 3033 54 3048 ,
165 2977 167 2982 ’
268 2988 409 3058 sednon
423 2983 513 3074 largd
529 3003 641 3050 manu.
656 2981 879 3062 Quamobrem
891 2983 992 3055 timeo
1005 3009 1047 3055 ne
1062 2989 1160 3079 parce
1171 2993 1315 3061 metatis.

212 3131 213 3134 ¹
269 3091 369 3178 Qudd
378 3091 466 3160 enim
475 3087 574 3179 parce
582 3085 789 3173 seminemus,
802 3087 828 3156 si
840 3088 979 3179 placeat,
987 3093 1194 3186 exploremus
1202 3097 1318 3168 utrirm
1416 3173 1418 3180 ,

268 3201 379 3295 plures
395 3197 461 3292 sint
475 3194 511 3262 in
532 3192 661 3262 civitate
678 3207 837 3294 pauperes
856 3197 956 3288 quam
975 3198 1108 3288 divites,
1127 3215 1161 3272 et
1176 3205 1317 3298 quinam

143 3378 150 3388 ,
269 3331 333 3380 nec
344 3327 523 3400 pauperes,
537 3325 599 3372 nec
611 3300 728 3373 divites
743 3304 820 3389 sint,
835 3303 892 3372 sed
908 3305 1054 3378 medium
1071 3309 1183 3380 locum
1196 3325 1317 3382 tenen-

269 3433 333 3488 tes'
345 3414 478 3486 Decima
491 3435 566 3504 pars
579 3409 700 3481 civium
711 3410 839 3496 divites,
855 3409 982 3482 decima
994 3425 1067 3506 pars
1082 3440 1243 3510 pauperes
1255 3420 1316 3512 qui

200 3589 203 3598 ,
271 3523 355 3597 nihil
370 3521 518 3591 habent:
536 3517 654 3608 reliqui
674 3520 752 3586 verd
772 3532 849 3587 sunt
864 3519 900 3587 in
915 3520 1023 3591 medio
1038 3522 1117 3593 loeo'
1127 3525 1236 3617 positi.
1256 3528 1315 3595 Di-

268 3629 422 3704 'vidamus
438 3625 546 3718 iraque
560 3635 617 3714 per
630 3645 807 3712 egenorum
820 3647 994 3695 numerum
1006 3641 1107 3697 totam
1125 3633 1215 3700 urbis
1230 3633 1315 3702 mul·

273 3737 466 3819 titudinem,
483 3745 517 3799 et
531 3741 693 3822 quantum
706 3728 747 3794 sit
762 3727 903 3800 dedecus
920 3733 1082 3804 videbitis.
1101 3739 1182 3808 Nam
1196 3741 1315 3809 admo-

275 3844 355 3914 dirm
376 3842 513 3923 divites,
539 3835 638 3928 pauci
659 3847 756 3925 sunt3
781 3838 839 3928 qui
863 3839 923 3908 hos
946 3857 1129 3932 sequuntur
1154 3843 1312 3937 plurimi3

275 3951 405 4026 rursum
419 3969 576 4042 pauperes
594 3944 692 4036 longe
709 3946 757 4014 his
772 3947 941 4036 pauciores
958 3965 1051 4023 sunt.
1065 3947 1219 4024 Attamen
1235 3955 1314 4026 crim
