2984 4580
199 436 300 480 carun
324 439 370 482 vr.
396 437 437 480 na
460 430 616 480 murnono
640 437 674 480 ru
691 437 897 482 coucromnus
912 435 1078 484 summm.
1106 425 1168 486 337

179 538 234 604 «0
250 557 349 616 mors,
367 559 441 628 quac
455 535 570 610 fratres
586 533 715 620 dividis,
738 549 771 604 et
792 561 902 607 amore
919 539 1074 626 sociatos,
1093 565 1172 611 cru·
1229 553 1237 560 ’

133 637 214 710 delis
233 665 271 711 ac
287 641 370 712 dura
386 641 554 710 dissocias!
573 639 722 734 Adduxit
741 657 891 712 urentem
909 640 1045 716 ventum
1058 651 1172 718 Domi-

130 770 195 816 nus
209 746 252 819 de
274 748 402 818 deserto
419 746 667 831 ascendentem,
688 747 745 840 qui
760 748 892 823 siccavit
907 773 1005 822 venas
1026 767 1116 841 tuas,
1139 770 1173 825 et

129 850 288 924 desolavit
303 852 430 925 sontem
450 867 557 922 tuum.
576 853 745 923 Devorasti
760 853 897 948 quidem
912 860 1046 946 Jonam,
1064 859 1122 929 sed
1137 873 1171 930 et

129 958 164 1028 in
179 973 274 1031 utero
286 975 345 1050 tuo
363 961 458 1034 vivus
473 959 549 1030 luit.
568 960 707 1031 Portdsti
718 961 812 1054 quasi
827 977 1014 1051 mortuum,
1033 979 1072 1036 ut
1086 981 1172 1036 tem-

128 1081 235 1154 pestas
246 1066 365 1138 mundi
376 1067 642 1160 conquiesceret,
661 1081 694 1136 et
707 1067 825 1140 Ninive
837 1083 964 1156 nostra,
982 1071 1070 1143 illios
1082 1097 1171 1166 prae-

128 1175 225 1254 conio
245 1176 436 1246 salvaretur.
456 1173 533 1259 Ille,
545 1171 601 1242 ille
618 1187 651 1242 te
665 1173 765 1244 vicit:
782 1172 838 1243 ille
857 1189 891 1244 te
905 1177 1094 1270 jugulavit3
1113 1179 1169 1251 su-

128 1282 250 1373 gitivus
279 1282 467 1375 propbeta,
498 1280 556 1374 qui
583 1278 716 1374 reliquit
742 1279 879 1378 domum
905 1305 1021 1371 suam,
1048 1287 1172 1361 dimisit

126 1389 356 1459 haereditatem
367 1410 482 1474 suam,
504 1385 595 1484 dedit
609 1386 763 1457 dilectam
783 1389 925 1460 animam
941 1415 1035 1462 suam
1048 1394 1083 1463 in
1098 1418 1171 1465 ma-

127 1497 229 1566 nibus
244 1495 462 1589 quaerentium
478 1517 554 1563 eum
565 1525 575 1584 3
588 1493 647 1587 qui
661 1517 721 1586 per
731 1497 815 1578 Osee
830 1490 1000 1589 quondam
1022 1501 1084 1569 tibi
1096 1503 1172 1594 rigi-

128 1603 193 1672 dus
216 1603 420 1672 minabatur:
437 1598 518 1670 Ero
537 1623 634 1670 mors
660 1603 786 1686 mmo
810 1604 931 1673 mors!
950 1627 1012 1675 ero
1029 1629 1170 1679 morsus

128 1720 223 1794 tuus,
241 1707 384 1805 infime
395 1705 527 1776 ¹.'lllius
542 1721 660 1793 morte,
675 1721 713 1776 tu
726 1721 855 1777 mortua
872 1732 906 1778 es
921 1737 929 1779 ι
947 1709 1035 1781 illius
1050 1729 1167 1803 morte,

125 1837 187 1884 nos
202 1813 353 1884 vivimus.
372 1814 553 1900 Devorasti,
571 1827 605 1881 et
621 1811 775 1884 devorata
785 1837 830 1882 es.
844 1814 998 1909 Dumque
1008 1823 1169 1914 assumpti

126 1922 272 2014 corporis
284 1919 466 1994 sollicitaris
483 1917 655 2005 illecebra,
676 1933 710 1989 et
724 1919 826 1990 avidis
848 1918 999 1992 faucibus
1016 1929 1173 2018 praedam.

125 2041 241 2119 putas,
264 2029 419 2100 interiora
434 2041 492 2096 tua
504 2025 635 2096 adunco
650 2023 749 2096 dente
761 2023 912 2096 confossa
925 2043 1003 2098 sunt
1020 2033 1053 2100 ².-
1064 2058 1080 2098 u

175 2139 231 2206 19⁰
256 2136 411 2230 Sequitur
431 2149 464 2205 et
483 2131 716 2220 Obsecratio,
733 2135 800 2228 qut
815 2133 934 2227 saepius
955 2139 1059 2208 sancti
1081 2143 1171 2212 Gon-

124 2244 310 2319 cionatores
326 2241 532 2313 audientium
548 2240 647 2310 corda
658 2238 825 2309 inflectere
834 2254 1004 2334 satagunt3
1022 2259 1061 2314 ut
1068 2245 1173 2316 videri

123 2362 237 2442 potest
250 2349 286 2416 in
300 2348 363 2418 bdc
380 2345 449 2418 divi
468 2345 693 2436 Chrysostomi
714 2345 849 2438 periodo
867 2375 875 2416 ι
1100 2424 1103 2437 ,

181 2484 198 2522 a
216 2457 283 2525 Oro
297 2454 399 2545 igitur
417 2465 451 2522 et
465 2450 627 2546 supplico,
645 2465 678 2520 et
693 2452 769 2521 ante
786 2475 893 2544 genua
909 2467 1014 2524 vestra
1029 2479 1083 2526 me
1094 2479 1173 2552 prc-
1254 2481 1255 2486 ’

123 2561 248 2647 volvo,
273 2574 372 2653 atque
395 2559 515 2640 obnixe
545 2581 646 2651 rogo,
671 2559 950 2650 persuadeamini,
976 2575 1009 2630 et
1034 2563 1076 2632 ab
1110 2565 1172 2636 hoc

123 2690 335 2758 emergamus
359 2666 516 2733 ebrietate
534 2691 542 2732 ε
563 2665 662 2732 simus
689 2665 792 2733 nostri
815 2667 960 2756 ipsorum
985 2685 1169 2760 compotes,
1198 2747 1199 2752 ἵ

124 2788 158 2844 et
189 2793 404 2865 agnoscamus
431 2771 617 2853 honorem,
643 2791 743 2860 quern
769 2767 862 2836 dedit
886 2771 982 2840 nobis
1006 2777 1118 2861 Deus,
1140 2792 1174 2847 et

125 2876 493 2952 Paulumsclamantem
521 2873 724 2966 audiamus:
753 2872 798 2947 Ν
797 2897 816 2942 e
835 2875 912 2944 sitis
938 2879 1033 2949 servi
1056 2877 1172 2950 bomi-

125 3009 217 3056 num
232 2989 267 3070 ³,-
282 2999 316 3054 et
331 2983 533 3069 desinamus,
556 2995 594 3051 ut
609 2981 786 3050 serviamus
803 2981 997 3053 mulieribus
1012 2984 1054 3054 ad
1080 3011 1172 3058 com·

125 3115 266 3162 munem
290 3092 440 3164 omnium
459 3101 646 3180 nostrorum
666 3088 857 3179 pernicicm.
884 3088 1004 3161 Milites
1024 3117 1084 3163 nos
1104 3119 1172 3166 esse

127 3198 278 3270 Christus
303 3195 376 3267 vult
394 3209 543 3282 strenuos
559 3208 592 3264 et
613 3192 761 3262 athletas.
786 3197 861 3265 Non
876 3210 1011 3288 propter
1026 3199 1089 3268 hoc
1112 3226 1172 3274 nos

130 3303 271 3374 armavit
288 3304 384 3374 armis
404 3299 654 3394 spiritualibus,
679 3315 717 3369 ut
742 3299 928 3392 puellarum
945 3303 1171 3378 triobolarium

128 3413 307 3484 ministeria
323 3411 555 3504 suscipiamus,
569 3424 610 3479 ut
624 3411 709 3478 circb
726 3409 817 3478 lanas
833 3419 866 3504 ct
881 3410 1039 3496 stamina,
1058 3429 1091 3483 et
1107 3416 1170 3486 alia

128 3521 309 3592 ministeria
333 3543 526 3602 versemur,
558 3531 597 3588 ut
629 3515 824 3586 assideamus
852 3515 1054 3588 mulierculis
1084 3546 1170 3592 nen·

127 3629 219 3698 tibus
243 3643 277 3699 et
298 3627 507 3712 texentibus,
531 3637 569 3693 ut
593 3637 700 3692 totum
720 3621 808 3694 diem
827 3645 1077 3713 consumamus,
1096 3651 1170 3700 ver-

129 3735 248 3831 bisque
268 3750 303 3806 et
319 3735 465 3807 moribus
484 3731 703 3804 muliebribus
726 3729 849 3800 animas
870 3731 1057 3826 imbuamur
1079 3764 1086 3805 :
1112 3737 1170 3808 sed

169 3885 249 3935 ¹01ec
258 3896 309 3945 xm,
323 3879 362 3932 15.
375 3904 406 3917 -
420 3881 464 3931 ²⁵.
478 3879 576 3932 Hierum
592 3876 706 3946 Epitaph.
719 3876 847 3944 Nepotian.
862 3877 937 3944 Epist.
953 3895 1024 3944 xxxv,
1039 3881 1168 3938 adlleliod.

130 3979 157 4016 n,
174 3962 262 4016 r.-³
281 3959 421 4028 rCcr.v11,
440 3963 481 4014 23.

251 4063 288 4112 rr„
833 4099 835 4104 ,
1048 4047 1087 4108 '22
