2992 4590
235 479 240 482 ,
271 425 332 484 128
416 432 596 501 nurromct
619 437 646 482 s·
672 415 822 499 aaaron,
847 436 924 486 ntus
947 441 993 500 11,
1017 439 1101 484 sacr.
1127 442 1152 484 r.

266 542 409 632 peperit,
428 565 465 610 ac
479 563 540 634 pro
554 542 623 610 nvt
644 537 794 608 debiturn
811 537 874 628 viri
889 538 1053 632 persolvit.
1074 542 1220 610 Utenim
1238 563 1307 612 non

265 647 449 739 superbiret
468 635 629 730 Adamus,
648 643 739 738 quod
758 645 827 713 sine
847 646 985 714 muliere
998 645 1169 716 mulierem
1190 662 1308 740 protu-

265 751 367 839 lisset,
384 752 506 822 ideireo
519 765 553 820 et
567 749 686 822 mulier
700 751 769 820 sine
783 752 854 821 viro
869 753 996 846 peperit
1010 754 1135 841 virum,
1156 749 1195 823 dt
1205 755 1307 824 mira-

265 858 330 928 culi
350 858 583 928 communione
604 871 730 926 naturae
755 855 977 950 equalitatem
1002 861 1197 930 ostenderet.
1223 864 1307 933 Nam

264 963 544 1058 quemadmodum
567 963 610 1033 ab
630 964 757 1034 Adamo
768 967 904 1034 'costam
919 966 1070 1052 abstulit,
1088 980 1122 1036 et
1141 968 1307 1036 Adamum

263 1073 347 1141 nihil
365 1073 531 1141 imminuit
554 1101 561 1140 :
579 1072 670 1140 sicet
685 1073 720 1140 in
736 1072 871 1163 Virgine
886 1073 1065 1143 animatum
1082 1075 1244 1166 templum
1260 1073 1306 1142 ef·

262 1181 371 1265 finxit,
391 1193 424 1248 et
442 1177 658 1268 virginitatem
677 1179 810 1247 minime
825 1179 932 1249 solvit.
956 1180 1070 1251 Salvus
1084 1195 1117 1250 et
1132 1181 1306 1252 incolumis

262 1285 417 1356 remansit
432 1287 531 1355 etiam
553 1297 627 1376 post
646 1298 744 1354 costae
765 1285 981 1376 privationem
1003 1287 1147 1357 Adamas
1168 1317 1176 1358 ι
1198 1289 1306 1358 incor-

261 1407 358 1486 rupta
371 1393 470 1462 etiam
486 1391 586 1483 Virgo
601 1393 794 1484 permansit,
813 1396 987 1486 postquem
999 1393 1106 1464 infans
1121 1419 1160 1464 ex
1173 1397 1212 1464 ee
1226 1419 1305 1489 pro-.
1390 1402 1391 1411 ’

261 1501 331 1569 diit.
354 1498 482 1569 Idcirco
501 1511 612 1568 autem
633 1521 702 1568 non
719 1497 853 1568 aliunde
876 1501 945 1568 sibi·
960 1500 1120 1593 templum
1144 1504 1302 1590 extruxit,

261 1629 370 1700 neque
387 1603 477 1674 aliud
491 1627 610 1697 eorpus
625 1603 804 1674 formatum
822 1603 947 1691 induit,
971 1629 1013 1674 nc
1028 1629 1167 1677 massam
1185 1609 1304 1678 Adami

261 1711 470 1783 contumeliae
490 1713 619 1782 afficere
648 1710 821 1780 videretur.
855 1715 938 1783 Nam
962 1713 1119 1804 quoniam
1144 1712 1305 1808 deceptus

222 1869 224 1876 ι
261 1821 382 1906 homo,
409 1817 529 1888 diaboli
551 1818 806 1887 instrumentum
825 1815 932 1888 factus
956 1832 1043 1904 erat,
1060 1824 1233 1912 propterea
1252 1822 1304 1914 ip-

260 1949 334 1996 sum
358 1927 416 2019 qui
437 1923 665 2018 supplantatus
690 1925 798 1994 fuerat
824 1926 983 2018 tanqulm
1008 1925 1189 1996 animatum
1215 1941 1302 1997 tem-

262 2034 356 2126 plum
374 2032 522 2118 assumit,
539 2044 579 2099 ut
598 2042 733 2122 propter
753 2031 839 2100 hanc
855 2053 931 2100 cum
952 2053 1012 2100 suo
1028 2030 1209 2103 Conditore
1225 2057 1302 2104 con-

256 2140 462 2234 junctionem
479 2139 618 2230 ipsuma
638 2135 763 2207 diaboli
774 2133 1012 2206 consuetudine
1026 2159 1065 2206 ac
1080 2135 1302 2210 familiaritate

259 2245 441 2318 divelleret.
470 2247 706 2313 Verumtamen
729 2241 811 2312 drim
836 2243 875 2326 lit
896 2243 1013 2329 homo,
1041 2267 1110 2314 non
1139 2257 1177 2314 ut
1200 2246 1301 2318 homo

257 2368 356 2447 partu
370 2351 496 2438 editur,
518 2349 576 2420 sed
595 2364 635 2421 ut
645 2355 733 2420 Deus
750 2351 905 2420 nascitur.
923 2351 956 2420 Si
972 2351 1060 2419 enim
1075 2375 1114 2420 ex
1131 2354 1301 2423 communi

260 2459 413 2552 conjugio
429 2456 611 2549 prodiisset,
629 2471 667 2526 ut
681 2479 760 2546 ego,
782 2456 976 2546 figmentum
988 2456 1117 2550 lvulgo
1134 2459 1301 2530 existima·

258 2580 312 2636 tus
324 2578 417 2634 esset.
431 2567 451 2632 J
452 2565 584 2637 amvero
595 2561 717 2631 idcirod
728 2585 769 2630 ex
781 2562 915 2651 Virgine
926 2564 1085 2656 nascitur,
1097 2589 1234 2636 nascens
1244 2591 1302 2636 au-

259 2687 338 2758 tem,
354 2685 386 2740 et
401 2685 533 2740 uterum
544 2667 707 2738 illibatum
718 2683 904 2768 conservat,
919 2685 952 2739 et
967 2672 1193 2741 intemeratam
1204 2675 1301 2764 virgi·
1385 2714 1389 2722 ·

259 2779 395 2847 nitatem
416 2775 577 2860 custodit,
601 2788 640 2843 ut
661 2775 837 2844 inusitatus
859 2775 1007 2866 pariendi
1031 2779 1150 2846 modus
1164 2801 1301 2870 magnae

259 2885 341 2954 mihi
356 2881 435 2954 frdei
449 2881 640 2953 conciliator
654 2883 779 2950 existat.
795 2880 890 2950 Unde
905 2881 972 2950 sive
985 2889 1039 2950 ine
1054 2883 1212 2970 Gentilis‘,
1231 2885 1300 2956 sive

257 2997 276 3062 J
279 2993 394 3062 udaeus
403 2993 593 3079 interroget,
604 2989 684 3056 num
694 2988 854 3074 Christus,
868 2987 944 3057 crim
957 2989 1139 3058 seeundum
1146 3005 1300 3062 naturam

257 3104 345 3169 Deus
361 3110 463 3181 essct,
482 3097 583 3164 homo
597 3091 716 3185 praeter
734 3107 886 3162 naturam
900 3094 942 3163 sit
957 3094 1062 3170 faetus
1073 3148 1082 3181 ,
1095 3095 1202 3166 dicam
1221 3127 1229 3166 ι
1246 3098 1298 3169 Sic

259 3219 338 3275 est:
363 3218 396 3274 et
424 3215 540 3270 testem
569 3199 761 3269 inviolatum
790 3200 981 3290 virginitatis
1004 3201 1145 3292 sigillum
1172 3205 1294 3275 citabo.

259 3315 309 3382 lrt
330 3311 478 3403 nemque·
493 3314 579 3378 Deus
604 3320 667 3392 est,
692 3309 749 3402 qui
771 3321 896 3377 naturae
917 3305 1067 3377 ordinem
1086 3309 1197 3380 vincat
1222 3341 1229 3380 :
1252 3312 1297 3380 itt

256 3417 377 3488 ventris
392 3429 441 3485 cst
455 3415 561 3501 fictor,
577 3428 610 3484 et
625 3415 818 3506 virginitatis
832 3414 996 3500 inventor,
1014 3415 1073 3508 qui
1088 3429 1122 3498 et
1136 3417 1297 3486 immacu-

256 3525 360 3595 latum
382 3522 536 3592 habuerit
550 3521 727 3591 nativitatis
747 3519 902 3607 modum,
927 3533 961 3589 et
978 3521 1190 3592 ineffabiliter
1209 3521 1295 3594 tem·

257 3632 349 3726 plum
368 3632 446 3717 sibi3
471 3653 538 3724 quo
559 3627 701 3699 voluerit
719 3628 818 3700 modo
830 3682 851 3722 „
863 3630 1090 3698 construxerit.
1117 3631 1175 3699 Dic
1195 3631 1292 3716 mihi,

237 3809 240 3814 ,
257 3745 347 3832 crgo,
361 3740 493 3824 Judaee,
509 3737 695 3831 peperit-ne
706 3739 825 3826 Virgo,
845 3759 956 3807 annon
973 3741 988 3806 t
1005 3739 1037 3808 Si
1048 3739 1135 3807 enim
1151 3740 1291 3831 peperit,

255 3847 450 3916 inusitatum
464 3857 595 3938 partum
619 3844 774 3912 confitere
797 3843 957 3935 :quodsi
980 3867 1048 3914 non
1063 3845 1210 3938 peperit,
1235 3869 1294 3915 cur

256 3951 420 4023 Herodem
436 3947 601 4020 fefellisti?
618 3953 668 4019 Tu
685 3950 772 4018 enirn
801 3949 862 4040 ipsi
876 3950 1050 4021 sciscitanti
1065 3951 1125 4022 ubi
1144 3953 1293 4023 sslnistus

1155 4074 1209 4182 fu
