2996 4598
312 424 350 482 ts
463 431 643 482 aurroarcl
662 433 692 480 s.
718 432 868 496 straus«,
893 432 970 484 raus
993 437 1042 497 ιι,
1067 433 1202 480 saco-1.

237 547 240 552 ’
304 537 396 606 davit
410 539 433 602 ².
452 563 468 600 s
478 575 520 588 -
530 535 656 606 Eadem
665 536 765 634 etiam
787 535 830 604 de
844 535 996 608 Salviano
1018 551 1130 618 narrat
1147 537 1197 606 his
1213 536 1348 608 verbis:

309 671 325 708 a
335 641 541 712 Massiliensis
551 641 704 712 Ecclesiae
717 641 889 734 presbyter
894 641 1066 712 Salvianus
1075 641 1203 733 scripsit
1211 642 1354 712 scholas-

241 761 242 766 ’
304 747 370 816 tieo
379 761 412 815 et
420 761 532 840 aperto
540 769 690 817 sermone
699 745 805 834 multa
816 799 826 832 ,
837 770 877 816 ex
893 747 1015 840 quibus
1027 747 1089 815 ista
1098 745 1181 836 le'gi:
1196 751 1245 818 De
1256 740 1353 838 uirgi-

303 853 413 922 nitatis
425 854 533 938 bono,
548 866 582 922 et
596 852 754 924 Romilius
763 853 922 945 episcopis
932 853 1037 930 factas
1047 852 1180 939 multas,
1188 858 1276 922 etc.²
1287 880 1354 918 o·-

306 963 388 1044 Quae
405 959 504 1029 verba
519 967 689 1030 mutuatus
707 961 874 1030 Honorius
889 959 933 1032 ad
946 959 1091 1033 litteram
1107 960 1276 1052 repetitio
1292 983 1354 1032 suo

213 1089 221 1100 ⁸
305 1065 348 1138 de
363 1066 595 1136 Lumiuaribus
614 1065 768 1136 Ecclesiae
783 1066 870 1138 libro
883 1069 907 1136 ³.
925 1065 1069 1138 Isidorus
1088 1066 1252 1138 Pelusiota
1276 1091 1354 1138 ora-

306 1174 432 1243 tionem
447 1173 574 1265 scripsit
589 1173 774 1258 Dorotheo,
791 1196 868 1266 quae
879 1173 961 1244 clim
976 1173 1141 1244 diceretur
1152 1173 1279 1266 magnis
1290 1170 1356 1244 suit

305 1279 475 1372 plausibus
499 1292 651 1371 excepta,
672 1291 711 1348 ut
734 1279 804 1371 ipse
828 1293 992 1350 testatur:
1013 1309 1034 1347 a
1050 1280 1158 1365 Etsi,
1179 1292 1219 1350 ut
1239 1281 1300 1354 abs
1321 1293 1355 1350 te

306 1387 549 1479 scriptumest,
569 1387 674 1457 oratio
696 1385 826 1480 (quam
846 1386 1005 1457 nimirdm
1030 1388 1195 1458 Dorotheo
1222 1389 1356 1460 miserat

309 1493 442 1586 publice
464 1492 930 1586 pronuntiandam)plausum
946 1493 1090 1585 peperit,
1111 1506 1145 1562 at
1160 1493 1259 1564 etiam
1279 1517 1355 1564 ora-

309 1602 391 1670 tioni
403 1600 537 1697 plausus
553 1601 655 1670 robur
668 1600 881 1693 comparavit,
896 1599 1020 1693 quippe
1034 1599 1093 1692 qui
1107 1600 1236 1692 parenti
1250 1599 1357 1672 admi-

310 1705 412 1776 niculi
428 1705 502 1776 loco
518 1703 628 1775 luerit.
647 1709 691 1776 lt
705 1706 863 1797 quoniam
881 1707 1116 1798 saepenumerd'
1128 1705 1300 1792 usuvenit,
1318 1720 1357 1776 ut

309 1811 442 1906 plausus
458 1813 598 1883 orationi
614 1811 750 1906 quidem
765 1813 866 1884 robur
881 1819 1069 1904 comparet,
1086 1813 1203 1882 veriam
1218 1815 1357 1884 oratoris

186 1986 189 1992 .
311 1942 418 1988 mores
437 1917 562 1990 inficiat
589 1943 627 1988 ac
645 1916 837 2004 labefactet,
856 1917 900 1988 ad
920 1919 1131 2011 supinitatem
1151 1920 1305 1992 videlicet
1320 1944 1357 1992 ac

311 2026 492 2095 socordiam
509 2049 602 2112 eum,
619 2029 779 2120 tanqubm
799 2028 951 2118 porrecta
964 2049 1088 2111 manu,
1104 2025 1253 2116 ducerrs3
1276 2051 1358 2120 pru-

309 2133 457 2202 dentiam
471 2145 564 2202 toam
575 2155 707 2218 moneo,
718 2133 858 2202 maxime
874 2131 1009 2224 quidem
1022 2145 1060 2202 ut
1073 2137 1154 2219 Deo,
1167 2133 1225 2226 qui
1240 2135 1357 2228 hujus·

256 2275 258 2282 ·
310 2240 399 2310 modi
416 2241 553 2332 gratiam
570 2239 704 2342 largitus
717 2253 783 2326 est,
799 2235 936 2330 gratiam
950 2239 1073 2310 habeas
1086 2267 1095 2310 :
1110 2239 1204 2333 qudd
1217 2241 1358 2312 sietiam
1466 2247 1467 2254 ³

234 2387 242 2402 ·
309 2345 445 2417 laudare
463 2347 529 2434 vis,
552 2367 652 2438 negas
675 2347 763 2414 enim
781 2346 851 2416 fieri
868 2369 979 2438 posse,
998 2359 1037 2414 ut
1059 2346 1200 2416 orationi
1220 2347 1358 2439 plausus

310 2452 445 2546 tandem
458 2443 527 2522 uon
538 2452 753 2544 rependatur,
771 2452 954 2522 orationem
969 2451 1104 2544 quidem
1121 2453 1282 2526 arbitratu
1297 2468 1358 2524 tuo

309 2560 464 2645 laudans,
490 2583 533 2628 ue
548 2559 663 2629 nimias
674 2557 848 2628 adversim
863 2581 916 2628 me
935 2557 1050 2628 laudes
1070 2573 1245 2646 contexas,
1260 2575 1300 2630 ut
1315 2583 1357 2630 ne

305 2691 364 2758 ⁴me
376 2668 543 2760 supinum,
558 2679 657 2758 atque
676 2665 834 2756 ignavum
848 2662 966 2734 reddas
979 2666 1003 2733 ⁴.
1014 2693 1030 2732 u
1041 2669 1168 2738 -Non
1182 2680 1295 2736 autem
1311 2667 1354 2736 ab
1467 2685 1468 2750 t

311 2799 350 2845 eo
363 2775 508 2846 alienum
513 2787 565 2844 'est
576 2772 668 2867 quod
682 2771 724 2842 dc
740 2770 894 2842 Enuodio
907 2774 1076 2844 annotavit
1084 2771 1291 2844 doctissimus
1304 2775 1355 2870 vir
1467 2791 1468 2796 ’

313 2880 518 2967 sirmondus,
529 2879 647 2971 nempe
658 2877 753 2946 illum
767 2881 898 2948 Sacram
909 2877 1088 2951 secundam
1101 2894 1135 2950 et
1149 2883 1279 2950 Sacram
1294 2894 1357 2950 ter·

231 3059 235 3064 ,
310 2989 390 3058 tiam
402 2989 444 3058 ab
459 2989 530 3080 ipso
540 2984 675 3078 quidem
683 2983 923 3068 elucubratam,
933 2984 975 3054 ab
986 2983 1050 3055 alio
1065 3000 1176 3056 autem
1191 2983 1291 3056 luisse
1303 3009 1356 3054 re-

311 3097 503 3180 citatam,ut
511 3091 587 3162 satis
596 3091 990 3182 indicantinscriptiorrcs,
1001 3117 1143 3185 quarum
1152 3093 1293 3185 priorsic
1302 3095 1361 3164 ha·

311 3204 385 3272 het:
400 3231 415 3269 ι
423 3199 530 3270 Dictio
538 3198 634 3267 missa
645 3201 815 3266 Honorato
823 3197 975 3290 episcopo
983 3199 1173 3269 Novariensi
1181 3201 1217 3268 in
1226 3198 1357 3270 dedica·

312 3309 402 3380 tione
412 3306 553 3378 basilicae
562 3304 807 3398 Apostolorum,
819 3305 878 3372 ubi
890 3303 1052 3397 templum
1063 3303 1127 3376 luit
1136 3304 1302 3387 idolorum
1316 3337 1325 3396 3
1339 3333 1355 3370 s

312 3415 472 3511 posterior
493 3414 600 3484 verb:
629 3439 646 3478 a
670 3409 777 3481 Dictio
797 3409 873 3480 data
893 3411 1061 3503 Stephano
1086 3415 1126 3480 V.
1152 3414 1184 3481 S.
1209 3412 1356 3499 Vicum,

313 3521 451 3594 dicenda
478 3521 621 3592 Maximo
643 3519 821 3610 cpiscop03
849 3545 866 3582 a
893 3517 952 3586 ubi
976 3518 1078 3588 verba
1096 3519 1187 3604 haec,
1203 3518 1357 3607 ,Micam

312 3629 418 3702 Data
426 3618 437 3716 ,
455 3622 626 3698 Dicendo
640 3648 709 3695 nor
730 3625 872 3694 obscure
889 3615 1119 3694 demonstrant
1133 3622 1204 3693 illas
1224 3625 1267 3695 ab
1286 3631 1357 3696 Eo·

316 3737 416 3809 nodio
431 3733 644 3827 compositas,
667 3731 711 3802 ab
728 3731 795 3802 alio
807 3744 921 3800 autem
936 3728 1090 3822 prolatas.
1106 3730 1172 3800 Cui
1189 3734 1361 3804 sententiae

224 3888 232 3904 ι
352 3881 553 3937 mensuratae
572 3880 664 3946 uirus.
684 3855 774 3932 uera.
791 3893 817 3929 ο.
829 3874 872 3943 ⁵7.
888 3893 918 3915 -
930 3885 942 3912 ι
954 3873 1060 3926 tassia.
1074 3875 1182 3944 aas,
1194 3903 1227 3918 -
1243 3876 1357 3931 saona.

207 3968 210 3975 '
316 3971 347 4022 de
360 3968 453 4022 Lumio.
464 3966 558 4018 Eccles.
573 3976 630 4033 cap.
647 3963 690 4030 67.
701 3987 734 4002 ·-
750 3950 804 4014 4‘8.
818 3959 901 4014 isidor.
913 3959 995 4012 Palm.
1005 3960 1085 4028 Epist.
1097 3960 1142 4015 lib.
1159 3980 1199 4032 ru,
1215 3965 1286 4033 epist.
1301 3965 1360 4018 382.
1388 3978 1392 3981 ·
