2996 4598
272 493 374 540 error
395 497 442 540 ιν.
467 493 509 536 or
531 493 683 538 rnnronn
705 492 892 538 coucroncrr
913 494 1115 540 onronrnno.
1170 476 1214 538 69

176 592 234 664 sed
249 610 383 688 propter
403 619 512 666 servos
536 596 674 678 animae,
690 607 730 662 ut
754 593 875 664 durent
896 595 932 662 in
946 595 1127 668 ministerio
1145 619 1226 666 cor··

177 724 256 793 pora
272 717 399 790 vestra,
418 701 662 802 aliquantulum
680 699 869 786 reficimini,
888 713 921 770 et
941 701 1055 773 refecti
1066 703 1109 774 ad
1126 704 1217 774 cibos

175 805 279 878 redite
296 812 320 878 ¹.
345 837 361 874 r>

220 915 300 996 Quis
317 915 417 1006 igitur
437 938 507 986 non
521 915 712 998 miraretur,
729 911 853 1004 quanm
870 933 947 980 cum
962 912 1057 1006 copia
1072 927 1218 986 sanctam

176 1017 361 1090 doctrinam
383 1022 483 1114 primi
503 1027 615 1090 Patres
632 1015 861 1112 profuderint?
876 1018 955 1104 Quis
978 1020 1159 1089 etiamnum
1171 1043 1221 1091 sa·

175 1151 239 1196 crae
261 1129 422 1222 interpres
442 1129 601 1199 doctrinae
621 1151 688 1197 nou
709 1125 903 1219 trepidaret,
923 1147 965 1194 ne
980 1127 1146 1220 parcitatis
1167 1127 1221 1198 ni-

175 1234 250 1302 miae
266 1259 360 1325 reus,
374 1259 434 1306 suo
450 1234 579 1306 muneri
595 1232 735 1304 defuisse
750 1232 986 1304 convincetur?

557 1459 770 1528 ARTlCULUS
792 1462 831 1528 ll.

452 1661 497 1726 De
509 1661 655 1743 consueta
668 1662 848 1726 concionum
862 1660 948 1728 hora.

219 1873 247 1940 l.
274 1871 438 1942 Matutino
453 1885 615 1966 tempora,
633 1885 671 1942 nt
687 1874 706 1942 a
721 1871 829 1966 prima
839 1871 904 1942 diei
915 1887 1009 1966 parte
1024 1857 1146 1959 ordiar,
1162 1873 1223 1942 ha·

59 1987 62 1992 '
175 1977 292 2054 bendis
313 1977 526 2054 concionibus
538 1979 580 2046 ab
596 1979 738 2072 antiquis
749 1971 1220 2052 Patribusvinterdrim'consti-

176 2099 246 2155 tuta
255 2083 411 2156 videntur
420 2085 516 2172 exiis,
527 2110 603 2180 quae
613 2087 1218 2180 moddretulimus,lugustiniverbis:

179 2221 196 2258 u
219 2195 260 2262 In
269 2193 433 2268 matutino
441 2192 544 2263 locuti
553 2215 677 2264 sumus.
691 2221 706 2258 »
719 2192 817 2278 Quod
826 2192 921 2281 alibi,
935 2209 974 2264 ut
985 2195 1083 2264 etiarn
1093 2195 1220 2266 dictum

176 2311 241 2384 est,
260 2300 460 2368 confirmans
485 2327 493 2368 ε
515 2325 531 2366 r
550 2299 700 2391 Suscepi,
723 2300 851 2392 inquit,
866 2301 968 2370 verba
982 2299 1142 2393 Apostoli,
1161 2299 1221 2370 ad-

170 2409 308 2502 jurante
324 2409 482 2496 Domino,
494 2429 655 2501 exponere
667 2420 783 2477 vestrm
803 2408 975 2479 Charitati.
990 2411 1093 2478 Vacat
1102 2408 1219 2500 nobis3

176 2515 338 2602 matutina
354 2516 515 2608 coepimus
527 2519 552 2582 ².
571 2541 588 2578 »
604 2513 703 2597 Quod
719 2515 817 2586 etism
835 2514 879 2586 ab
893 2513 957 2586 alio
971 2516 1074 2586 veteri
1092 2529 1221 2598 oratore

176 2621 351 2712 significari
370 2619 581 2706 crediderim,
599 2619 676 2690 cum
695 2649 711 2686 u
726 2621 932 2707 Lectionum,
950 2646 1027 2716 quae
1043 2623 1087 2692 ad
1109 2623 1221 2692 missas

175 2724 317 2818 legenda
325 2728 409 2814 ¹est³,
423 2753 439 2790 r»
450 2727 469 2795 ὲ
480 2747 514 2794 se
523 2723 749 2818 explicandam
756 2725 877 2817 suscipi
888 2729 1080 2818 profitetur;
1091 2740 1222 2818 tempus

176 2834 265 2904 enim
284 2833 377 2928 quod
392 2847 441 2904 est
456 2833 532 2902 ante
547 2833 677 2902 missam
696 2831 772 2901 vere
789 2844 896 2924 potest
918 2831 989 2918 dici,
1006 2833 1221 2904 matutinum.

220 2944 266 3008 ll.
294 2943 385 3008 Inter
410 2940 479 3034 ipsa
503 2952 614 3008 autem
640 2937 811 3009 missarum
842 2937 1020 3025 solemnia,
1045 2937 1154 3009 statim
1178 2939 1223 3008 ab

176 3045 557 3140 Evangeliirecitatione,
569 3045 780 3118 habebantur
792 3044 1022 3140 utplurimum
1034 3045 1221 3136 conciones,

177 3155 268 3248 quod
291 3155 332 3223 ab
353 3153 429 3246 ipsis
451 3153 748 3224 Constitutionibus
764 3154 960 3248 Apostolieis
979 3155 1090 3248 colligi
1105 3152 1220 3244 datur,

177 3261 236 3332 ubi
252 3263 423 3336 missarum
444 3259 526 3330 ordo
549 3260 594 3329 ns
614 3261 834 3331 describitur:
863 3288 880 3328 o
897 3262 1066 3354 Quispiam
1081 3263 1223 3354 p'salmos

177 3369 237 3438 Dei
258 3381 373 3456 canat,
398 3365 518 3436 deinde
544 3379 615 3436 acta
641 3383 753 3438 nostra
768 3367 937 3459 legantur3
964 3369 1043 3438 item
1066 3368 1223 3460 Epistulae

179 3475 273 3546 Pauli
292 3473 450 3569 adjutoris
466 3473 585 3560 nostri,
602 3496 685 3566 quas
700 3472 842 3544 ecclesiis
858 3473 946 3544 misit
964 3473 1103 3566 Spiritirs
1118 3475 1223 3543 sancti

178 3583 338 3652 instinctu
359 3580 513 3670 dictatas,
530 3582 643 3672 postet
664 3580 836 3670 presbyter
851 3593 909 3650 aut
936 3579 1093 3650 diaconus
1106 3584 1223 3649 Evan-

135 3721 140 3736 ·
181 3689 262 3780 gelia
295 3689 394 3781 legat.
427 3686 552 3758 Deinde
584 3689 759 3760 hortentur
783 3687 946 3782 populum
985 3687 1165 3781 presbyteri
1181 3720 1219 3779 ς..

181 3795 300 3868 deinde
330 3797 438 3868 cuncti
468 3797 591 3889 pariter
622 3810 854 3888 consurgentes
887 3809 1064 3892 precentur
1091 3801 1221 3886 Deum,
1303 3791 1307 3796 ’

217 3951 225 3978 ¹
239 3943 264 3994 S.
279 3945 380 4009 August.
395 3945 506 4018 Enarrat.
526 3941 551 3991 in
572 3939 633 3994 Psal.
653 3956 778 4008 cxxxrnr,
792 3941 871 3994 Serm.
885 3957 911 4007 ι,
925 3957 949 3994 n.
964 3953 1007 4009 29.
1021 3964 1055 3982 ·-
1068 3951 1079 3981 ¹
1090 3941 1127 3995 ld.
1141 3943 1220 3994 Serm.

181 4039 283 4091 curru,
293 4043 317 4100 ¹¹:
328 4025 354 4084 6,
368 4051 401 4064 -
416 4022 426 4063 ³
442 4025 519 4092 npud.
536 4025 561 4080 s,
577 4026 677 4088 Aogmt.
691 4025 769 4082 serm.
783 4017 826 4090 rr,
840 4024 952 4090 Append.
966 4041 991 4077 n.
1004 4041 1021 4076 r.
