2930 4582
249 405 314 466 264
404 409 631 466 ιιιιετοιιοη.
658 417 806 479 aaaron,
832 415 908 462 rans
931 421 977 480 rr,
1003 415 1086 462 sucu.
1112 392 1147 463 r.

246 538 314 592 tem
329 523 490 592 noval-
505 519 604 604 nudi,
626 518 755 613 inquit,
771 519 944 610 insipiens,
963 532 996 587 et
1011 517 1169 610 intellige.
1186 515 1288 589 Filius

245 627 381 721 quidem
406 627 466 694 Dei
494 626 584 695 omni
604 626 754 709 creaturi
773 623 1018 717 antiquior-est,
1036 625 1081 692 itt
1100 625 1188 694 utin
1207 649 1289 695 con·

245 733 316 810 silio
342 731 431 802 Patri
451 755 511 801 suo
537 731 669 800 affuerit
688 729 730 799 ad
745 728 953 800 condendam
973 737 1177 822 creaturam3
1195 747 1290 824 porta
1394 727 1399 739 ³
1454 722 1458 741 '

245 855 355 910 autem
369 841 541 931 propterei
553 863 638 908 nova
653 853 712 924 est,
727 838 805 932 quia
820 838 855 906 in
871 837 1165 924 consummatione,
1182 842 1217 908 in
1232 863 1290 910 no·

246 946 382 1016 vissimis
395 945 511 1014 diebus
526 945 708 1040 apparebit,
728 945 839 1038 utqui
856 945 1034 1014 assecuturi
1044 959 1122 1015 sunt
1136 939 1287 1034 salutem,

246 1077 306 1146 per
321 1075 394 1120 eam
406 1051 530 1121 intrent
544 1051 580 1119 in
595 1074 732 1142 regnum
744 1051 804 1120 Dei
822 1053 844 1118 ¹.
865 1079 881 1114 u
929 1052 932 1058 ’

289 1165 333 1230 Et
348 1159 448 1251 paulo
469 1161 544 1228 ante
560 1159 606 1228 sic
622 1158 730 1250 legem
745 1159 805 1228 Dei
830 1153 951 1249 figurat
973 1183 981 1224 ε
1008 1187 1025 1227 n
1042 1159 1195 1230 Ostendit
1209 1161 1292 1230 mihi

244 1265 416 1357 (Angelus)
427 1264 558 1334 salicem
575 1279 741 1356 tegentem
757 1287 889 1356 campos
904 1289 942 1334 ac
958 1280 1107 1352 montes,
1123 1267 1185 1336 suh
1197 1271 1291 1362 cujus

246 1375 398 1443 umbram
408 1373 572 1443 venerunt
590 1397 703 1443 omnes
720 1373 778 1466 qui
793 1374 900 1443 vocati
917 1389 1011 1443 erant
1025 1376 1061 1443 in
1077 1375 1294 1446 nomine-Do·
1325 1409 1331 1414 ·

247 1485 340 1554 mini.
356 1488 399 1552 Et
411 1485 507 1576 juxta
523 1480 655 1572 salicem
673 1482 763 1551 illam
777 1482 883 1552 stabat
900 1481 1035 1550 nuntius
1051 1483 1182 1551 Domini
1197 1482 1292 1552 valdb

248 1592 425 1684 praeclarus
449 1605 482 1658 et
505 1588 676 1678 sublimis3
706 1603 739 1657 et
761 1590 895 1658 secabat
910 1595 987 1686 cum
1002 1587 1086 1666 falce
1101 1590 1236 1679 magni,
1251 1589 1293 1658 ab

249 1697 306 1767 itta
318 1698 419 1781 salice
431 1720 538 1766 ramos
553 1729 561 1786 3
581 1710 614 1765 et
626 1695 751 1789 populo
766 1696 814 1765 illi
835 1687 987 1789 quierat
1006 1697 1068 1764 sub
1081 1696 1201 1764 umbra
1216 1695 1292 1764 sali-

249 1805 295 1874 cis
318 1802 425 1888 illius,
450 1803 581 1894 exiguas
605 1817 638 1871 et
658 1803 750 1896 quasi
776 1801 935 1872 cubitales
958 1802 1063 1892 virgas
1090 1803 1289 1894 porrigebat.

249 1914 428 2004 Postquam
444 1926 554 1980 autem
579 1913 778 2002 accepissent
800 1909 966 1994 universi,
984 1909 1137 2002 deposuit
1153 1908 1291 2000 falcem3

247 2032 279 2088 et
292 2019 389 2087 arbor
404 2017 460 2086 illa
474 2018 602 2108 integra
617 2017 796 2110 permansit
804 2021 829 2087 ².
846 2044 862 2082 u

296 2130 390 2195 lianc
405 2125 526 2192 iterirm
539 2125 623 2194 circa
643 2127 807 2218 jejunium
833 2124 1025 2194 Parabolam
1047 2125 1227 2218 proponit:

299 2258 314 2294 a
334 2230 473 2313 Quidam
492 2228 568 2298 crim
584 2232 722 2300 haberet
736 2229 902 2317 fundum,
923 2254 1098 2325 servosque
1110 2231 1243 2318 multos,
1259 2232 1296 2302 in

251 2334 395 2432 quidem
410 2351 503 2428 parte
522 2337 618 2404 fundi
634 2337 684 2404 sui
699 2337 809 2428 posuit
823 2337 953 2406 vineam
965 2339 1216 2409 successoribus.
1235 2344 1297 2408 De-

252 2445 331 2513 inde
342 2445 476 2535 peregre
492 2445 671 2534 profectus
684 2444 783 2534 elegit
802 2467 931 2513 servum
948 2470 1047 2538 quem
1059 2448 1204 2517 habebat
1214 2446 1298 2516 lide-

251 2551 423 2633 lissimum,
439 2572 476 2616 ac
488 2550 547 2616 sibi
560 2551 749 2640 probatum,
764 2550 860 2642 eique
875 2550 1049 2640 assignavit
1060 2553 1204 2639 vineam,
1215 2547 1299 2646 praess

251 2657 373 2749 cipiens
399 2668 440 2724 ut·
461 2655 584 2724 vitibus
605 2657 756 2749 jungeret
784 2657 889 2749 palos.
916 2657 1015 2740 Quod
1039 2660 1066 2728 si
1091 2659 1241 2746 fecisset,
1263 2675 1299 2732 et

249 2762 444 2832 mandatum
470 2785 567 2830 suum
594 2763 875 2849 consummisset,
906 2763 1095 2836 libertatem
1124 2765 1235 2834 eidem
1262 2790 1298 2836 se

252 2870 405 2940 daturam
431 2870 622 2959 promisit...
645 2871 822 2960 Postquam
842 2883 951 2938 autem
978 2893 1090 2940 servus
1112 2869 1298 2966 lecitquae-

252 2976 395 3068 cumque
419 2987 619 3066 praeceperat
644 2973 853 3060 Dominus,..
876 2977 977 3068 coepit
999 3000 1111 3047 secum
1140 2978 1186 3047 ita
1206 2979 1303 3069 oogi·.

251 3097 343 3152 tare:
364 3079 501 3150 Fodiam
525 3103 615 3148 nunc
630 3081 760 3149 vineam
775 3081 878 3176 hanc,
895 3097 929 3152 et
948 3085 1010 3153 erit
1029 3085 1205 3155 formosior
1220 3087 1299 3156 clun

248 3187 351 3260 fuerit
366 3185 468 3276 fossa3
487 3201 520 3256 et
537 3187 687 3256 extractis
698 3187 808 3256 herbis
822 3191 981 3282 majorem
997 3189 1091 3261 dabit
1105 3189 1295 3264 fructum...

248 3301 327 3365 Post
347 3292 553 3386 aliquantum
573 3295 652 3364 verb
675 3295 831 3386 temporis
851 3297 943 3366 venit
967 3299 1142 3386 Dominus,
1165 3300 1298 3370 etcum
1346 3313 1352 3322 '

201 3451 203 3456 .
246 3401 420 3488 vidisset...
436 3397 528 3470 laetas
540 3423 609 3470 esse
623 3401 718 3487 vites,
736 3423 776 3470 ex
789 3399 877 3481 fauo
892 3405 956 3473 hoc
972 3407 1054 3473 servi
1070 3407 1121 3475 sui
1137 3406 1297 3499 gaudium

246 3508 344 3600 cepit.
366 3505 527 3576 Adhibita
553 3515 654 3600 atque
677 3505 763 3592 filio,
789 3533 889 3602 quem
915 3511 1052 3581 charum
1073 3527 1106 3582 et
1129 3513 1297 3583 haeredem

84 3630 87 3637 ·
192 3637 204 3668 t
245 3613 403 3698 habebat,
419 3625 453 3680 et
463 3612 574 3682 amicis
586 3611 624 3710 in
633 3611 809 3682 consilio...
823 3615 868 3684 ait
884 3614 946 3685 illis
962 3647 969 3686 :
984 3622 1056 3708 Ego
1068 3619 1205 3712 quidem
1218 3620 1295 3689 huic

246 3717 533 3788 servolibertatem
549 3717 695 3810 promisi,
707 3719 733 3787 si
748 3719 942 3789 custodisset
952 3723 1146 3794 mandatum
1160 3749 1291 3816 meum,

247 3839 280 3894 et
301 3825 481 3894 custodivit
498 3824 602 3913 illud,
621 3839 654 3896 et
666 3830 824 3920 praeterea
840 3851 923 3920 opus
935 3829 1061 3901 bonum
1073 3831 1191 3926 adjecit
1199 3819 1234 3902 in
1245 3833 1294 3904 vi-

285 3961 294 3990 ¹
308 3953 392 4006 Herm.
406 3956 469 4006 east.
483 3952 577 4028 liblm,
587 3953 664 4008 sinit.
677 3971 703 4022 9.
717 3981 750 3994 -
760 3965 770 3994 ²
781 3955 817 4008 tt.
831 3955 892 4010 Ibid.
