2996 4598
295 437 335 496 88
442 453 620 499 nauroarct
644 451 669 496 3.
696 449 847 514 rtunuu,
873 453 949 500 nnus
971 457 1017 515 11,
1043 457 1126 499 sacr.
1153 458 1176 498 1.
1201 483 1205 490 .

294 541 453 621 thalami
468 542 642 645 nuptialis
655 555 666 594 ¹
681 573 800 644 corpus
816 577 916 642 suurn
931 567 964 623 et
979 555 1173 646 sanguinem
1191 553 1332 626 fruenda

291 657 429 730 donhsse
445 661 697 750 confitebimur?

337 795 354 832 a
380 772 489 851 Quare
504 791 579 838 cum
592 770 682 838 omni
695 768 903 860 persuasione
915 773 1073 864 tanquam
1085 793 1204 862 corpus
1220 785 1334 840 etsan·

286 872 424 965 vguinem
439 874 560 944 Christi
572 873 652 963 (illa)
665 895 843 944 sumamus.
860 877 944 945 Nam
956 876 990 944 in
1005 877 1112 967 figurh
1126 875 1219 968 panis
1235 877 1335 946 datur

290 978 349 1048 tibi
364 1002 499 1071 corpus,
518 995 552 1050 et
565 980 601 1048 in
620 980 726 1071 figurat
743 981 812 1048 vini
831 979 929 1050 datur
952 982 1012 1050 tibi
1031 983 1179 1073 sanguis,
1199 997 1238 1052 ut
1256 984 1334 1052 crim

290 1087 464 1178 sumpseris
484 1111 603 1180 corpus
620 1100 653 1154 et
672 1088 862 1176 sanguinem
879 1089 1020 1174 Christi,
1040 1111 1280 1181 concorporeus
1300 1105 1335 1160 et

290 1193 486 1283 consanguis
502 1193 563 1285 ipsi
583 1192 743 1261 efficiaris.
757 1192 809 1262 Sic
825 1193 946 1261 etenim
962 1193 1144 1264 Christiferi
1156 1196 1333 1282 efficimur,

290 1297 468 1368 distributo
480 1299 515 1368 in
529 1300 677 1368 membra
693 1313 803 1368 nostra
818 1323 954 1391 corpore
971 1303 1041 1394 ejus
1058 1298 1277 1392 ctsanguiness
1287 1304 1334 1374 sic

224 1423 234 1440 ‘
286 1406 379 1497 juxti
391 1405 525 1475 beatum
534 1411 667 1476 Petrum
679 1404 807 1476 divinoe
807 1409 922 1500 fimus
934 1421 1117 1478 consortes
1130 1423 1272 1479 noturoe
1282 1417 1308 1479 ².

346 1539 362 1576 »
389 1511 476 1581 Olim
501 1513 649 1583 Christus
677 1536 753 1582 cum
771 1511 894 1582 tudaeis
916 1514 1075 1584 disserens
1091 1514 1200 1584 aiebat
1219 1545 1227 1586 :
1246 1513 1337 1588 Nisi

291 1616 597 1690 manducaveritis
627 1643 748 1689 meam
778 1641 929 1688 carnem
959 1634 994 1688 et
1026 1617 1184 1689 biberitis
1215 1623 1334 1692 meum

289 1727 517 1820 sangumem,
532 1733 605 1795 non
621 1723 800 1795 habebitis
815 1728 930 1794 vitam
946 1722 1099 1809 introbit
1114 1725 1201 1818 apsis
1210 1729 1234 1796 ³.
1247 1729 1335 1798 Cirm

290 1844 400 1900 autern
417 1831 466 1901 illi
482 1856 539 1919 ea,
559 1858 633 1926 qum
649 1833 861 1924 dicebantur,
882 1855 950 1900 non
966 1831 1177 1924 spiritualiter
1191 1836 1335 1928 accepis-

289 1951 362 2006 sent
378 1991 387 2022 ,
402 1935 534 2033 offensi
549 1937 716 2008 obterunt
739 1939 853 2026 retro,
875 1938 1092 2008 existimantes
1107 1938 1200 2032 quod
1215 1965 1269 2012 eos
1292 1945 1335 2012 ad

289 2043 534 2114 manducandas
551 2067 664 2114 carnes
679 2045 866 2114 hortaretur
878 2046 903 2112 ⁴.
1152 2131 1156 2142 1

288 2177 293 2188 ·
336 2174 352 2212 a
378 2153 482 2218 Erant
506 2165 539 2220 et
562 2151 597 2219 in
623 2152 760 2243 antiquo
790 2149 914 2220 foedere
945 2173 1045 2242 panes
1076 2153 1330 2244 propositionis:

288 2253 403 2325 verum
419 2254 467 2324 illi
486 2257 563 2326 ciam
584 2258 626 2326 ad
642 2261 744 2328 Vetus
763 2261 1007 2326 Testamentum
1023 2260 1215 2346 attinerent,
1232 2261 1333 2329 finem

289 2375 496 2454 acceperunt.
517 2367 557 2432 In
575 2367 668 2436 Novo
683 2368 761 2434 verb
782 2369 1007 2452 Testamento,
1021 2367 1114 2458 panis
1129 2381 1178 2435 est
1193 2367 1334 2436 coelestis

289 2483 322 2536 et
338 2467 506 2559 poculum
522 2469 697 2540 salutaris
707 2475 733 2558 ⁵,
745 2471 886 2540 animam
902 2486 936 2540 et
948 2495 1067 2572 corpus
1084 2472 1331 2543 sanctificantia.

289 2573 578 2656 Quemadmodum
587 2577 675 2644 enirn
692 2578 785 2669 panis
802 2579 932 2672 corpori
947 2579 1144 2648 conveniens
1160 2595 1220 2666 est,
1239 2581 1284 2650 ith
1300 2594 1334 2650 et

256 2749 258 2756 ,
289 2679 428 2750 verbum
444 2683 561 2750 animae
576 2695 844 2752 consentaneum.

301 2817 304 2824 .
337 2819 354 2854 a
380 2791 600 2872 Quamobrem
612 2813 654 2860 ne
666 2795 824 2886 tanquhm
840 2791 936 2862 nudis
949 2799 998 2878 (et
1013 2795 1245 2864 communibus
1265 2795 1334 2876 ele÷

290 2899 434 2989 mentis),
452 2900 529 2990 pani
545 2913 578 2967 et
595 2899 673 2967 vino
693 2899 948 2988 (eucharisticis)
965 2899 1108 2968 attende.
1136 2903 1219 2969 Sunt
1244 2901 1333 2970 enim

290 3025 409 3096 corpus
429 3019 462 3072 et
483 3004 614 3093 sanguis
626 3005 762 3088 Christi,
781 3003 963 3073 secundum
975 3005 1105 3074 Domini
1122 3009 1333 3076 asseveratio-

253 3149 257 3155 -
291 3133 379 3180 nem.
402 3113 485 3180 ΝΜ
502 3111 627 3178 etiarnsi
645 3109 729 3178 illud
749 3112 809 3180 tibi
825 3126 976 3204 suggerat
987 3135 1111 3198 sensus,
1125 3113 1207 3182 fides
1224 3127 1333 3185 tamen

291 3231 324 3286 te
338 3230 466 3284 certum
481 3231 515 3285 et
525 3217 658 3284 firmum
670 3219 800 3287 efficiat.
819 3221 1003 3312 Nejudiees
1014 3244 1082 3290 rem
1097 3245 1135 3290 ex
1151 3233 1261 3311 gustu,
1276 3223 1333 3292 sed

293 3347 333 3392 err
344 3324 410 3392 fide
425 3325 505 3393 citrh
518 3323 620 3392 ullam
633 3325 873 3395 dubitationem
884 3342 993 3414 certus
1009 3343 1079 3397 esto
1094 3343 1127 3397 tc
1139 3331 1284 3422 corporis
1300 3345 1333 3400 et

293 3430 459 3522 sanguinis
472 3429 592 3500 Christi
602 3431 691 3501 dono
703 3432 875 3524 dignatum
892 3431 1001 3503 fuisse.

338 3565 354 3601 »
374 3539 476 3628 Cujus
492 3537 538 3605 rei
554 3561 628 3630 quae
648 3539 689 3606 sit
704 3539 767 3624 vis,
785 3539 923 3630 explicat
946 3539 1070 3626 David,
1088 3539 1200 3609 dicens
1221 3570 1231 3610 ι
1257 3543 1330 3612 Ρα·

293 3639 430 3740 rcistiz'n
438 3657 717 3736 conspectumeo
725 3669 888 3714 mensam
897 3670 944 3714 ezr
954 3643 1107 3716 adverso
1117 3648 1160 3715 iis
1170 3647 1234 3736 qui
1242 3646 1331 3749 affli-

288 3753 478 3844 guntme⁶
487 3752 583 3832 Quod
591 3765 700 3820 autem
711 3751 756 3820 ait
759 3751 966 3845 hujusmodi
976 3755 1140 3823 esrnnte
1151 3753 1331 3824 adrentum

266 3915 267 3920 ¹
329 3897 1326 4008 ’ΜΜΜώ12ΜΜΗ4-ΗΜΠἎ.-ΗΜὼώπ

212 4009 214 4018 κ
295 3978 586 4046 Qdfflmm.
601 3979 814 4046 mum.
