2964 4576
241 429 324 514 >102
407 439 634 497 retroneis
660 411 816 500 etatum,
841 441 918 492 erus
940 443 985 500 rr,
1011 441 1096 502 sacr.
1124 441 1147 490 ι

260 565 377 638 posse
369 540 412 612 ad
425 539 527 618 solam
537 537 664 626 stellam
676 536 786 613 refer
763 561 800 626 n,
812 536 868 607 sed
878 537 920 614 ad
929 541 1032 611 Deum
1045 536 1102 630 qui
1115 558 1228 608 eorum
1237 535 1305 612 anie
1410 587 1414 596 .

264 671 335 739 mos
346 645 539 740 concitauit:
550 642 585 740 id
596 642 687 738 quod
699 644 797 725 etiam
813 643 848 717 in
859 646 946 732 Cyro
957 641 1092 728 fecit,
1059 665 1136 732 cura
1146 643 1215 734 eins
1230 641 1305 732 ani-

263 777 355 851 mum
371 751 516 845 induxit,
534 763 572 822 ut
588 748 721 840 ludaeos
738 749 953 838 dimitteret¹;
970 772 1077 842 neque
1094 762 1205 826 tamen
1220 729 1306 839 illud

261 860 307 944 ita
314 871 467 952 operatus
475 869 536 941 est,
548 869 587 946 ut
596 854 817 948 liberumejns
825 854 997 932 arbitrium
1007 851 1305 938 tolleretQ'uando

261 964 397 1062 quidem
411 977 444 1035 et
460 959 744 1042 cirmPaulumex
758 958 987 1046 straverant,
1010 974 1044 1028 et
1056 960 1193 1050 gratiam
1210 982 1304 1036 suam

260 1084 293 1140 et
317 1071 387 1162 ejus
413 1066 664 1160 obsequentiam
680 1066 897 1158 *conspicuam
912 1065 1053 1134 effecte.
1070 1070 1132 1149 lt,
1153 1065 1302 1158 inquies,

260 1201 319 1262 cur
335 1199 403 1248 non
418 1173 691 1264 omnibnsmagis
706 1173 771 1244 hoc
795 1173 902 1302 ipsum
931 1170 1110 1250 revelavit?
1130 1171 1212 1254 Quia
1235 1196 1305 1249 non

260 1304 375 1371 omnes
400 1279 558 1358 credituri
586 1292 699 1368 erant·
728 1277 866 1364 bivero
897 1292 990 1348 erant
1016 1276 1085 1348 aliis
1112 1279 1300 1370 paratiores.

262 1385 475 1488 Siquidem
442 1407 527 1468 ctam
533 1385 715 1463 innumerae
726 1396 838 1474 gentes
857 1385 1013 1479 perirent,
1026 1385 1068 1463 ad
1078 1385 1237 1456 Ninivitas
1252 1409 1305 1462 so·

168 1577 173 1587 ,
261 1492 332 1574 lum
350 1493 513 1589 Propheta
528 1491 643 1566 missus
646 1501 728 1582 esta
746 1487 894 1582 dumque
920 1503 1013 1563 erant
1028 1491 1063 1562 in
1086 1514 1184 1560 cruce
1205 1489 1306 1560 latro·

258 1621 335 1683 nes,
354 1608 387 1668 et
409 1595 526 1676 altert
512 1595 643 1676 tantiam
667 1595 806 1678 salutem
826 1611 941 1670 nactos
956 1610 1026 1686 cst3
1017 1597 1197 1687 horum
1189 1601 1303 1700 ltaque

261 1705 417 1790 virtutem
431 1701 616 1796 perpende3
637 1725 706 1770 non
721 1700 813 1794 quod
840 1703 1010 1788 venerint,
1028 1701 1086 1772 sed
1112 1701 1204 1796 quod
1226 1728 1304 1774 cnm

259 1809 382 1894 fiducia
394 1821 427 1894 et
441 1807 629 1900 simpliciter
645 1809 782 1898 egerint.
796 1807 927 1876 Etenim
941 1833 983 1876 ne
1000 1807 1243 1894 subdolemiasi
1252 1811 1303 1880 vi-

260 1917 417 2012 ,deanturp
433 1929 465 2000 et
478 1939 546 2010 quo
560 1913 646 1996 duce
657 1901 827 1998 venerint,
846 1927 880 1982 et
897 1913 958 1986 viae
969 1914 1214 2009 longitudinem
1224 1941 1304 1991 nar-

260 2035 353 2106 rant,
372 2035 404 2090 ct
423 2017 583 2114 loquendi
598 2018 753 2100 fiduciam
770 2019 925 2098 exhibent
941 2052 950 2110 3
977 2023 1055 2091 nam
1079 2023 1197 2100 aiunt:
1225 2021 1269 2094 V
1267 2048 1305 2092 e-

263 2127 382 2216 nimus
406 2123 567 2212 adorare
589 2127 717 2192 eum³l
733 2149 840 2218 neque
865 2123 979 2218 populi
1004 2125 1171 2212 furorem,
1194 2151 1304 2227 neque

261 2237 344 2321 regis
362 2230 570 2324 tyrannidem
587 2229 803 2302 reformidant
819 2261 825 2301 ι
840 2246 1040 2326 quapropter
1052 2231 1206 2302 videntur
1222 2235 1304 2310 mihi

261 2338 359 2420 etiam
382 2336 617 2414 contribulium
638 2360 773 2406 suorum
799 2337 952 2406 ductores
977 2338 1067 2413 domi
1088 2336 1198 2408 luisse.
1218 2343 1303 2419 me

262 2443 320 2538 qui
346 2443 417 2512 istie
438 2441 522 2528 illud
542 2438 651 2510 dicere
673 2465 746 2530 non
770 2441 965 2524 dubitarunt
978 2496 992 2530 ,ι
1016 2443 1124 2514 multb
1149 2445 1250 2535 magis
1267 2446 1303 2524 in

261 2549 365 2646 patria
380 2549 439 2620 sud
461 2549 499 2616 ed
523 2547 565 2618 de
582 2571 616 2615 re
630 2548 733 2618 locuti
752 2546 855 2616 libere
879 2547 1003 2617 suerint
1016 2551 1166 2644 ‚quippe
1193 2552 1304 2646 quiet

261 2653 433 2740 oraculum
446 2653 567 2746 Angeli
592 2653 814 2748 accepissent,
833 2668 866 2722 et
886 2655 1073 2760 Prophetae
1078 2657 1302 2760 testimonium

261 2759 409 2830 allatum.
432 2755 682 2828 Audiense
617 2775 682 2829 αιιι
684 2783 742 2828 em
760 2757 948 2846 Heroden,
966 2763 1027 2848 ait,
1049 2733 1171 2832 turbbt
1158 2778 1214 2833 tus
1226 2759 1300 2851 est,

262 2882 298 2937 et
312 2845 869 2960 omnrsJeroiolymacumzllo.
845 2870 857 2907 4
893 2873 972 2936 Jure
987 2815 1121 2964 qriidcm
1133 2871 1300 2964 Herodes

260 2975 319 3074 qui
348 2988 516 3060 rexerat,
543 2975 605 3042 sibi
630 2973 771 3066 filiisque
799 2973 963 3044 timebat:
993 2975 1197 3068 ierosolyma
1222 2928 1302 3050 verti
1333 2987 1336 2990 ”

259 3081 362 3174 quare
377 3081 508 3148 turbata
523 3093 590 3164 est,
608 3078 879 3174 quandoquidem
895 3082 1000 3174 ipsum
1022 3097 1054 3151 et
1078 3100 1299 3174 servatorem,

259 3199 292 3254 et
303 3183 502 3272 beneficum,
516 3199 549 3252 et
563 3183 800 3257 liberatorem
777 3210 844 3279 Jam
855 3186 933 3256 olim
949 3191 1121 3309 Prophetae
1137 3191 1300 3284 praedixe-

258 3293 353 3380 rant?
368 3293 436 3360 Cur
451 3315 529 3382 ergo
515 3291 664 3360 turbati
676 3295 774 3362 sunt?
785 3293 910 3378 Eodem
925 3296 1048 3366 animo
1057 3323 1124 3392 quo
1140 3286 1220 3368 olim
1237 3301 1301 3388 bc-

257 3397 399 3490 pelicum
410 3393 1303 3498 Deumarersabanturetcarncsrllasaegyptracascorn-

257 3471 503 3588 memorabant,
527 3501 609 3572 ditm
628 3508 719 3582 tanta
746 3503 934 3575 fruerentur
959 3507 1122 3598 libertate
1147 3516 1195 3580 Tu
1219 3517 1299 3585 verb

254 3607 336 3728 mihi
351 3609 516 3706 perpende
542 3625 693 3680 accurata
713 3614 951 3704 Prophetarum
974 3613 1083 3684 dieta:
1107 3642 1184 3686 nam
1211 3620 1297 3700 illud

254 3713 361 3804 ipsum
373 3715 442 3815 jam
460 3711 538 3796 olim
555 3716 787 3810 praenuntiavit
803 3721 966 3810 Propheta
987 3721 1037 3788 his
1054 3722 1162 3791 verbis
1186 3754 1192 3792 :
1225 3725 1298 3796 Crt-
1328 3791 1331 3800 .

249 3817 352 3910 pr'ent
363 3817 501 3914 sifacti
513 3834 595 3890 sunt
607 3822 690 3916 igne
701 3819 897 3907 combusti}
918 3825 1003 3914 quia
1013 3851 1106 3917 puer
1121 3843 1299 3902 natusest

288 3955 296 3980 ¹
312 3945 388 3996 Paral.
402 3963 482 3998 xxxvi.
497 3975 529 3986 -
544 3961 555 3986 ²
568 3953 623 4000 Act.
634 3965 667 3999 tx.
679 3917 720 3986 i-'
730 3947 741 3986 ³
750 3949 836 4001 natet.
848 3967 874 4014 u,
887 3965 911 4004 ι.
926 3978 958 3990 -
971 3950 984 3999 l
996 3953 1056 4004 lbid.
1076 3959 1100 4005 3.
