2982 4584
254 401 356 451 cirne
379 401 425 448 vr.
450 399 494 448 ne
515 398 674 448 ameno
696 399 733 446 ut
747 395 1138 450 contemnentium.
1165 380 1231 448 tte

187 517 249 576 est.
271 505 319 576 dc
338 495 620 594 quemadmodem
630 494 727 567 illum
742 515 857 575 omues
871 498 1232 584 execrantur‚itlhuic

188 631 301 682 omnes
317 606 404 680 bend
426 616 625 698 precantur,
652 623 690 670 ac
709 601 796 672 sicut
809 600 865 672 ille
879 601 1012 676 nullum
1026 604 1127 677 habet
1141 608 1231 678 'ami-

187 739 263 788 cum
277 768 287 802 ‚
301 715 348 786 sic
357 714 420 786 iste
436 710 570 782 nullum
584 706 769 778 inimicum.
785 707 872 791 Quid
884 709 1003 800 igitur,
1020 710 1093 780 hee
1108 711 1145 782 in
1154 735 1232 790 con·

184 823 272 897 fesso
296 820 374 892 crim
395 819 482 903 siut,
509 827 570 888 eut
590 813 738 908 nequitil
767 813 1004 907 injucundius,
1027 829 1086 886 aut
1108 817 1232 890 virtute

186 928 327 1002 suavius
343 922 466 998 tuerit?
496 921 569 994 Ino
589 921 669 992 seed
695 920 823 1002 etiamsi
837 919 1011 992 innumera
1029 919 1228 1013 dixerimus,

180 1057 285 1112 nemo
299 1029 354 1108 vel
373 1029 446 1102 uitii
460 1021 658 1115 moerorem,
672 1027 727 1100 vel
740 1027 872 1100 virtutis
892 1027 1106 1122 Voluptatem
1121 1032 1231 1102 verbis

178 1141 368 1235 exprimere
378 1137 497 1230 possit,
512 1134 619 1208 denec
641 1133 699 1206 itte
712 1133 875 1208 fruamur.
894 1139 988 1206 Tunc
1002 1136 1139 1208 enimet
1153 1136 1231 1221 felle

184 1248 335 1330 amarius
346 1241 551 1317 inveniemus
565 1241 704 1330 vitium,
722 1241 802 1314 cim
815 1241 881 1327 mel
892 1242 1024 1316 virtutis
1039 1245 1232 1336 degustabi-

154 1421 155 1424 ,
177 1377 270 1430 ¹restis.
291 1351 351 1425 Est
370 1351 459 1422 enim
479 1349 579 1422 etiam
593 1372 681 1422 nune
699 1349 836 1437 utinm,
851 1349 1092 1444 injucundum,
1110 1375 1231 1426 oneru-

184 1473 308 1546 sumet
323 1458 519 1550 molestum,
533 1457 626 1554 quod
640 1479 749 1551 neque
763 1457 813 1528 illi
828 1471 963 1550 negant,
977 1459 1036 1552 qui
1049 1459 1112 1550 ipsi
1126 1459 1233 1532 samn-

184 1567 307 1642 lantur.
338 1564 424 1640 ctu
457 1578 571 1644 autem
599 1564 643 1638 ah
663 1563 721 1642 illc
747 1563 1021 1650 abscesserimus,
1047 1561 1120 1634 tiun
1142 1564 1232 1640 illius
1306 1633 1309 1638 ,

155 1701 159 1710 ·
184 1675 401 1768 acerba-jussa
416 1671 602 1746 accuratius
616 1673 806 1745 sentiemus.
820 1671 962 1756 Quodsi
976 1671 1131 1744 multiad
1146 1671 1232 1746 illud

178 1793 379 1868 accurrant,
404 1779 489 1852 nihil
503 1779 646 1869 mirum,
663 1777 934 1872 quandoquidem
949 1792 984 1848 et
1003 1779 1099 1872 pueri
1119 1779 1229 1872 πρὸ,
1360 1801 1363 1807 ’

182 1885 293 1978 minim
310 1885 424 1959 dulcia
443 1885 619 1977 eligentes,
644 1907 683 1956 ea
701 1905 778 1978 quac
800 1885 904 1976 magis
926 1883 1094 1958 delectent
1117 1885 1231 1979 despi-

118 2056 123 2064 .
182 1993 296 2082 ciunt,
310 2006 345 2064 et
354 1993 470 2086 aegroti
482 2015 544 2085 pro
557 1992 647 2064 fluxi
662 1991 822 2086 brevique
833 1992 949 2084 gratie,
963 2006 1159 2088 perpetuam
1173 2008 1230 2066 tu-

102 2165 106 2168 ,
182 2102 367 2194 tioremque
388 2099 539 2172 lentitiam
564 2099 756 2175 amiserunt.
779 2102 851 2170 Hoc
867 2113 977 2172 autem
992 2102 1231 2178 erimantium

182 2207 411 2281 imbecillitate
427 2221 462 2280 et
476 2207 617 2280 stultitil
628 2209 801 2300 provenit,
815 2231 884 2280 nou
903 2232 944 2282 ex
958 2210 1028 2302 ipsi
1042 2233 1154 2282 rerum
1168 2233 1230 2282 rra·

78 2367 82 2371 -
182 2316 271 2392 turi.
288 2315 352 2402 Qui
367 2315 548 2389 enimcum
569 2313 749 2408 Voluptate
763 2315 860 2403 vivit,
878 2315 906 2386 is
931 2329 980 2388 est
999 2317 1059 2410 qui
1072 2319 1231 2390 virtutem

126 2423 133 2438 ”
183 2436 343 2515 sectatur,
360 2423 415 2494 hic
425 2423 502 2494 vere
517 2420 654 2493 diveset
664 2423 741 2495 vere
754 2421 838 2493 liber
852 2436 913 2494 est.
924 2421 1025 2506 Quod
1038 2424 1065 2494 si
1079 2424 1155 2516 quis
1167 2423 1230 2498 elia

183 2530 320 2624 quidem
341 2531 459 2602 virtuti
478 2531 694 2618 concesserit,
724 2525 933 2618 libertatem,
961 2531 1192 2619 motinensem,
1209 2532 1230 2601 l

184 2637 272 2712 euris
285 2657 428 2709 vacuum
442 2657 535 2720 esse,
560 2637 727 2708 nemnem
749 2637 886 2722 timere,
913 2638 1079 2710 neminem
1095 2660 1231 2731 suspec-

184 2759 258 2815 tum
274 2743 422 2832 habere,
439 2738 653 2833 Voluptatem
672 2742 753 2814 vert
775 2742 838 2834 ipsi
853 2764 923 2817 non
941 2745 1155 2830 concesserit,
1173 2747 1229 2818 hic

183 2845 733 2942 mihiinmentsmrenietprofusl
742 2845 861 2920 ridere.
876 2847 963 2930 Quid
973 2851 1063 2923 enim
1073 2848 1166 2922 aliud
1179 2865 1230 2922 est

184 2955 358 3048 Voluptas,
375 2953 478 3048 quiam
490 2953 613 3028 l-cutis
627 2953 776 3050 liberari,
793 2955 964 3043 ltimore,
977 2957 997 3028 a
1012 2977 1172 3044 moerore,
1195 2971 1230 3028 et
1272 2985 1275 2990 ·

182 3066 204 3138 l
218 3061 312 3137 nulle
325 3085 361 3132 re
371 3079 466 3154 posse
480 3061 620 3138 vinciri?
636 3065 716 3135 Uter
729 3061 837 3150 euim,
851 3086 982 3158 quaeso,
994 3064 1037 3137 iu
1049 3063 1229 3156 Voluptate
1292 3111 1306 3144 ‚v

182 3184 252 3258 est,
281 3171 365 3244 isne
383 3169 444 3261 qiu
465 3165 564 3256 furit,
586 3169 746 3261 aptatur,
770 3183 804 3242 et
823 3171 843 3244 lt
864 3169 978 3244 multis
992 3171 1229 3266 cupiditatibus

183 3274 396 3360 confoditur,
412 3277 521 3367 neque
536 3273 627 3366 apud
641 3297 676 3347 se
691 3275 859 3366 consistit,
876 3301 919 3348 an
931 3279 994 3371 qui
1009 3279 1052 3350 ab
1072 3280 1228 3353 omnibns
1324 3337 1328 3344 .
1360 3328 1365 3336 .

170 3373 274 3462 vhisee
285 3381 444 3458 fluctibus
469 3380 574 3467 liber,
592 3381 627 3452 in
642 3380 851 3474 philosophis
865 3405 928 3455 ceu
948 3385 984 3456 in
998 3399 1098 3478 portu
1113 3387 1228 3458 sedet?
1335 3433 1336 3436 =

184 3499 308 3572 Annon
321 3491 431 3586 pillm
446 3491 598 3564 ssthunc
608 3488 773 3565 essetSed
785 3490 850 3564 hoc
867 3493 1012 3564 comitur
1023 3494 1138 3564 virtuti
1152 3517 1228 3586 pru·
1322 3549 1324 3553 .

184 3601 307 3694 prium.
321 3597 438 3692 [taque
452 3597 586 3684 vitium,
596 3596 837 3673 solumncmen
851 3597 954 3670 habet
968 3598 1173 3692 Voluptatis,
1191 3623 1228 3672 re

184 3721 296 3782 autem
309 3705 530 3798 ipstvacuum
544 3718 605 3776 est.
625 3707 670 3776 Et
684 3706 861 3800 antequem
876 3703 935 3778 ills
944 3705 1083 3798 frueris,
1101 3707 1227 3780 insania

143 3907 144 3911 Ἴ
183 3828 247 3902 est,
262 3829 331 3887 nun
342 3811 505 3905 Voluptas
516 3843 526 3902 3
537 3811 715 3906 postquem
723 3809 781 3880 itte
794 3811 863 3886 frui
877 3812 1064 3904 contigerit,
1079 3813 1149 3906 ipsa
1162 3826 1226 3884 sta-

184 3923 244 3992 tim
259 3919 471 4011 extinguitur.
491 3919 525 3993 Si
545 3921 626 4012 ergd
638 3917 748 4013 neque
761 3918 876 4009 initio,
895 3939 1007 4013 neque
1019 3921 1132 4018 postet
1147 3918 1225 3993 licet
