2984 4580
255 395 318 460 ⁴28
401 393 580 491 aaaroniot
603 415 628 460 s.
655 411 805 476 struunt,
829 413 906 460 rus
928 417 976 477 rr,
1001 411 1085 460 secu.
1111 417 1135 458 1.

253 513 431 586 sericordes
444 515 502 608 qni
514 513 676 584 alimentis
690 528 723 584 et
735 514 961 604 largitionibus
971 537 1153 608 pauperum
1160 513 1296 606 justitiae
1344 566 1352 575 .

253 644 353 714 opera
367 619 518 692 fecerunt
535 650 543 691 :
560 622 618 714 qui
630 619 795 692 dominica
808 635 971 714 praecepta
987 634 1153 691 servantes
1170 619 1214 690 ad
1226 643 1297 692 coe-
1318 655 1319 662 κ

124 735 130 745 “
252 727 349 798 lestes
365 729 534 798 thesauros
547 741 676 798 terrena
690 727 884 819 patrimonia
896 725 1147 796 transtulerunt.
1159 725 1212 796 td
1223 727 1295 813 hos,

206 825 210 838 ⁸
254 838 384 904 Fratres
410 833 629 922 dilectissimi,
659 833 754 906 aridal
783 833 965 928 cupiditate
995 856 1231 930 properemus,
1261 846 1300 904 ut
1354 887 1358 898 ,

255 965 331 1014 cum
350 941 401 1012 his
416 943 482 1012 cito
497 965 586 1028 esse,
609 955 648 1012 ut
670 941 736 1013 citb
754 940 796 1012 ad
813 937 987 1012 Christum'
996 941 1110 1011 venire
1129 942 1314 1042 contingat,

195 1131 197 1137 ¹
256 1061 418 1142 optemus.
435 1053 528 1120 Hanc
542 1047 777 1145 cogitationem
804 1062 949 1118 nostram
976 1053 1064 1119 Deus
1091 1046 1219 1137 vide'at3
1235 1048 1300 1116 hoc

147 1167 150 1174 '
255 1159 460 1251 propositum
485 1159 603 1226 mentis
626 1170 659 1226 et
683 1155 760 1226 fidoi
787 1158 945 1227 Dominus
966 1157 1117 1228 Christus
1144 1156 1298 1248 aspiciat,

256 1265 393 1356 daturus
416 1265 462 1336 eis
483 1263 594 1356 gloriae
616 1287 684 1334 suae
700 1263 858 1357 ampliora
880 1263 1034 1357 praemia,
1056 1285 1198 1356 quorum
1215 1263 1301 1333 circa

256 1395 290 1446 se
305 1371 430 1444 luerint
444 1371 603 1444 desideria
618 1375 743 1467 majora
759 1376 783 1440 ¹.
804 1401 821 1438 n

300 1483 375 1552 Non
395 1480 543 1550 miranda
559 1477 669 1550 mimis
678 1479 820 1549 occurrit
842 1477 986 1572 ejusdem
1004 1477 1047 1548 de
1065 1477 1302 1548 Exhortatione

257 1585 406 1676 martyrii
421 1586 612 1656 Peroratio:
1005 1604 1008 1614 ‘
1090 1677 1098 1683 ἱ

304 1723 321 1792 o
339 1692 429 1766 Non
452 1707 551 1780 sant,
569 1693 678 1787 inquit
691 1688 884 1786 Apostolus,
906 1688 1097 1787 condignae
1112 1693 1303 1786 passiones

259 1800 366 1898 bajus
383 1804 552 1894 temporis
579 1799 633 1872 ad
650 1801 946 1894 superventuram
966 1797 1195 1886 claritatem,
1222 1823 1303 1890 quoe

213 1947 216 1952 Δ
259 1907 480 1982 revelabitur
501 1910 538 1979 in
558 1907 661 1979 nobis
679 1912 704 1978 ².
723 1911 802 1992 Quis
824 1909 903 2001 ergb
922 1931 991 1999 non
1007 1907 1163 1978 omnibus
1178 1907 1303 1977 viribus

260 2015 467 2088 elaboretad
489 2029 614 2087 tantam
631 2016 814 2086 claritatem
829 2017 1019 2109 pervenire,
1043 2029 1082 2084 ut
1107 2015 1228 2084 amicus
1244 2015 1304 2084 Dei

190 2189 202 2206 ,
258 2125 329 2211 frat,
347 2138 385 2194 ut
403 2147 481 2195 cum
496 2126 627 2196 Christo
642 2126 751 2194 statim
766 2123 929 2216 gaudeat?
944 2138 982 2194 ut
997 2137 1071 2216 post
1083 2121 1249 2194 tormenta
1270 2136 1306 2192 et

260 2230 419 2324 supplicia
435 2245 584 2317 terrena,
611 2231 746 2324 praemia
765 2231 878 2301 divina
900 2231 1083 2322 percipiat?
1097 2231 1131 2300 Si
1147 2225 1306 2299 militibus

259 2336 470 2410 saecularibus
489 2337 668 2430 gloriosum
686 2352 753 2424 est,
772 2352 823 2428 ut,
839 2338 934 2408 hoste
949 2337 1091 2422 devicto,
1109 2335 1246 2406 redeant
1269 2338 1303 2405 in

260 2444 400 2534 patriam
418 2444 674 2535 triumphantes,
693 2445 818 2535 quantb
834 2445 942 2535 potior
957 2458 991 2513 et
1003 2445 1106 2538 major
1123 2457 1172 2512 est
1183 2441 1302 2534 gloria,

141 2538 143 2544 ’
233 2609 235 2614 .
261 2550 348 2618 victo
358 2549 505 2634 diabolo,
518 2550 560 2618 ad
571 2549 759 2642 paradisum
769 2551 1028 2642 triumphantem
1040 2550 1158 2636 redire,
1170 2564 1203 2619 et
1215 2550 1305 2618 unde

246 2655 368 2729 ,Adam
387 2670 542 2749 peccator
560 2659 683 2751 ejectus
704 2671 769 2744 est,
785 2657 876 2744 illim,
901 2672 1064 2753 prostrato
1084 2661 1204 2752 eosqui
1229 2658 1305 2727 ante

188 2823 191 2828 .
261 2762 435 2857 dejecerat,
452 2765 600 2858 trophaea
615 2765 761 2837 victricia
776 2767 1092 2858 reportaretofferre
1103 2771 1173 2836 Deo
1187 2788 1304 2858 accep·

264 2871 422 2942 tissimum
438 2893 573 2958 munus,
591 2873 816 2964 incorruptam
832 2871 944 2960 fidem,
963 2887 996 2942 et
1011 2873 1168 2942 virtutem
1186 2872 1306 2944 mentis

261 2977 478 3077 incolumem,
495 2967 628 3048 laudem
648 2977 831 3049 devotionis
854 2970 1034 3050 illustrem?
1049 2980 1142 3050 lateri
1163 2983 1233 3074 ejus
1253 2987 1306 3048 as'·

227 3133 228 3136 ¹
261 3087 372 3154 sistere
386 3084 462 3154 edm
478 3083 597 3153 sederit
609 3083 839 3176 judicaturus?
854 3087 1060 3158 oohaeredem
1080 3087 1201 3159 Christi
1216 3087 1304 3173 fieri,

262 3188 386 3280 angelis
412 3191 695 3283 adaequari,cum
716 3193 926 3284 patriarchis,
945 3217 1022 3264 oum
1041 3194 1211 3286 apostolis,
1229 3215 1305 3263 curn

261 3297 429 3391 prophetis
446 3295 587 3370 coelestis
612 3298 705 3389 regni
724 3299 925 3392 possessione
944 3300 1071 3372 laetari?
1093 3304 1158 3370 Has
1182 3301 1306 3391 cogita-
1387 3331 1391 3337 ’

207 3490 211 3496 ,
262 3405 367 3476 tiones
388 3429 463 3498 quae
483 3405 665 3498 persecutio
684 3419 793 3498 potest
810 3407 958 3488 vincere,
981 3433 1057 3502 quae
1076 3421 1214 3500 possunt
1236 3421 1307 3478 tor-

262 3525 373 3583 menta
392 3504 680 3604 superarePDurat
694 3511 789 3582 fortis
803 3529 837 3581 et
852 3511 978 3583 stabilis
992 3514 1149 3604 religiosis
1165 3514 1306 3583 medita·

262 3619 407 3688 tionibus
420 3615 557 3688 fuudata
570 3641 674 3703 mens,
687 3631 721 3686 et
736 3619 890 3690 adversius
906 3617 1019 3689 'omnes
1034 3620 1159 3691 diaboli
1167 3634 1313 3707 terrores¹

263 3738 296 3794 et
311 3725 414 3794 minas
429 3724 547 3794 mundi
564 3725 697 3796 animus
707 3723 883 3796 immobilis
899 3740 1045 3819 perstat,
1060 3750 1161 3822 quem
1173 3724 1306 3796 futuro·

262 3829 337 3902 rum
355 3833 435 3903 fides
450 3847 538 3904 certa
555 3846 588 3902 et
603 3831 705 3902 solida
722 3835 912 3904 corroborat
930 3863 948 3928 :x
959 3833 1163 3920 'clauduntur
1177 3833 1214 3902 in
1228 3857 1307 3925 per-

300 3965 344 4012 ¹S.
358 3963 430 4028 cypr.
444 3963 475 4014 de
488 3961 589 4013 Mortal.
604 3987 635 3999 -
654 3971 664 3998 ²
683 3967 751 4016 Rom.
770 3979 822 4028 rrrr,
839 3961 878 4012 rs.
920 3941 937 3964 ⁹
