2930 4582
240 453 304 513 228
389 425 568 509 adanorum
591 461 618 506 s.
644 460 797 524 arcuum,
822 457 899 508 atas
922 465 968 524 11,
994 463 1078 508 ruer.
1104 466 1129 505 1.

240 565 360 651 robur,
378 563 605 635 inconcussam
620 561 776 632 Ecclesiae
794 574 844 631 tot
856 561 943 629 inter
954 560 1113 654 procellas
1131 583 1283 654 perseve-

235 669 379 740 rantiam
395 667 549 740 ostendit.
571 668 627 739 Sin
647 681 770 754 autem,
796 682 834 737 ut
857 665 974 737 mundi
992 682 1201 762 contemptus
1229 670 1283 736 in-

236 777 397 861 sinuetur,
409 775 531 848 Christi
539 775 689 867 pauperis
698 772 917 866 incunabula,
929 789 968 844 ut
980 776 1104 869 peccati
1116 776 1285 866 ingeratur

235 883 370 972 odium,
387 871 475 953 'crux
506 882 565 951 Dei
586 881 776 971 morientis3
809 895 848 950 ut
869 901 961 952 amor
988 881 1156 976 pudicitiae
1180 883 1285 975 major

236 1006 418 1078 accrescat,
440 986 650 1070 immaculata
671 987 837 1078 virginiam
858 989 1044 1080 integritas3
1061 1002 1100 1058 ut
1115 975 1284 1082 p'oeniten-

147 1116 156 1138 ·
212 1107 215 1114 “
234 1099 290 1167 tiae
312 1095 460 1167 studium
475 1092 691 1180 accendatur,
712 1118 826 1186 aspera
849 1109 998 1164 veterum
1014 1095 1286 1164 anachoretarum
1385 1166 1388 1171 ,

234 1206 370 1294 vita3ut
380 1217 558 1271 exacuetur
569 1198 712 1293 denique
723 1201 977 1300 'christianorum
988 1202 1072 1272 acies
1084 1202 1283 1288 animorum,

235 1307 497 1408 inexpugnabilis
513 1319 696 1395 martyrum
719 1307 877 1398 patientia
896 1319 1190 1394 commemoretur,
1212 1319 1285 1377 tro·
1312 1313 1314 1318 '

235 1413 427 1510 pologrca,
451 1412 566 1497 idest,
590 1411 633 1480 ad
650 1435 757 1482 mores
774 1413 960 1505 pertinens,
978 1413 1100 1483 dicitur
1121 1415 1282 1484 Narratio.

237 1521 290 1592 nd
315 1519 466 1590 eamdem
486 1517 686 1589 Narrationis
711 1519 853 1611 speciem
883 1532 1032 1614 spectant
1058 1519 1115 1588 illa
1142 1519 1285 1588 historiae

201 1677 203 1680 -
237 1625 400 1718 exempla,
417 1625 540 1718 quibus
555 1624 711 1694 vitiorum
727 1623 929 1712 deformitas,
943 1639 976 1694 ct
991 1623 1203 1718 peccatorum
1217 1649 1285 1717 poe-

237 1757 290 1803 nae
310 1733 346 1801 in
361 1745 506 1800 mentem
522 1745 738 1816 revocantur,
756 1731 862 1824 qualis
878 1745 927 1800 est
939 1731 1056 1800 diluvii
1072 1747 1201 1802 sontem
1218 1731 1285 1800 dis-

168 1842 171 1852 '
238 1839 394 1910 solventis
410 1839 527 1908 orbem
542 1837 729 1930 descripti0,
744 1837 798 1906 vel
816 1835 1006 1907 Sodomitici
1014 1838 1101 1929 ignis
1112 1837 1282 1908 memoria.

283 1951 384 2017 Facta
404 1959 533 2031 autem,
561 1943 623 2012 alia
639 1943 680 2012 ex
699 1944 796 2012 sacris
818 1939 1012 2034 Scripturis‚
1033 1943 1096 2014 alia
1111 1968 1150 2014 ex
1166 1969 1287 2015 monu-

239 2055 357 2128 mentis
368 2052 550 2138 Ecclesiae,
571 2049 633 2120 alia
648 2052 725 2121 verb
738 2076 777 2120 ex
790 2051 935 2143 ipsismet
947 2052 1086 2122 ethnicis
1097 2054 1287 2123 auctoribus

238 2163 409 2254 decerpta,
434 2182 566 2229 narrare
589 2159 625 2226 in
645 2157 851 2228 sermonibus
877 2171 909 2227 et
928 2157 963 2228 in
987 2159 1113 2252 scriptis
1136 2159 1287 2230 solebant

238 2269 337 2366 primi
354 2274 529 2356 Doctores3
548 2289 629 2356 quas
647 2279 758 2334 autem
774 2265 809 2334 in
824 2263 987 2336 narrando
1003 2266 1171 2336 tenuerint
1188 2291 1303 2359 regu--

239 2375 287 2448 las
305 2374 421 2455 sedulb
437 2371 688 2444 attendendum.

286 2487 334 2554 1⁰.
345 2487 450 2555 Sacrae
466 2481 646 2574 praesertim
661 2477 838 2570 Scripturae
853 2476 939 2548 facta
955 2481 1040 2572 saepe
1052 2481 1170 2574 saepiirs
1184 2479 1290 2553 revol-

241 2593 385 2680 vebant3
402 2612 464 2658 nec
480 2587 659 2670 immerito,
675 2584 752 2653 cum
760 2581 854 2653 factis
865 2597 972 2654 totum
984 2585 1149 2678 religionis
1164 2585 1290 2657 funda-

241 2712 392 2769 mentum
410 2693 600 2778 incumbat,
618 2703 757 2783 totaque
775 2691 905 2761 moralis
920 2690 1079 2784 perfectio
1096 2693 1287 2764 suadeatur.

242 2915 285 2984 ris
309 2912 452 3004 novique
470 2907 668 2977 Testamenti
688 2903 791 2990 facta,
809 2903 901 2974 velut
922 2907 1168 2996 communiora,
1195 2933 1290 2979 com-

158 3007 165 3013 ’
243 3019 401 3090 munibus
421 3011 608 3102 ablegantes
625 3009 911 3103 praedicatoribus,
934 3013 1088 3085 obscuras
1108 3017 1290 3087 ambitiosis
1324 3099 1326 3104 Α

242 3125 422 3196 verborum
438 3119 632 3208 ambagibus
646 3115 821 3186 involvunt
839 3121 1031 3208 sententias,
1049 3122 1131 3214 quas
1153 3121 1291 3194 audiant

244 3227 381 3322 quidem
394 3221 539 3309 indocti,
557 3246 618 3292 uec
633 3220 834 3314 intelligant,
852 3223 1036 3316 intelligant
1052 3230 1130 3298 verb
1151 3227 1290 3300 forsitan

245 3334 356 3421 docti,
369 3331 477 3402 necin
487 3327 604 3400 melicis
620 3343 865 3432 convertantur.
881 3335 995 3426 Neque
1008 3335 1159 3428 estquod
1175 3337 1289 3408 credas

244 3443 280 3512 in
296 3435 488 3530 evangelicis
509 3433 572 3506 illis
587 3437 834 3508 Narrationibus
849 3437 980 3507 nullum
997 3441 1138 3532 praebcri
1154 3442 1289 3536 ingenio

245 3547 378 3634 locum,
402 3545 566 3638 siquidem
586 3543 704 3614 divinis
722 3543 861 3612 oraculis
877 3568 920 3614 ne
934 3569 1021 3615 unus
1040 3571 1126 3641 apex
1140 3549 1197 3619 vel
1212 3549 1289 3620 addr

245 3656 300 3725 vel
317 3653 445 3723 detrahi
466 3649 552 3719 licite
568 3663 685 3742 potest.
707 3653 863 3732 Quamvis
885 3651 973 3721 enim
994 3651 1139 3724 coelestia
1159 3671 1289 3726 mutare

246 3782 345 3850 opera
361 3757 463 3844 nefas,
478 3755 555 3824 licet
570 3769 698 3842 tamen,
716 3755 903 3848 praeclaras,
918 3782 999 3850 quas
1014 3757 1178 3848 referunt,
1194 3785 1290 3831 sanc-

246 3879 357 3935 torum
368 3865 506 3935 virtutes
517 3861 661 3932 uberiori
675 3861 814 3933 laudum
829 3866 921 3958 copia
937 3890 1107 3958 exornare,
1126 3885 1159 3940 et
1176 3869 1288 3942 consi·

247 3969 367 4043 deratis
382 3969 535 4043 omnibus
547 3993 656 4041 rerum
669 3970 937 4061 circumstantiis,
955 3973 1029 4046 lucc
1041 3975 1193 4052 viridiori
1210 4001 1288 4074 per-
