2992 4590
244 473 247 492 ¹
307 403 369 466 114
455 419 633 469 nnsrourct
657 421 683 468 S.
708 421 861 485 annuum,
887 419 963 470 anas
986 427 1032 486 11,
1056 422 1140 492 anor.
1160 427 1182 467 r.

302 521 451 593 scendit?
465 542 576 593 nonne
596 544 709 593 omnes
725 539 802 593 eum
824 522 1048 594 formidabant
1063 541 1101 592 ec
1120 523 1342 593 verebantur?

235 706 238 712 N
303 631 367 700 Sed
378 647 453 700 ecce
469 629 574 700 factus
586 644 635 699 est
649 643 682 698 et
696 631 813 700 vinctis
828 631 987 717 miserior,
1006 641 1040 700 et
1055 631 1153 700 serris
1169 621 1341 699 miserabi-

296 736 370 823 lior,
382 751 416 806 et
430 737 588 806 mendicis
598 735 701 805 ferme
716 737 964 807 tabescentibus
974 737 1190 828 indigentior,
1203 759 1262 830 per
1272 731 1341 806 aln-

297 841 390 933 gulos
408 842 477 913 dies
501 842 625 935 gladios
640 863 709 935 prae
732 842 834 912 oculis
849 843 976 914 habens
996 844 1032 912 in
1053 867 1088 914 se
1110 857 1284 929 exacutos,
1307 857 1342 912 et
1427 883 1434 889 ·

296 947 450 1018 barathra
465 963 498 1018 et
514 949 693 1034 carnifices,
710 962 744 1018 et
758 950 844 1018 viam
859 973 935 1043 quae
947 949 991 1019 ad
1004 949 1204 1043 supplicium
1215 949 1309 1018 ducit
1330 977 1339 1019 ι

297 1077 335 1125 ac
350 1076 459 1148 neque
473 1055 631 1124 memorii
646 1054 886 1147 praeteritarum
900 1055 1109 1148 voluptatum
1123 1055 1256 1142 fruitur,
1273 1055 1342 1125 imd

294 1183 337 1229 ne
351 1160 426 1230 luce
441 1158 576 1251 quidem
597 1160 783 1248 communi,
801 1161 859 1232 sed
875 1161 1011 1231 meridie
1026 1182 1162 1256 quoque
1181 1165 1342 1256 tanquam

294 1267 333 1336 in
349 1267 539 1336 densissimi
561 1279 659 1336 nocte
681 1267 839 1358 angustiis
858 1269 1022 1360 parietum
1039 1269 1201 1356 inclusus,
1224 1267 1341 1340 oculo-

207 1431 209 1442 .
262 1403 272 1422 ·
296 1383 370 1441 rum
385 1394 448 1442 usu
457 1373 615 1464 privatun
630 1377 674 1442 Et
688 1373 846 1466 quorsum
857 1375 930 1443 haec
941 1369 1197 1448 commemorare
1208 1375 1339 1461 attinet,

196 1513 198 1518 ·
295 1477 603 1570 crim,quantdmvis
615 1475 757 1563 annitar,
770 1477 870 1548 nullis
879 1479 988 1550 verbis
1003 1481 1183 1572 exprimere
1197 1481 1338 1566 valeam,

296 1583 370 1678 quis
384 1579 434 1652 illi
451 1584 577 1652 animus
592 1583 650 1670 sit,
667 1605 726 1675 per
741 1583 885 1675 singulas
904 1585 1001 1654 horas
1015 1586 1127 1678 capitis
1142 1585 1341 1680 supplicium

295 1692 502 1784 expectanti?
523 1705 580 1760 ant
603 1691 685 1784 quid
708 1693 825 1761 nostris
844 1692 952 1762 verbis
972 1711 1055 1786 opus
1079 1709 1139 1781 est,
1155 1693 1245 1764 ciam
1272 1696 1340 1786 ipse

296 1799 368 1867 haec
389 1799 484 1868 nobis
505 1801 663 1891 tanquam
678 1799 714 1866 in
732 1799 875 1890 imagine
898 1799 1077 1892 depingat?
1093 1803 1172 1870 Heri
1196 1821 1340 1894 namque

295 1905 397 1973 missis
414 1903 456 1973 ad
477 1927 554 1972 eum
571 1904 613 1973 ab
633 1905 829 1996 imperatore
844 1907 902 1998 qui
924 1905 977 1976 vel
1001 1929 1059 1999 per
1081 1908 1148 1978 vim
1170 1908 1340 1978 hominem

295 2012 541 2102 pertraherent,
559 2010 635 2079 clim
651 2009 694 2078 ad
708 2013 885 2081 sacrarium
906 2011 1122 2102 confugisset,
1141 2007 1246 2084 nihilo
1267 2035 1339 2083 me-

296 2114 431 2202 liorem,
450 2130 489 2184 ut
508 2139 597 2184 nunc
617 2139 768 2208 quoque,
789 2120 890 2210 quim
905 2120 1028 2188 mortni
1045 2118 1190 2190 colorem
1205 2121 1338 2208 obtine-

296 2221 354 2291 bat
372 2251 380 2292 :
397 2236 478 2291 tunc
493 2221 644 2291 dentium
663 2222 801 2310 stridor,
820 2238 945 2294 tremor
965 2225 1066 2294 totius
1091 2228 1257 2320 corporis,
1276 2246 1339 2298 vox

296 2329 489 2421 singultiens
509 2343 542 2398 et
566 2329 678 2420 lingua
694 2327 858 2416 titubans,
883 2331 920 2400 in
938 2334 1067 2402 summai
1086 2333 1160 2403 talis
1181 2334 1336 2420 habitus,

295 2435 428 2528 qualem
443 2436 617 2527 oportebat
631 2437 754 2505 habere
769 2437 911 2506 animam
926 2461 1002 2531 quae
1013 2433 1141 2531 lapidea
1152 2455 1246 2509 esset.

349 2569 365 2607 a
392 2545 470 2610 llaec
496 2540 571 2610 dico
600 2565 669 2611 non
700 2543 921 2636 exprobrandi
944 2547 1062 2632 causi,
1089 2569 1198 2640 neque
1231 2547 1337 2617 insol-

295 2663 369 2718 tans
383 2649 453 2742 ejus
466 2645 660 2735 infortunio,
678 2649 735 2720 sed
750 2664 789 2720 ut
803 2665 948 2722 vestrum
965 2654 1113 2724 animum
1127 2655 1286 2743 molliam,
1303 2671 1338 2726 et

295 2754 345 2842 ad,
352 2755 667 2825 commiserationem
682 2758 888 2850 pertraham,
906 2759 1011 2852 eoque
1027 2761 1183 2831 inducam
1197 2775 1237 2830 ut
1251 2779 1338 2854 prae-

295 2865 379 2934 senti
394 2864 535 2957 hominis
557 2865 658 2956 poeni
673 2865 714 2933 sit
737 2878 923 2934 contentus.
946 2868 1107 2948 Quoniam
1129 2869 1216 2937 enirn
1239 2868 1337 2938 multi

211 2977 215 2985 '
294 2974 401 3042 sunta
418 2971 535 3040 nostris
552 2971 635 3039 adeh
651 2970 835 3056 inhumani,
852 2985 890 3040 ut
905 2991 964 3042 uos
979 2973 1078 3042 etiarn
1091 2973 1260 3062 incusant,
1278 2973 1337 3068 qui
1415 3001 1418 3006 ·

295 3077 379 3147 eum'
391 3077 529 3146 sacrario
551 3076 791 3168 exceperimus,
808 3075 941 3171 illorum
961 3077 1116 3148 duritiem
1132 3081 1250 3150 nostris
1273 3103 1337 3150 ser-

279 3183 449 3253 monibus
476 3180 604 3251 mollire
631 3183 761 3268 volens,
786 3184 928 3253 miserias
951 3185 1042 3256 istius
1056 3187 1219 3257 ,traduco
1247 3189 1337 3270 Quid

293 3290 380 3385 enirn
397 3303 461 3376 est,
480 3311 611 3382 quaeso,
628 3282 759 3374 dilecte,
777 3290 869 3383 quod
881 3291 1016 3384 indignit
1032 3289 1119 3362 ferar
1134 3287 1243 3380 Dices,
1257 3295 1335 3387 quia

292 3395 328 3464 in
342 3391 522 3466 Ecclesiam
538 3392 698 3484 confugit,
714 3395 771 3488 qui
784 3413 855 3464 eam
865 3395 1089 3467 indesinenter
1102 3398 1332 3491 impugnabat.

293 3503 394 3595 Atqui
409 3503 473 3572 hoc
493 3501 697 3595 potissimum
719 3496 853 3589 nomine
875 3502 1106 3592 glorificandus
1132 3520 1202 3575 erat
1225 3511 1333 3594 Deus,

289 3609 381 3704 qudd
397 3611 543 3704 permisit
565 3623 642 3679 eum
663 3611 699 3678 in
722 3612 814 3678 tanta
834 3612 989 3680 constitui
1011 3614 1221 3700 necessitate,
1244 3628 1283 3684 ut
1301 3629 1336 3683 et

180 3728 183 3735 '
287 3719 469 3810 potentiam
488 3717 643 3787 Ecclesiae
661 3729 695 3784 et
715 3715 924 3788 clementiam
938 3717 1076 3790 disceret
1102 3749 1109 3790 :
1129 3721 1331 3814 potentiam,

234 3917 244 3925 .
286 3826 326 3896 eo
349 3823 441 3918 quod
459 3826 495 3894 in
516 3838 643 3894 tantam
664 3822 816 3924 inciderit
838 3825 1058 3896 mutationem
1082 3827 1127 3897 ob
1147 3826 1332 3922 bella'quae

284 3932 347 4026 ipsi
369 3931 527 4004 intulerat
555 3962 564 4003 ι
591 3933 802 4004 clementiam
824 3934 924 4023 verb,
950 3930 1044 4028 qudtl
1068 3936 1176 4030 ipsum
1200 3937 1332 4032 objecto
