2930 4582
205 436 613 485 ctrnrv1.oararrr1rooo
636 443 672 484 ιιι
696 435 904 482 concremans
928 435 1093 482 tnararrt.
1120 423 1180 482 961

182 538 281 632 Apud
303 540 514 608 recentiorem
540 541 619 609 verb
642 538 838 627 Scriptorem
864 537 1043 626 gratissima
1064 536 1185 628 legitur

136 644 312 738 Allegoria,
325 645 401 714 crim
412 643 698 718 dePurifrcatione
710 643 816 710 beatae
829 643 940 712 Mariae
954 641 1124 728 disserens,
1139 645 1184 737 sic
1224 711 1227 716 ,
1283 709 1286 714 ,

136 751 299 822 columbae
308 753 430 823 evolvit
442 751 658 844 proprietates
671 777 679 818 ι

183 857 386 946 «Columba,
410 863 558 942 Fratres,
588 854 727 947 simplex
748 866 797 922 est
824 853 963 939 animal,
980 851 1058 922 felle
1074 868 1182 942 caret,

134 979 240 1035 rostro
256 990 324 1035 non
344 964 449 1049 laedit,
467 964 503 1048 in
523 961 669 1032 cavernis
686 973 853 1053 petrarum
869 960 1035 1045 nidificat,
1061 958 1185 1029 alienos

133 1072 243 1164 pullos
273 1072 395 1156 nutrit,
421 1057 518 1164 juxti*
535 1069 658 1137 fluenta
679 1081 802 1153 manet,
828 1081 867 1136 ut
897 1066 965 1136 visi
989 1067 1108 1134 umbrat
1128 1091 1184 1136 ac-

134 1180 260 1272 cipitris
285 1177 409 1269 fugiat,
435 1177 570 1247 meliora
595 1169 701 1266 grana
717 1173 825 1264 eligit,
844 1173 1002 1264 gemitum
1013 1198 1072 1266 pro
1083 1189 1185 1245 cantu

133 1286 264 1370 reddit,
288 1284 444 1375 gregatim
458 1283 571 1368 volat,
593 1281 651 1350 alis
672 1303 706 1348 se
725 1277 898 1365 defendit,
920 1279 1025 1350 visum
1044 1305 1182 1374 recupe·

133 1406 197 1460 rat.
230 1397 274 1460 Et
306 1415 384 1475 nos,
411 1389 542 1475 fratres,
569 1388 746 1458 mimante
775 1387 876 1458 altare
903 1389 1111 1476 steterimus,
1143 1404 1183 1459 ut

132 1499 195 1568 Dei
210 1498 331 1566 Filium
348 1503 415 1566 Deo
436 1497 632 1576 offeramuS,
656 1519 732 1564 cum
753 1518 793 1564 eo
817 1509 850 1564 et
874 1519 935 1586 pro
951 1519 990 1564 eo
1007 1520 1084 1588 par
1106 1510 1181 1565 tur·

136 1617 276 1688 turum,
297 1604 478 1672 castitatem
494 1602 639 1695 eorporis
653 1615 692 1670 et
708 1602 825 1670 animae
837 1601 1034 1690 offeramus,
1026 1616 1081 1671 e·t
1094 1600 1184 1672 duos

127 1703 251 1801 pullos
266 1706 542 1778 columborum¹
553 1761 562 1794 ,
585 1731 646 1800 pro
666 1721 768 1776 cantu
786 1723 972 1797 gementes,
999 1731 1183 1801 computre·
1249 1693 1252 1702 f

131 1817 257 1884 tionem
277 1817 453 1906 geminam,
471 1839 535 1906 pro
556 1813 719 1882 desiderio
748 1814 862 1904 patriae
893 1813 1053 1900 coelestis,
1084 1829 1116 1884 et
1141 1817 1183 1884 de

131 1921 394 1990 consideratione
419 1933 539 1988 nostrae
560 1919 697 1988 miseriae
724 1919 895 1989 habentes.
918 1919 1082 1990 Columba
1107 1919 1184 1990 felle

131 2043 252 2098 caret:
276 2042 309 2097 et
331 2051 392 2098 nos
407 2028 456 2095 ira
472 2051 652 2112 careamus,
671 2051 746 2119 quae
762 2050 897 2118 peceare
912 2051 972 2096 nos
987 2027 1079 2097 facit.
1099 2033 1184 2098 Ros-

133 2149 186 2205 tro
207 2160 276 2204 non
290 2135 470 2221 laedamus
485 2135 542 2204 sed
558 2135 702 2252 percussi
718 2135 753 2202 in
769 2158 869 2203 unam
872 2135 1070 2222 maxillam,
1086 2135 1184 2206 aliam

130 2242 350 2342 praebeamus.
380 2246 419 2308 ln
447 2241 592 2310 cavernis
613 2255 779 2332 petrarum
804 2240 1044 2310 nidificemus:
1069 2241 1184 2310 infide

130 2347 303 2440 plagarum
315 2347 437 2416 Christi
453 2346 619 2436 refugium
634 2346 825 2414 habeamus.
845 2345 978 2414 Alienos
994 2345 1104 2437 pullos
1117 2371 1183 2416 nu-

131 2457 289 2542 triamus,
312 2454 354 2524 de
382 2454 458 2522 filiis
484 2453 607 2522 diaboli
630 2452 785 2522 facientes
812 2453 913 2523 verbo
942 2452 1183 2545 praedicationis

130 2561 217 2642 filios
240 2561 311 2630 Dei.
332 2563 430 2628 auxta
448 2561 585 2628 flumina
605 2582 795 2628 maneamus
817 2589 824 2629 :
847 2559 969 2644 idest,
980 2562 1077 2654 juxta
1093 2563 1184 2632 hune

130 2666 339 2737 mortalitatis
353 2667 480 2733 fluxum
498 2665 663 2750 sedentes,
675 2667 829 2734 umbram
847 2667 1019 2757 accipitris,
1032 2668 1096 2737 hoc
1113 2683 1181 2756 est,

130 2786 265 2865 peccata
276 2796 351 2864 quae
363 2784 439 2838 sunt
449 2770 567 2838 umbra
580 2769 721 2854 diaboli,
736 2770 899 2837 malorum
908 2773 1019 2840 ruinas
1032 2773 1182 2842 conside-

47 2897 50 2900 ·
132 2893 257 2963 ranteS,
277 2877 396 2968 abejus
413 2874 545 2966 ungulis
555 2873 730 2966 fugiamus.
742 2873 876 2944 Meliora
890 2899 990 2966 grana
1002 2875 1181 2968 eligamus:

132 2988 167 3054 id
183 2999 248 3070 est,
262 2983 411 3052 meliores
424 2983 599 3052 sententias
616 2983 649 3050 in
663 2983 837 3074 Scripturis
861 2983 991 3052 sanctis.
1016 2979 1185 3075 Gregatim

131 3091 281 3162 volemus
300 3113 424 3158 :unum
438 3112 637 3158 consensum
653 3089 687 3156 in
703 3089 791 3158 bor'ro
807 3089 842 3156 in
855 3091 1109 3182 congregatione
1121 3090 1184 3162 sub

36 3216 37 3222 ’
132 3212 261 3290 pastore
277 3198 447 3266 habentes.
469 3185 535 3266 Alis
551 3195 634 3266 Novi
652 3209 685 3262 et
704 3197 830 3264 Veteris
852 3198 1053 3266 Testamenti
1069 3200 1185 3266 contra

132 3306 280 3374 inimicos
296 3305 353 3372 Dei
366 3327 425 3372 nos
445 3299 660 3384 defendamus
677 3331 684 3371 ε
699 3302 752 3372 vel
767 3302 898 3371 duobus
911 3305 1081 3396 praeceptis
1102 3307 1183 3374 cha-

133 3411 236 3480 ritatis
246 3457 258 3497 -,
281 3410 339 3478 Dei
363 3405 517 3487 videlicet
536 3430 645 3474 amore
669 3421 702 3474 et
729 3407 879 3497 proximi.
908 3409 1021 3476 Visum
1044 3434 1183 3500 recupe-

134 3542 264 3602 remus,
288 3517 329 3585 de
352 3517 442 3584 bono
464 3514 600 3583 actionis
617 3515 658 3582 ad
681 3515 808 3583 bonum
831 3537 959 3606 semper
975 3516 1184 3587 intendentes

135 3624 460 3714 conter‚rtplationis².¹
479 3650 495 3685 n

177 3736 226 3800 Ex
242 3729 337 3799 dictis
357 3729 557 3798 sufficienter
580 3741 687 3820 patet,
710 3742 835 3820 quanta
855 3728 1040 3798 christianis
1060 3688 1182 3800 oratio-

170 3878 253 3928 ¹Luc.
267 3893 284 3925 ιι
286 3872 397 3941 ,.-ι4
411 3873 545 3927 1(ἳιιιιιιιίι.
559 3871 640 3925 abb'
633 3871 746 3924 ruPurif
760 3875 839 3923 Serm.
849 3889 885 3938 ι,
899 3889 924 3922 n.
940 3871 980 3922 15.
