2930 4582
879 305 894 334 Ι

276 409 338 468 238
431 403 615 462 unnronros
634 412 671 472 s„
687 409 835 467 rursum,
860 407 936 455 rsus
958 413 1004 470 11,
1029 411 1112 454 sacr.
1138 411 1162 450 1.

275 525 333 594 illo
348 525 382 590 in
397 521 540 590 cinerem
554 539 613 586 nos
629 511 751 604 redige.
769 517 887 583 Manus
902 525 1049 603 amputa,
1066 531 1147 602 quas
1162 505 1315 576 scelerate

261 625 476 722 'porreximus
496 627 503 693 ε’
521 621 637 714 pedes,
657 621 780 712 quibus
797 618 881 686 mate
896 617 1112 686 cucurrimus.
1131 611 1221 682 Alios
1237 633 1315 680 auro

275 736 379 820 dona,
404 754 486 825 quos
511 727 670 817 accepisse
695 726 806 816 postet
830 748 898 792 non
922 723 1090 814 poeniteat.
1116 718 1218 790 Nobis
1235 717 1315 785 satis

275 857 439 934 superque
463 848 512 904 est
535 832 706 916 ChristuS,
732 853 832 922 quem
853 830 955 898 instar
970 828 1119 896 omnium
1142 825 1313 892 habemus.

275 953 382 1032 Quam
404 944 481 1014 cum
497 939 678 1009 orationem
692 936 901 1020 habuissent,
925 929 1088 1026 simulque
1104 929 1184 998 alios
1204 931 1316 998 horta-

276 1061 407 1138 rentur,
433 1063 473 1118 ut
495 1045 645 1118 fraudem
670 1039 906 1132 intelligerent,
935 1054 1034 1132 atque
1056 1039 1097 1106 ab
1125 1039 1187 1105 hac
1210 1050 1317 1104 ternu·

275 1163 376 1234 lentii
399 1183 432 1227 sc
448 1153 641 1244 colligerent
662 1163 695 1217 et
716 1147 922 1237 evigilarent,
947 1147 1143 1238 Christoque
1163 1142 1316 1230 sanguine

275 1295 335 1340 suo
355 1263 599 1362 satisfacerent3
616 1258 688 1326 tum
711 1258 789 1324 veru
805 1257 1033 1348 imperatorem
1056 1254 1104 1320 ira
1128 1252 1314 1328 incensum,

276 1375 387 1470 aperte
403 1370 537 1465 quidem
553 1365 625 1434 illos
636 1365 824 1432 interficere
840 1362 997 1447 noluisse,
1011 1385 1053 1428 ne
1068 1373 1228 1448 martyres
1244 1357 1315 1424 elli-

276 1497 445 1564 cerentur,
468 1477 545 1570 qui,
570 1471 731 1566 quantum
751 1471 786 1540 in
806 1470 883 1560 ipsis
906 1483 986 1544 crat,
1015 1481 1173 1556 martyres
1203 1477 1313 1548 erant,

276 1591 374 1664 exilio
386 1603 497 1657 tamen
514 1581 698 1662 mulctasse,
717 1602 754 1646 ac
770 1577 869 1668 poeml
884 1577 922 1642 ea
937 1573 1115 1644 vindictam
1131 1574 1314 1663 sumpsisse,

193 1721 198 1732 ’
277 1699 485 1788 maximoque
509 1714 563 1759 eos
585 1686 745 1754 beneficio
768 1683 925 1766 affecisse,
952 1707 1035 1774 quos
1055 1684 1074 1749 1
1097 1680 1234 1772 piaculis
1254 1679 1317 1748 suis

277 1804 480 1893 versutisque
496 1793 636 1866 consiliis
649 1789 765 1884 procul
779 1791 965 1857 removisset
983 1791 1006 1854 1.
1028 1815 1044 1850 »

261 1911 264 1918 ’
322 1915 369 1981 3⁰.
387 1913 455 1998 Nec
471 1903 556 1973 lacta
572 1899 678 1968 solum
694 1911 820 1966 naturae
836 1894 965 1986 legibus
975 1906 1193 1962 consentanca
1203 1894 1238 1960 in
1255 1891 1317 1961 suis

277 2040 408 2089 narrare
421 2011 575 2104 operibus
590 2005 643 2074 vel
661 2002 867 2072 sermonibus
883 2000 1129 2068 contenti'beati
1142 2005 1314 2082 DoctoreS‚

277 2122 458 2218 potentiam
474 2116 532 2185 Dei
547 2115 582 2182 in
597 2109 761 2179 miraculis
778 2130 951 2197 agnoscere
967 2131 1034 2174 non
1051 2106 1266 2174 erubuerunt.
1289 2109 1318 2174 A

278 2230 380 2303 nostri
404 2227 501 2318 hujus
514 2217 631 2290 saeculi
652 2213 881 2284 incredulitate
905 2211 1018 2296 alieni,
1043 2212 1078 2279 in
1098 2212 1231 2280 maximi
1245 2234 1318 2280 mo-

278 2337 381 2412 menti
404 2329 551 2422 scriptis,
571 2344 790 2418 quacumque
806 2325 874 2387 Deo
895 2317 1080 2410 prodigiose
1104 2319 1232 2410 operari
1247 2317 1318 2408 pla-

278 2457 411 2525 cuerat,
442 2436 563 2506 referre
589 2431 724 2498 minime
754 2426 962 2494 dubitabant.
994 2429 1124 2507 Quanta
1154 2425 1319 2493 enimvero

278 2564 409 2622 sanctus
432 2544 488 2612 ille
509 2537 711 2628 Augustinus
723 2535 757 2601 in
774 2535 843 2624 ipso
858 2530 902 2599 de
922 2531 1076 2602 Ciuitate
1086 2529 1161 2600 Dei
1170 2531 1319 2600 mirando

278 2679 376 2752 opere
389 2649 521 2739 collegit
537 2641 730 2712 miraculosa
746 2639 929 2730 laetasquae
941 2638 1006 2704 suis
1022 2639 1091 2728 ipse
1108 2651 1321 2728 conspexerat

278 2759 403 2836 oculis!
431 2753 559 2840 Quanta
583 2763 692 2817 autem
718 2759 787 2814 arte
810 2743 909 2812 simul
930 2760 960 2810 et
981 2741 1111 2811 delectu
1126 2745 1318 2828 verborum,

279 2873 378 2943 etiam
390 2869 425 2935 in
442 2863 540 2932 rebus
556 2855 598 2924 ad
615 2851 865 2946 exprimendum
885 2849 1104 2918 difficillimis!
1125 2855 1237 2942 Ipsum
1251 2852 1318 2942 jam

271 2983 470 3072 ‘loquentem
486 2964 656 3034 audiamus
675 2989 682 3030 :
1094 3015 1095 3020 ,

326 3114 342 3149 u
368 3074 467 3170 Apud
482 3069 714 3158 Carthaginem
725 3077 835 3130 autem
852 3062 922 3154 quis
938 3061 1048 3144 novit,
1067 3074 1187 3151 praeter
1204 3059 1319 3130 admo·

279 3192 360 3262 dum
371 3167 594 3278 paucissimos,
605 3173 756 3256 salutem,
770 3193 845 3262 qnae
859 3168 943 3237 facta
956 3185 1005 3236 est
1022 3169 1217 3237 Innocentio
1228 3165 1320 3236 exad-

279 3309 396 3371 vocato
410 3286 539 3360 vicariae
555 3279 776 3376 praefecturae,
787 3277 852 3344 'uhi
868 3299 926 3344 nos
946 3275 1165 3359 interfuimus,
1184 3291 1217 3343 et
1239 3298 1319 3344 ocu·

278 3408 317 3478 lis
343 3399 526 3493 aspeximus
545 3388 684 3458 nostris?
708 3384 881 3452 Venientes
904 3383 990 3450 enim
1011 3380 1053 3448 de
1076 3383 1317 3465 transmarinis,

278 3537 332 3586 me
347 3526 380 3578 et
392 3508 526 3577 l'ratrem
544 3518 655 3566 meum
671 3491 839 3582 Alypium,
858 3487 1005 3556 nondum
1022 3487 1155 3580 quidem
1171 3485 1316 3575 clericos,

279 3621 335 3693 sed
349 3621 417 3712 jam
433 3619 500 3682 Deo
517 3605 711 3683 servienteS,
729 3612 768 3665 ut
787 3611 859 3692 erat
874 3591 950 3664 cum
971 3597 1040 3664 tota
1055 3595 1154 3664 domo
1166 3599 1225 3666 sua
1245 3595 1319 3664 reli-

280 3724 488 3821 giosissimus,
505 3717 574 3806 ipse
590 3719 791 3797 susceperat,
810 3719 843 3773 et
856 3703 945 3796 apud
960 3725 1035 3770 eum
1054 3716 1132 3770 tunc
1149 3703 1320 3778 habitaba-

179 3871 187 3887 ·
279 3858 365 3906 mus.
382 3814 758 3899 Curabaturumedicis:
777 3811 913 3898 fistulas,
928 3833 1007 3902 quas
1019 3833 1208 3888 numerosas
1220 3825 1318 3902 atque

315 3973 322 4001 ¹
334 3964 359 4014 S.
377 3961 449 4022 Greg.
463 3950 547 4006 Theol.
561 3951 628 4034 Orat.
645 3960 680 4010 tv,
694 3959 720 3994 n.
731 3940 764 4004 84
