2930 4582
293 381 358 446 aad
441 388 620 438 auuaourot
643 386 669 434 s.
695 385 848 450 curauit,
874 387 952 438 etas
975 393 1023 450 rr,
1047 359 1131 445 ittet·
1158 394 1181 432 1.

291 477 439 587 plerique
451 491 709 574 concionatores,
724 487 863 558 scilicet:
878 493 945 560 «lu
954 479 1204 560 Resurrectioue
1216 489 1336 568 Christi

290 625 358 670 esse
377 598 574 670 miraculum
598 595 696 666 simul
712 609 746 665 et
761 595 948 689 exemplum
966 626 974 668 a
993 597 1191 669 miraculum
1212 611 1252 666 ut
1267 620 1337 668 cre-

205 715 209 720 '
292 707 363 793 das,
378 705 576 798 exemplum,
594 717 633 772 ut
648 706 786 796 speres1.
804 731 821 768 u

335 817 387 886 Sic
402 812 546 906 denique
556 813 591 880 in
607 811 754 882 oratione
769 811 964 902 panegyrica
975 811 1017 880 de
1034 824 1146 882 sancto
1162 811 1336 882 Vincentio

288 921 385 990 illum
407 918 536 988 inducit
555 917 598 986 de
618 917 772 986 omnibus
794 917 919 986 inimici
943 917 1102 988 machinis
1127 919 1334 1010 triumphau-

289 1042 380 1096 tem:
402 1055 418 1092 «
439 1023 614 1094 llleccbras
626 1023 708 1090 dirm
727 1023 908 1107 ministrat,
930 1023 1072 1094 vincitur
1088 1047 1147 1116 per
1159 1028 1334 1096 contineu-

290 1127 386 1221 tiam,
403 1154 521 1222 poeuas
533 1143 567 1198 et
576 1142 739 1200 tormenta
752 1129 887 1220 infligit,
903 1131 1044 1200 vincitur
1055 1153 1113 1222 per
1125 1132 1332 1223 patientiam,

289 1260 413 1306 errores
426 1234 588 1326 suggerit,
607 1225 751 1303 vincitur
766 1258 824 1325 per
841 1235 1034 1326 sapientiam
1049 1241 1074 1304 ².
1096 1265 1111 1302 >r
1130 1309 1132 1314 ¹
1188 1267 1194 1278 ·

332 1341 438 1412 Multa
458 1339 520 1408 alia
541 1338 680 1408 aliorum
698 1339 845 1431 exempla
863 1341 918 1410 hic
937 1340 1058 1410 referre
1074 1365 1143 1412 uon
1161 1366 1333 1434 operosum

289 1449 394 1537 foret,
413 1446 515 1516 relata
526 1448 605 1516 verb
620 1444 662 1514 ad
673 1447 736 1516 hoe
748 1447 932 1532 suttioianr,
950 1462 988 1516 ut
1004 1449 1199 1518 christianus
1211 1449 1332 1523 iutelli-

288 1570 342 1646 gat
358 1555 585 1636 concionator,
604 1577 725 1644 paucas
743 1577 893 1638 numero,
912 1553 1006 1624 dictis
1023 1556 1153 1642 breves,
1171 1579 1333 1650 sensuque

290 1662 477 1754 perspicuas
505 1659 707 1728 adhibendas
737 1682 806 1728 esse
835 1659 1032 1746 divisiones,
1060 1685 1103 1730 nc
1129 1661 1332 1740 audientium

290 1769 411 1852 animi,
427 1765 480 1837 vol
501 1763 715 1834 multitudine
736 1767 876 1854 gravati,
893 1766 944 1836 vel
967 1765 1152 1858 prolixitate
1171 1769 1330 1861 distracti3

290 1871 344 1942 vel
356 1872 556 1942 obscuritate
572 1870 729 1942 obcaecati
741 1871 905 1940 deficiant.

629 2027 652 2112 §
667 2029 721 2091 lll.
740 2027 781 2088 Dc
795 1989 993 2092 Narratione.

338 2209 353 2246 a
370 2179 539 2264 Narratio,
553 2176 774 2260 Quinctiliano
793 2192 943 2266 auctore,
966 2194 1014 2253 est
1029 2183 1075 2252 rei
1091 2179 1186 2254 sactae
1200 2183 1255 2256 vel
1268 2209 1330 2257 nou

289 2289 386 2358 factae
402 2288 490 2356 utilis
506 2284 822 2378 adpersuadendum
840 2289 1013 2380 expositio,
1026 2299 1141 2378 »cujus
1153 2291 1247 2362 dotes
1258 2295 1329 2364 oiim

289 2397 377 2488 apud
393 2393 547 2464 eumdem
570 2393 761 2486 scriptorem
782 2394 905 2486 optime
932 2397 1136 2487 reperiantur
1153 2399 1327 2492 explicata,

289 2505 388 2596 hujus
401 2501 503 2572 verba
519 2500 640 2570 referre
650 2524 718 2568 nou
734 2500 878 2570 alienum
894 2502 1212 2594 prorsirsvidebitur.

335 2610 416 2678 Vult
428 2610 526 2700 igitur
535 2607 701 2676 illamesse
709 2606 905 2693 «Lucidum,
921 2610 1066 2696 brevem,
1080 2612 1323 2683 verisimilem...

289 2715 448 2802 lucidam,
466 2733 504 2784 ut
518 2711 666 2784 auditor
677 2712 849 2804 intelligat,
864 2715 997 2786 brevem
1015 2719 1265 2806 utmcminerit,
1282 2743 1328 2790 ve·

290 2823 459 2894 risimilem
485 2837 524 2892 ut
552 2824 674 2892 credat.
700 2823 772 2892 Erit
796 2837 904 2892 autem
929 2839 1040 2918 aperta
1055 2829 1205 2899 Narratio
1233 2844 1326 2923 atque

291 2929 448 3016 dilucida,
465 2929 491 2998 si
510 2927 610 2996 suerit
629 2929 771 3020 primum
787 2929 932 3020 exposita
952 2931 1060 3000 verbis
1075 2934 1213 3026 propriis
1235 2951 1268 3004 et
1287 2935 1328 3006 si·

291 3035 536 3126 gnificantibus,
554 3031 625 3100 tiun
642 3032 792 3106 distincta
810 3035 922 3119 rebus,
940 3039 1097 3132 personis,
1114 3043 1326 3132 temporibus,

290 3143 383 3226 locis,
401 3141 524 3225 causis,
543 3140 612 3232 ipsi
624 3140 721 3210 etiam
736 3143 1043 3234 pronuntiatione...
1054 3148 1164 3226 Brevis
1179 3150 1243 3219 erit
1257 3150 1328 3220 autb

270 3250 272 3256 ’
291 3251 419 3336 omnia,
442 3250 468 3320 si
483 3248 560 3318 inde
576 3249 771 3341 coeperimus
787 3274 855 3320 rem
870 3275 1044 3344 exponere,
1068 3254 1158 3324 undo
1178 3257 1220 3326 ad
1237 3257 1328 3330 audi-

291 3371 397 3428 torem
412 3357 571 3450 pertinct3
588 3355 708 3446 deinde
730 3357 756 3424 si
775 3356 859 3426 nihil
876 3361 965 3428 extra
986 3383 1116 3430 causam
1138 3362 1327 3454 dixerimus,

289 3464 363 3534 trim
388 3463 487 3534 etiam
515 3464 541 3533 si
564 3462 773 3532 reciderimus
795 3464 921 3548 omnia,
947 3467 1070 3558 quibus
1094 3468 1248 3558 sublatis,
1273 3495 1328 3540 uec

289 3571 470 3664 cognitioni
485 3570 663 3664 quicquam
680 3590 740 3637 nec
755 3568 888 3638 utilitati
910 3569 1142 3644 detrahatur...
1158 3577 1327 3646 Credibilis

291 3693 401 3748 autem
422 3675 483 3744 erit
507 3675 581 3743 ante
602 3675 723 3757 omnia,
741 3675 767 3742 si
791 3674 881 3765 priirs
897 3678 1158 3749 consuluerimus
1182 3697 1326 3754 nostrum

292 3785 456 3867 animum,
473 3803 515 3850 ne
534 3778 615 3874 quid
631 3794 758 3848 naturae
780 3779 926 3850 dicamus
949 3783 1138 3876 adversum,
1163 3787 1283 3878 deiudb
1303 3789 1328 3859 si

261 3895 262 3898 '
331 3903 515 3978 rupudtturo'al.
526 3909 727 3961 aarmuerascu.
739 3935 771 3949 ·—
780 3911 822 3959 ⁸8.
833 3912 1092 4000 bagmam-eoum,
1103 3915 1136 3968 de
1149 3919 1175 3969 8.
1190 3919 1300 3971 Viueeut.
1309 3935 1326 3970 r.
