2984 4580
281 383 344 444 328
435 391 614 440 naeuourot
636 389 663 438 s.
688 387 841 450 aaaron,
866 386 945 436 atas
965 393 1008 453 11,
1033 388 1117 436 secu.
1143 394 1167 435 1.

279 497 387 568 nebris
399 493 580 586 positorum
593 520 600 560 :
613 485 732 582 gaude,
743 485 912 556 renovatio
925 487 1164 557 senescentium
1177 519 1184 559 :
1197 491 1314 581 gaude,

278 600 466 699 propitiatio
477 596 700 667 aberrantium
710 591 907 664 acliberatio
919 620 926 662 ι
938 593 1055 684 gaude,
1067 595 1125 664 lux
1134 600 1317 670 errantibus

278 714 366 785 viam
387 708 615 778 demonstrans
631 730 639 772 ι
657 699 784 794 gaude,
797 714 912 792 portus
929 725 966 770 ac
981 703 1142 793 protectio
1159 705 1317 798 navigan-

277 821 377 889 tium:
390 812 509 906 gaude,
524 824 663 904 patrona
678 821 711 876 et
724 807 864 876 munitio
876 807 912 876 in
926 808 1186 879 necessitatibus:
1199 812 1316 901 gaude,

277 924 364 995 salus
376 941 488 990 secura
500 915 667 986 fidelium:
685 911 804 1005 gaude,
822 935 907 982 nova
923 913 1061 982 maxime
1077 939 1114 984 ac
1130 913 1242 986 divina
1256 917 1319 988 lar-

248 1026 256 1039 '
277 1027 501 1125 giti02gaude,
511 1020 699 1092 mortalium
710 1018 859 1090 omnium
869 1017 1002 1088 domina
1014 1020 1278 1110 :gaude,laetitia
1287 1037 1319 1094 et

279 1137 381 1231 gloria
392 1129 581 1223 angelorum
593 1156 601 1198 a
613 1125 736 1218 gaude,
745 1147 857 1196 rerum
870 1126 1019 1195 omnium
1028 1126 1236 1198 conditarum
1246 1129 1319 1198 sun

277 1241 460 1314 limissima:
475 1235 593 1328 gaude,
604 1233 664 1304 Dei
672 1232 809 1302 existens
825 1231 923 1301 etiarn
935 1229 1203 1322 famulazgaude,
1216 1233 1318 1304 bene-

277 1337 1319 1434 dictissimainsaeculumsaeculi:gaude,liguumopacumVirgo

278 1455 401 1554 puella,
425 1477 464 1524 ex
482 1475 550 1546 quo
565 1472 677 1520 omnes
693 1447 840 1518 fructum
855 1447 1081 1539 decerpimus,
1096 1471 1197 1541 quem
1212 1473 1321 1520 come-

169 1645 175 1656 ,
278 1566 393 1635 dentes
404 1559 646 1642 exhilarantur,
658 1579 726 1625 non
741 1554 948 1624 moriuntur:
964 1553 1083 1643 gaude,
1093 1556 1196 1625 Maria
1208 1557 1321 1648 Virgo·

277 1677 399 1756 Mater,
417 1679 521 1736 mater
537 1687 655 1756 sponsa
671 1659 809 1752 :gaude,
828 1674 1059 1731 ornamentum
1077 1662 1195 1731 mundi
1205 1663 1321 1733 mulie-

277 1778 345 1849 bris
363 1807 371 1846 ι
394 1771 512 1866 gaude,
532 1770 599 1840 filia
614 1765 719 1839 David
735 1765 908 1860 splendide
921 1781 1034 1837 ornata
1050 1798 1057 1838 :
1077 1768 1196 1860 gaude,
1212 1793 1321 1842 mensa

277 1882 491 1974 mysticarum
505 1879 683 1968 gratiarum
702 1904 710 1944 ε
728 1872 846 1964 gaude,
861 1874 1025 1968 Regisque
1038 1876 1163 1969 Deique
1178 1877 1244 1945 mei
1258 1877 1322 1947 vic-

278 1991 380 2063 toria:
397 1985 515 2080 gaude,
531 1983 602 2053 titm
611 1981 883 2074 patriarcharum,
895 1980 966 2051 titm
978 1982 1181 2052 vincentium
1195 1982 1320 2054 exulta-

278 2099 348 2169 tio:
367 2091 486 2185 gaude,
497 2112 612 2160 murus
622 2088 847 2158 invocantium
860 2100 893 2155 te
907 2117 915 2158 ε
930 2089 1048 2178 gaude,
1064 2089 1213 2160 defensio
1225 2091 1322 2160 simtd

281 2219 315 2276 et
328 2205 422 2272 firma
434 2198 595 2294 protectio
612 2194 750 2287 :gaude,
764 2193 901 2265 omnino
911 2194 1121 2267 immaculata
1138 2198 1197 2268 Dei
1213 2197 1321 2270 divina

279 2308 390 2383 sedes:
405 2305 523 2399 gaude,
540 2300 711 2396 splendida
723 2303 784 2392 Dei
792 2306 898 2373 Mater
913 2300 980 2372 sola
994 2301 1126 2392 :gaude,
1142 2302 1321 2374 Salomonis

278 2418 383 2508 lectus
394 2411 612 2483 sanctissimus
628 2438 635 2480 :
650 2406 768 2500 gaude,
779 2407 980 2499 spiritalibus
996 2409 1162 2478 mentibus
1176 2410 1321 2481 honora·
1353 2472 1358 2481 ,

280 2521 399 2592 bilior:
413 2516 531 2609 gaude,
547 2537 696 2584 meorum
708 2513 904 2582 delictorum
920 2513 1061 2606 solutio:
1077 2513 1196 2606 gaude,
1211 2517 1321 2608 regina

254 2681 258 2688 .
282 2627 408 2720 generis
423 2622 599 2694 Adamitici
611 2651 619 2691 ε
630 2620 748 2711 gaude,
767 2619 894 2714 gladius
911 2644 1087 2714 pravorum
1102 2622 1291 2694 daemonum
1311 2655 1318 2696 :

282 2733 401 2830 gaude,
412 2731 597 2824 ingentium
609 2729 774 2800 bonorum
786 2730 956 2800 servatrix:
970 2729 1088 2822 gaude,
1103 2731 1321 2822 copiosissima

283 2840 450 2935 sapientiae
466 2837 600 2908 donatio
618 2865 627 2908 a
646 2835 773 2928 gaude,
791 2836 827 2904 in
842 2836 995 2928 periculis
1015 2837 1224 2924 existentium
1239 2837 1321 2907 sola-

281 2973 380 3019 men:
399 2946 516 3038 gaude,
530 2944 667 3036 inopem
677 2943 835 3012 ditissima
845 2944 1007 3036 susceptio
1023 2972 1030 3013 :
1043 2943 1161 3034 gaude,
1174 2946 1320 3015 omniurn

281 3058 448 3127 bonorum
462 3051 529 3121 vita
545 3079 552 3120 ε
569 3049 686 3141 gaude,
704 3051 853 3118 omnium
869 3050 1045 3140 gratiarum
1061 3075 1159 3124 causa
1176 3055 1200 3119 ¹.
1214 3078 1231 3117 a

267 3153 269 3156 ’
326 3163 382 3230 14ο
409 3156 743 3239 Commcnz'cotr'one
757 3155 978 3228 Concionator
999 3158 1045 3228 ita
1067 3181 1180 3228 sensus
1203 3159 1320 3228 animae

281 3290 350 3338 suae
372 3265 561 3336 auditorum
580 3261 746 3333 mentibus
765 3263 899 3356 ingerit,
923 3278 962 3335 ut
984 3263 1078 3335 illum
1101 3265 1143 3336 ad
1161 3267 1321 3338 confiten-

282 3369 502 3444 damiuteriits
515 3369 617 3456 illam,
630 3369 672 3440 de
683 3371 749 3464 qua
761 3371 886 3464 agitur,
900 3373 1069 3443 veritatem
1079 3372 1227 3442 inducat.
1247 3378 1320 3442 Fre·

282 3505 387 3577 quens
408 3481 470 3548 hale
489 3479 524 3547 in
548 3492 639 3572 parte
659 3493 789 3548 sanctus
805 3480 1069 3570 Chrysostomus,
1095 3483 1188 3574 cujus
1212 3479 1320 3573 aliqua

283 3588 447 3681 exempla,
462 3611 530 3656 non
544 3587 679 3680 quaesita
692 3585 769 3670 dit,
786 3587 844 3656 sed
858 3588 968 3658 subitd
983 3591 1187 3658 occurrentia
1199 3587 1321 3657 resere-

283 3705 366 3767 musss
387 3697 437 3764 Ita
452 3696 641 3788 exhortatur
652 3691 766 3762 fideles
785 3694 828 3763 ad
839 3694 980 3764 dandam
992 3697 1129 3788 pauperi
1141 3695 1321 3790 eleemosy-

282 3825 370 3886 nam,
388 3800 495 3892 potiirs
512 3801 610 3892 quarn
626 3796 669 3868 ad
682 3797 879 3870 conferenda
891 3800 1031 3872 ecclesiis
1043 3802 1130 3874 dona
1148 3833 1156 3874 ε

320 3938 326 3964 ¹
343 3929 367 3978 S.
383 3927 494 3993 Ephrem.
513 3931 603 3978 Precat.
622 3941 646 3977 v.
662 3926 693 3977 ad
708 3926 803 3993 Deipar.
815 3945 839 3977 n.
859 3926 883 3975 3.
