3008 4578
305 369 369 436 466
430 407 435 412 ·
460 387 637 450 nunaaumt
659 385 862 449 naitanum,
886 387 1030 451 ,consang
1054 389 1137 434 saca.
1165 393 1188 434 1.

302 487 404 556 vitam
424 485 527 559 acturi
547 485 762 572 videbantur,
784 484 958 559 fortissime
975 487 1264 579 aceapientissime
1285 503 1343 562 tu-

301 592 389 682 listi,
405 615 484 692 age,
499 592 615 676 ,senilis
628 593 726 668 etiam
737 592 898 684 corporis,
912 595 980 685 jam
994 593 1137 665 vivendo
1156 593 1341 686 defatigati,

300 701 541 793 depositionem
559 701 658 784 l'eras,
675 701 800 774 etiamsi
818 701 920 777 animi
935 702 1026 792 vigor
1041 701 1267 792 integerrimos
1281 705 1345 798 ipsi

298 803 414 884 sens'us
434 809 645 894 conserveris.
663 813 708 878 lt
720 798 829 895 deest,
846 809 904 902 qui
926 808 977 878 tui
997 831 1114 884 curam
1131 815 1248 900 gerat‘t-
1260 814 1344 882 Ubi-

232 972 234 977 ,
299 916 377 1002 alni
390 915 537 1007 ergdlrio
551 931 628 986 tuus
649 921 750 1003 Isaac,
766 938 867 1010 quem
883 914 953 986 tibi·
964 915 1201 1002 ille,·omnium
1219 919 1341 1007 instar,

299 1021 453 1116 reliquit?
465 1028 568 1094 Parva
583 1022 640 1092 illa
654 1024 696 1094 ab
711 1046 749 1094 co
764 1038 851 1116 pete,
870 1023 993 1116 nempe
1003 1037 1043 1094 ut
1058 1036 1091 1093 te
1108 1047 1209 1096 manu
1219 1024 1342 1112 duem,

190 1127 194 1140 '
299 1129 427 1224 tibique
433 1130 555 1208 servias
569 1158 577 1200 ι
591 1131 714 1222 majora
725 1130 882 1222 repende,
895 1131 958 1202 hoc
971 1143 1036 1217 est,
1049 1128 1230 1206 maternam
1240 1132 1343 1203 bene-

298 1234 674 1321 dictionem,oratione.³‚
685 1249 784 1328 atque
796 1235 884 1305 illius
895 1235 956 1306 aevi
967 1235 1302 1308 libertatemrMoneri
1312 1251 1345 1307 te

297 1341 555 1432 indignaristtd
578 1343 658 1412 verd
679 1341 781 1415 laudo
805 1343 908 1422 :nant
930 1341 1054 1418 multos
1075 1341 1144 1434 ipsa
1168 1337 1342 1430 monuisti,

299 1444 458 1518 nimirum
472 1471 529 1519 eos
543 1471 669 1534 omnes,
687 1448 745 1541 qui
759 1449 795 1518 in
809 1450 878 1518 tam
893 1447 995 1540 longo
1010 1448 1168 1541 temporis
1185 1450 1345 1541 spatioso

299 1568 392 1624 tuam
412 1555 622 1647 prudentiam
642 1577 711 1624 sese
738 1553 963 1633 contulerunt,
986 1559 1095 1639 Quare
1116 1558 1210 1630 adae
1233 1555 1345 1630 loemi·

199 1671 200 1676 ’
298 1683 377 1732 nam
394 1661 543 1753 inprimis
562 1662 762 1755 sapientem,
779 1661 863 1730 nihil
877 1663 949 1731 haec
969 1662 1074 1732 oratio
1094 1664 1270 1754 pertinet:
1303 1667 1346 1735 sit

184 2609 193 2628 ,
303 2520 440 2594 verbis:

298 1785 410 1840 autem
426 1771 645 1856 moerentibus
661 1770 845 1852 communis
863 1748 971 1841 solatii
985 1768 1172 1858 medicina,
1186 1785 1224 1845 ut
1240 1773 1345 1844 sciant

296 1859 464 1968 mortales,
482 1901 516 1958 se
531 1877 722 1958 mortalium
737 1875 838 1946 funus
851 1861 1091 1946 deducerem

342 1987 406 2057 Cui
421 1983 540 2082 eidem
537 2005 657 2072 genem
647 1982 848 2052 referenda
858 2006 926 2052 non
939 1983 1102 2055 immerito
1117 1984 1249 2054 videtur
1260 1955 1345 2077 prae·

212 2119 214 2126 ·
300 2091 389 2162 clara
403 2075 571 2163 conclusio
590 2089 746 2160 orationis
762 2087 867 2175 illius,
888 2113 955 2182 qua
939 2090 1081 2158 coram
1096 2105 1230 2160 centum
1246 2093 1346 2185 quin-

300 2197 460 2292 quaginta
480 2195 642 2292 episcopis
661 2195 795 2282 habita,
830 2195 1204 2288 Constantinopolitanae
1237 2198 1347 2272 eccle·

301 2307 376 2392 siae,
396 2328 473 2400 quae
498 2303 668 2374 Anastasia
688 2303 885 2402 vocabamr,
916 2305 1140 2398 omnibusque
1163 2318 1202 2375 ut
1221 2305 1267 2374 ita
1291 2306 1345 2375 di-

300 2435 394 2498 cam,
409 2413 616 2484 terrestribus
632 2423 666 2482 et
679 2409 868 2480 coelestibus
881 2431 1073 2552 supremum
1086 2411 1168 2481 dicit
1182 2410 1282 2500 vale,
1294 2413 1345 2482 his

349 2622 478 2709 «Vale,
507 2620 844 2706 Αιιιιιιιίι,ιιοιιιιιι
835 2647 854 2690 a
877 2621 998 2713 pietate
1019 2623 1156 2694 hahens.
1186 2628 1236 2694 Τιι
1258 2625 1346 2698 cuim

304 2729 424 2814 nobis
415 2728 493 2809 fidei
509 2725 706 2813 doctrinam,
724 2749 799 2819 quae
814 2726 923 2796 adhinc
937 2731 1142 2821 contemptui
1153 2743 1241 2816 erat,
1261 2731 1346 2804 exci-

303 2837 494 2923 tastivale,
507 2837 657 2930 iuquam,
669 2836 853 2905 communis
861 2835 1007 2906 victoriae
1014 2837 1123 2924 sedes,
1134 2860 1229 2911 nova
1235 2835 1344 2924 Siloa
1359 2839 1368 2845 ⁴

302 2951 338 3020 in
361 2949 429 3042 quai
440 2945 584 3038 primum
594 2967 711 3022 arcam
725 2945 872 3031 fiximus,
894 2943 1111 3038 quadraginta
1127 2946 1219 3016 annis
1234 2944 1347 3017 inde-

303 3069 390 3126 serto
405 3044 636 3122 circumactam
651 3051 850 3142 incertisque
865 3050 996 3120 sedibus
1003 3065 1188 3142 vagantem.
1201 3051 1295 3138 Vale,
1309 3065 1347 3120 tu

303 3159 451 3254 quoquc,
465 3161 485 3228 ὃ
500 3179 659 3250 magnum
675 3158 740 3226 hoc
752 3170 787 3225 et
802 3156 913 3231 nobile
930 3157 1122 3250 Templum,
1140 3181 1225 3230 nova
1241 3160 1346 3226 haere-

304 3269 406 3354 ditas,
424 3262 517 3360 quod
539 3261 820 3355 magnitudinem,
833 3286 933 3356 quam
947 3286 1049 3336 nunc·
1062 3263 1177 3350 hahes,
1201 3266 1221 3332 a
1236 3263 1347 3334 Verbo

305 3373 494 3467 suscepisti,
515 3371 673 3466 quodque
689 3391 765 3457 nos,
783 3368 860 3441 cium
875 3369 965 3462 priris
981 3373 1001 3438 J
1003 3371 1084 3440 ebus
1098 3393 1195 3457 esses,
1211 3374 1233 3439 J
1235 3393 1347 3442 erusa-

304 3483 371 3556 lem
386 3481 565 3552 effecimus.
578 3477 710 3560 Valete,
727 3501 786 3546 vos
801 3479 899 3546 etiam
925 3476 997 3548 aliae
1020 3501 1120 3547 sacrae
1133 3477 1251 3571 AEdes,
1270 3480 1348 3548 huic
1449 3527 1452 3534 »

305 3590 467 3682 dignitate
490 3586 666 3680 proximae,
693 3583 765 3651 aliae
788 3582 883 3654 aliam
911 3584 1090 3678 quamdam
1107 3586 1198 3658 urhis
1218 3599 1348 3678 partem

305 3695 571 3786 complectentes,
589 3690 683 3786 quasi
694 3689 825 3760 vincula
841 3693 993 3785 quaedam
1009 3705 1042 3760 et
1056 3707 1248 3784 compages,
1267 3715 1347 3784 pro-

306 3801 430 3892 pinqua
449 3801 548 3889 etiam
566 3799 638 3870 loca
651 3811 900 3888 connectentes3
922 3821 1004 3892 quas
1019 3820 1097 3870 cum
1115 3799 1178 3868 hic
1201 3798 1348 3892 corporis

321 3942 326 3950 ‘
344 3935 351 3961 ¹
367 3927 392 3976 S.
407 3929 505 3996 Gregor.
520 3925 633 3991 Theolog.
645 3928 713 3979 Orat.
728 3944 793 3992 xvrrr,
812 3943 836 3976 n.
853 3925 943 3992 ³9·43·
957 3951 989 3968 ·-
1004 3929 1104 3980 ²Josnd¹
1119 3933 1188 3992 irnu,
1207 3945 1229 3978 ι.
