2992 4590
293 383 354 444 188
434 397 614 447 aaaromct
637 399 664 448 s.
690 398 845 468 rtrnu‘rr,
870 399 947 449 utus
970 403 1017 464 rr,
1042 399 1126 446 sacr.
1155 403 1178 444 r.

289 498 370 592 quid
392 497 481 568 onim
501 499 645 570 occisum
660 501 734 594 quis
750 499 886 587 dixerit,
904 523 1004 595 quern
1015 497 1178 593 plantavit
1188 497 1224 568 in
1237 499 1329 570 vitali

288 611 333 677 At
343 605 434 700 quod
447 606 494 676 illi
509 608 585 678 vitae
596 609 698 701 janua
714 606 796 693 luit,
814 610 895 678 mihi
907 608 1004 701 plane
1020 622 1070 677 est
1084 629 1172 677 mors
1187 637 1195 677 ι
1210 631 1329 702 meque

289 711 347 782 illt
369 727 475 783 morte
489 729 659 786 mortuum
673 715 827 803 dixerim,
856 739 924 786 non
946 716 1037 785 hunc
1054 714 1113 809 qui
1129 711 1331 786 obdormivit

288 820 324 889 in
347 821 500 891 Domino.
525 822 642 908 Exite,
659 822 744 892 exite
759 822 913 913 lacrymae
922 819 1119 917 jampridem
1134 822 1328 916 cupientes:

289 928 391 1014 exite,
408 929 487 1022 quia
500 928 528 998 is
543 929 602 1022 qui
617 929 711 999 vobis
726 942 873 999 meatum
886 929 1104 1013 obstruxerat,
1121 927 1327 1000 commeavit.

289 1033 489 1126 Aperiantur
510 1047 682 1104 cataractae
697 1035 806 1104 miseri
829 1034 962 1125 capitis,
984 1047 1019 1104 et
1034 1048 1210 1126 erumpant
1224 1031 1331 1104 fontes

290 1163 475 1235 aquarum,
506 1142 533 1210 si
555 1141 641 1212 forte
665 1141 830 1211 sufficiant
854 1141 965 1211 sordes
992 1139 1119 1210 diluere
1133 1137 1329 1232 culparum,

289 1248 412 1341 quihus
426 1248 508 1318 iram
525 1248 643 1317 merui.
661 1247 747 1318 Ciam
762 1247 948 1318 consolatus
968 1245 1070 1316 fuerit
1083 1269 1182 1339 super
1197 1267 1251 1314 me
1267 1251 1332 1315 Do·

282 1355 421 1442 minus,
439 1369 520 1426 tunc
536 1355 679 1426 fortassis
694 1370 727 1425 et
742 1379 802 1447 ego
828 1379 955 1426 merear
979 1354 1162 1441 consolari,
1180 1355 1207 1424 si
1223 1368 1333 1424 tamen

290 1485 358 1531 non
370 1485 547 1556 pepercero
562 1465 581 1532 a
596 1485 761 1533 moerore:
780 1464 932 1554 namqui
946 1460 1081 1558 lugent,
1092 1461 1163 1554 ipsi
1171 1457 1299 1531 consol
1320 1499 1334 1515 ·

292 1565 425 1639 buntur
434 1572 457 1639 ¹.
475 1572 651 1662 Propterea
666 1569 908 1640 condescendat
925 1569 1006 1638 mihi
1021 1570 1127 1639 omnis
1141 1581 1285 1660 sanctus,
1300 1581 1334 1638 et

290 1676 325 1744 in
340 1676 457 1770 spiritu
472 1675 615 1746 lenitatis
630 1677 689 1771 qui
703 1675 878 1769 spiritualis
893 1689 963 1762 est,
981 1677 1139 1746 sustineat
1153 1673 1334 1746 lamentan-

290 1797 369 1854 tem.
397 1788 521 1854 Luctus
544 1807 638 1854 meus
660 1784 830 1868 humano,
854 1807 987 1878 quaeso,
1014 1797 1172 1876 pensetur
1187 1782 1332 1868 affectu,

290 1914 360 1960 non
375 1893 615 1962 usmVidemus
627 1893 747 1984 nempe
759 1905 907 1961 mortuos
918 1892 1065 1985 quotidie
1081 1890 1237 1984 plangere
1252 1915 1336 1961 mor·

291 2011 366 2068 tuos
377 2023 453 2070 suos
469 2000 607 2070 :fletum
623 1999 786 2086 multum,
804 2013 838 2068 et
854 1997 1000 2068 fructum
1012 1997 1155 2068 nullum.
1173 2003 1248 2070 Non
1263 2000 1334 2088 cul-

291 2127 407 2198 pamus
422 2106 597 2191 allectum,
622 2107 684 2175 nisi
699 2106 775 2175 clam
791 2107 920 2176 excedit
934 2107 1073 2176 modum
1088 2139 1097 2196 3
1115 2107 1172 2176 sed
1190 2131 1332 2177 causam.

292 2212 354 2282 llle
369 2213 525 2284 nimirum
541 2227 670 2284 naturae
684 2227 750 2300 est,
769 2228 803 2284 et
818 2216 888 2306 ejus
909 2214 1056 2285 turbatio
1066 2237 1166 2307 poena
1181 2217 1308 2308 pcccati
1326 2242 1334 2287 ι

291 2320 363 2390 haec
377 2321 504 2390 vanitas
517 2334 549 2390 et
560 2335 744 2414 peccatum.
763 2321 894 2390 Etenim
908 2321 955 2390 ibi
969 2319 1049 2407 sola,
1062 2321 1124 2390 nisi
1136 2320 1245 2408 fallor,
1264 2321 1337 2416 plo·

292 2439 407 2495 rantur
421 2425 542 2496 damna
557 2426 669 2518 gloriae
684 2427 810 2512 carnis,
836 2428 912 2496 vitae
926 2427 1096 2518 praesentis
1111 2429 1333 2520 incommoda.

292 2537 335 2602 Et
355 2530 508 2624 plorandi
534 2534 592 2627 qui
616 2533 662 2602 itt
684 2533 827 2626 plorant.
846 2533 1017 2628 Numquid
1039 2556 1099 2624 ego
1123 2521 1192 2604 sie?
1219 2533 1336 2606 Similis

235 2673 239 2683 ,
292 2638 375 2707 mihi
401 2638 561 2722 affectus,
587 2637 644 2708 sed
672 2638 773 2708 altera
792 2661 907 2726 causa,
925 2638 1154 2735 dissimilisque
1180 2640 1333 2710 intentio.

292 2743 391 2817 Nulla
405 2747 487 2816 mihi
502 2747 580 2816 sane
595 2745 729 2841 querela
746 2747 788 2816 de
803 2748 957 2817 omnibus
968 2773 1044 2842 quac
1055 2762 1133 2818 sunt
1148 2747 1277 2817 mundi.
1297 2751 1337 2816 ln

292 2853 343 2922 his
358 2852 508 2947 profectis
522 2877 598 2947 quae
614 2868 692 2923 sunt
706 2855 783 2941 Dei,
805 2852 996 2947 ademptum
1015 2854 1112 2925 doleo
1132 2851 1231 2924 fidele
1244 2855 1336 2923 auxi-

292 2959 396 3046 lium,
413 2960 553 3029 salutare
572 2959 757 3029 consilium.
777 2958 951 3028 Girardum
971 2957 1068 3052 lugeo
1087 2991 1095 3030 :
1115 2958 1272 3030 Girardus
1289 2971 1337 3028 est

293 3067 328 3135 in
343 3068 463 3150 causi,
481 3065 711 3152 fraternam,
737 3065 794 3135 sed
808 3067 974 3160 proximus
989 3067 1121 3161 spiritu,
1136 3067 1244 3137 socius
1256 3089 1336 3160 pro·

294 3173 413 3266 posito.

341 3307 358 3344 a
368 3277 516 3349 Adhaesit
527 3280 636 3350 anima
644 3302 717 3350 mea
726 3281 843 3350 animae
851 3278 956 3372 illius3
967 3295 1000 3350 et
1009 3305 1110 3350 unam
1120 3281 1198 3352 fecit
1207 3282 1250 3352 de
1258 3281 1338 3352 dua-

213 3472 218 3480 1
294 3385 1334 3482 bus‚nonconsanguinitas,sedunanimitasllarnisquidemne·

295 3490 457 3563 cessitudo
467 3517 535 3563 non
547 3491 669 3564 defuit:
682 3493 738 3564 sed
752 3494 825 3587 plirs
835 3496 945 3588 junxit
956 3497 1091 3565 societas
1103 3496 1249 3588 spiritris,
1261 3521 1337 3567 con·

295 3624 408 3672 sensus
424 3601 621 3688 animorum,
631 3625 761 3672 morum
775 3601 996 3673 conformitas.
1007 3600 1092 3671 cum
1104 3627 1183 3694 ergo
1195 3625 1338 3674 essemus

295 3733 352 3781 cor
366 3731 471 3778 unum
487 3724 521 3779 et
536 3710 644 3778 anima
658 3733 744 3796 una,
763 3712 849 3780 hanc
864 3733 970 3778 meam
984 3709 1107 3802 pariter
1125 3726 1225 3803 atquc
1236 3711 1337 3804 ipsius

297 3815 441 3884 animam
463 3815 671 3908 pertransivit
686 3815 832 3908 gladius,
862 3829 896 3884 et
910 3813 1061 3886 scindens
1075 3807 1088 3903 ,’
1102 3815 1245 3885 mediam
1261 3839 1339 3907 par-

334 3955 341 3982 ¹
355 3943 443 3996 matth.
459 3961 485 4010 v,
496 3943 521 3996 5.
