2996 4598
299 424 400 472 ctrur
422 429 454 472 v.
479 428 521 471 nn
544 427 622 473 uoco
644 427 853 475 coucrorrmus
876 423 1065 475 nnsrrutro.
1153 415 1206 474 »77

168 524 296 594 tissimis
311 525 387 595 viris
407 525 580 594 Vincentio
598 525 758 610 Ferrerio,
776 531 873 597 Petro
890 541 1046 618 martyre,
1064 529 1208 600 Antonio

168 631 323 702 Patauino
353 646 387 701 et
413 631 616 701 Bernardino
642 631 776 700 Senensi
807 635 972 702 memoriae
999 635 1209 706 tradiddrunt

166 759 279 808 eorum
303 739 381 810 vitae
405 741 588 832 scriptores.
612 741 660 807 De
685 737 818 830 Equitio
841 739 957 808 abbate
981 741 1027 810 ita
1051 741 1207 836 scriptum

166 844 297 940 reliquit
308 847 423 918 beatus
431 847 649 939 Gregorius:«
658 847 780 931 Tantus
789 844 884 914 illum
893 845 1001 916 fervor
1009 847 1208 941 adcolligen·

154 952 223 1024 das
241 957 311 1026 Deo
328 956 452 1025 animas
472 952 683 1040 accenderat,
706 967 744 1022 ut
761 953 806 1022 sic
820 955 1025 1024 monasteriis
1042 971 1206 1049 praeesset,
1235 1036 1237 1046 ,

165 1065 327 1159 quatenirs
342 1089 402 1158 per
417 1065 585 1150 ecclesias,
599 1087 658 1157 per
677 1075 797 1149 castra,
815 1085 875 1156 per
888 1065 997 1150 vicos,
1015 1087 1075 1158 per
1096 1066 1208 1156 singu-

156 1170 273 1241 lorum
285 1172 421 1266 quoque
437 1169 585 1240 fidelium
595 1169 708 1240 domos
724 1169 981 1265 circumquaque
997 1169 1206 1260 discurreret,

153 1292 198 1348 et
216 1279 318 1349 corda
339 1277 543 1348 audientium
562 1278 604 1346 ad
625 1297 770 1346 amorem
791 1275 905 1368 patriae
924 1275 1065 1348 coelestis
1088 1279 1209 1349 excita-

162 1393 215 1458 ret
232 1389 258 1454 ².
281 1413 301 1479 u
314 1426 357 1438 -
368 1381 681 1455 Beatum'Nicolaiim
705 1381 945 1453 Tolentinatem
965 1407 1003 1455 ex
1014 1386 1082 1454 und
1096 1385 1132 1456 in
1143 1409 1208 1479 pu-

163 1491 255 1562 blico
277 1491 349 1562 soro
368 1491 479 1560 habita
503 1490 672 1560 concione·
685 1489 731 1558 ita
754 1503 956 1560 commotum
980 1503 1119 1561 testatur
1139 1493 1208 1585 ejus

165 1597 243 1667 vitae
259 1611 384 1683 auctor,
401 1611 441 1666 ut
455 1619 494 1664 ex
509 1609 644 1689 accepto
655 1595 703 1663 ibi
717 1596 841 1664 semine
856 1609 965 1666 tantos
980 1597 1100 1666 deiude
1115 1597 1208 1668 fruc-

163 1717 217 1773 tus
237 1704 415 1774 sanctitatis
438 1701 565 1772 mundo
583 1701 775 1795 praebuerit.
804 1705 904 1772 Extat
923 1700 1031 1772 adhirc
1054 1703 1089 1772 in
1110 1709 1208 1774 Pata-

164 1810 242 1880 vino
257 1833 335 1902 agro
350 1809 567 1880 vetustissima
583 1808 676 1877 nucis
688 1807 799 1892 arhor,
821 1808 921 1900 equi
938 1822 1085 1878 sanctum
1101 1814 1208 1882 Anto-

164 1916 255 1985 nium
272 1913 502 2008 saepirlssuisse
514 1914 746 1984 concionatum
760 1925 948 1982 constanter
959 1915 1125 1985 affirmant
1137 1919 1209 2016 ejus

162 2020 226 2093 loci
249 2021 459 2091 habitatores.
486 2024 554 2092 Nec
579 2018 745 2089 reticenda
767 2017 930 2090 sunt'hoc
947 2017 1021 2090 loco
1040 2021 1208 2114 privilegia

163 2125 418 2198 Praedicatorum
449 2151 486 2197 ac
501 2127 668 2197 Minorum
689 2125 895 2196 ordinibusa
919 2124 1090 2196 Clemente
1110 2131 1152 2214 V,
1175 2143 1209 2199 et

164 2234 341 2306 Benedicto
353 2239 403 2304 111
416 2257 584 2320 concessa,
609 2232 651 2302 ad
659 2234 819 2302 Eremitas
833 2235 967 2328 quoque
985 2237 1004 2302 a
1019 2233 1205 2323 Clemente,

164 2340 206 2411 ad
217 2342 409 2412 Carmelitas
424 2345 443 2410 a
458 2345 586 2410 loanne
596 2343 709 2426 XXII,
725 2339 767 2408 ad
777 2344 854 2410 Jesu
866 2340 1009 2433 denique
1020 2341 1208 2411 societatem

164 2451 183 2520 a
199 2449 300 2519 Paulo
317 2452 389 2519 111²
401 2461 594 2542 prorogata,
613 2461 652 2516 ut
667 2447 768 2516 'etiam
794 2447 830 2514 in
845 2445 961 2538 plateis
976 2450 1208 2522 communibus

163 2554 265 2624 libere
280 2554 410 2626 valeant
425 2554 512 2624 clero
524 2566 557 2622 et
572 2551 697 2646 populo
712 2550 901 2646 praedicare.

208 2665 252 2732 11.
271 2660 669 2753 Verumtamenproprius
685 2659 883 2730 concionum
895 2660 987 2731 locus
1003 2659 1068 2733 suit
1079 2687 1207 2758 semper

164 2767 299 2838 ecclesia
314 2765 403 2861 apud
419 2765 637 2850 Christianos,
649 2762 928 2857 quemadmodum
946 2767 1034 2858 apud
1051 2771 1207 2842 Hebraeos

163 2874 325 2968 templum
338 2899 375 2944 ac
391 2896 567 2965 synagoga.
586 2870 689 2966 Aede
708 2869 854 2939 Hebraeis
874 2869 1008 2963 quidem
1028 2876 1118 2944 testis
1138 2877 1207 2969 ipse

163 2983 322 3052 Dominus
338 2979 449 3050 dicens
466 2978 555 3074 apud
572 2984 734 3049 loannem
750 3005 758 3046 ι
775 2975 862 3073 Ego
882 3002 1024 3072 semper
1041 2977 1150 3050 docui
1169 2985 1206 3052 in

164 3091 357 3186 synagogci
365 3089 446 3158 etin
457 3085 600 3178 tempIO,
612 3108 682 3176 quo
691 3107 817 3154 omnes
826 3082 951 3156 Judoet
959 3089 1203 3162 eonvenr'unt³.

164 3200 207 3266 Et
219 3196 262 3265 de
282 3195 386 3266 Paulo
401 3219 438 3266 ac
458 3195 608 3265 Barnabi
624 3193 763 3287 loquens
779 3197 884 3263 Lucas
902 3223 909 3266 ε
928 3195 1204 3281 Proedt'cabant,

164 3302 288 3396 inquit,
309 3299 458 3372 verbum
486 3299 561 3372 Det
592 3301 631 3370 in
660 3302 858 3396 synagogis
888 3299 1134 3372 Judaeorum4.
1159 3311 1207 3376 De

165 3409 357 3480 Christianis
373 3411 452 3479 verd
480 3432 529 3478 res
554 3409 600 3476 it‘a
626 3421 714 3476 certa
740 3405 873 3476 videtur
897 3407 970 3478 tirm
996 3434 1034 3479 ex
1057 3425 1207 3482 veterum

165 3515 236 3584 tum
252 3539 292 3585 ex
309 3515 528 3586 recentiorum
544 3511 795 3600 consuetudine,
808 3525 848 3581 ut
862 3513 1056 3606 probatione
1068 3542 1136 3588 non
1151 3519 1205 3588 in-

167 3620 287 3714 digeat.

204 3806 212 3833 ¹
226 3799 249 3848 S.
266 3783 365 3863 Gregor.
384 3797 462 3864 Mago.
477 3789 568 3860 Drilog.
583 3792 627 3844 lib.
640 3811 661 3857 1,
674 3809 730 3861 cap.
752 3790 777 3854 4.
792 3810 824 3876 -f
838 3803 850 3831 ¹
864 3791 983 3850 Clement.
999 3795 1130 3863 deSepult.
1149 3799 1206 3851 Nos
1270 3823 1271 3826 ¹

170 3893 250 3933 autem
258 3920 269 3945 ,
283 3889 310 3934 et
321 3884 421 3932 Extrav.
436 3880 511 3932 Inter
523 3890 661 3930 cunctas...
674 3878 706 3929 de
717 3876 801 3930 Priril.
816 3880 866 3931 etc'.
886 3876 941 3917 -ἶ
956 3882 1026 3932 toan.
1037 3897 1156 3948 xvrrr,2o.
1172 3908 1204 3920 ···

171 3962 247 4018 tter.
261 3984 311 4034 xur,
324 3965 349 4018 5.
