2930 4582
259 395 322 458 268
413 407 592 458 nuauourot
614 408 641 456 s.
667 406 820 475 armum,
845 408 921 456 atas
944 409 987 473 11,
1011 411 1096 456 tacu.
1121 413 1145 454 t.

258 513 323 596 Qui
339 512 427 580 enim
437 511 639 604 temporibus
651 509 714 580 iltis
726 511 760 580 in
773 509 883 604 judaea
900 512 986 582 terra
1002 509 1116 580 fideles
1137 510 1295 600 fuerunt,
1330 468 1336 486 Ι
1443 581 1444 592 ,

258 642 297 687 ex
323 617 457 714 Virgine
481 618 685 687 nativitatem
702 617 903 702 mirabilem,
924 641 961 686 ac
975 617 1173 709 passionem,
1190 641 1298 687 resur-

257 725 452 810 rectionem,
469 725 691 794 ascensionem
711 725 847 810 Christi,
869 725 979 794 omnia
1004 725 1114 796 divina
1133 724 1298 820 dictaejus

257 845 292 901 et
311 831 398 900 sacta
422 845 597 923 praesentes
623 831 795 922 praesentia
825 830 1022 902 didicerunt.
1048 835 1127 902 Haec
1149 855 1207 903 vos
1230 858 1298 904 non

257 936 401 1024 vidistis,
417 939 588 1030 propterea
604 937 737 1007 credere
756 939 920 1006 recusatis.
940 929 1029 1029 Ergh
1051 939 1123 1008 haec
1137 939 1295 1032 aspicite,

258 1045 293 1114 in
309 1046 380 1114 haec
395 1045 571 1131 intendite,
592 1045 664 1114 haec
683 1069 759 1138 quae
779 1045 912 1114 cernitis
935 1045 1092 1137 cogitate,
1108 1052 1185 1140 quae
1205 1047 1297 1117 vobis
1321 1127 1323 1132 ¹

257 1175 320 1222 nec
335 1151 500 1244 praeterita
515 1165 707 1238 narrantur,
726 1175 787 1221 nec
809 1149 919 1222 futura
941 1152 1224 1244 praenuntiantur,
1242 1153 1298 1223 sed

246 1260 429 1352 praesentia
438 1258 716 1329 demonstrantur.
730 1264 782 1329 An
798 1261 892 1330 vohis
903 1260 1001 1330 inane
1008 1261 1061 1329 vel
1072 1259 1146 1345 leve
1152 1261 1294 1348 videtur,

257 1379 291 1434 et
310 1366 440 1434 nullum
455 1364 508 1436 vel
526 1389 663 1458 parvum
686 1367 809 1458 putatis
831 1389 899 1434 esse
915 1365 1111 1434 miraculum
1127 1365 1295 1454 divinum,
1357 1397 1358 1402 ¹

257 1471 348 1566 quod
367 1473 403 1541 in
427 1473 561 1542 nomine
582 1473 680 1541 unius
701 1473 855 1542 Crucifixi
869 1472 1057 1541 universum
1076 1494 1178 1561 genus
1197 1474 1298 1544 currit

256 1579 461 1646 humanum?
475 1582 549 1648 Non
562 1579 685 1649 vidistis
701 1577 793 1671 quod
805 1578 1001 1670 praedictum
1017 1591 1049 1646 et
1065 1576 1240 1670 impletum
1251 1591 1298 1648 est

256 1685 298 1754 de
314 1686 460 1754 humana
473 1687 594 1756 Christi
617 1686 786 1756 nativitate
804 1715 811 1754 :
826 1684 928 1754 Eece
944 1683 1062 1780 Virgo
1076 1686 1114 1753 in
1130 1699 1231 1754 utero
1243 1709 1298 1754 ae·

256 1793 364 1884 cz'piet
381 1805 416 1860 et
427 1789 696 1887 parietfilium¹
712 1823 721 1882 3
739 1791 796 1860 sed
811 1790 927 1862 videtis
942 1798 1034 1885 quod
1049 1793 1243 1883 praedictum
1266 1805 1298 1860 et

255 1899 429 1993 impletum
450 1900 556 1970 estad
575 1902 742 1972 Abraham
765 1902 824 1969 Dei
838 1902 978 1971 verbum
997 1929 1005 1972 a
1025 1899 1075 1970 In
1090 1901 1227 1969 semine
1241 1913 1297 1970 tuo

259 2005 512 2078 benedicentur
525 2019 649 2077 omnes
662 2022 787 2105 gentes
803 2011 828 2078 ².
842 2013 916 2079 Non
932 2009 1058 2077 vidistis
1075 2007 1166 2100 quod
1180 2008 1222 2076 de
1237 2009 1298 2077 mi-

256 2114 412 2182 rabilibus
425 2115 546 2184 Christi
558 2115 753 2207 praedictum
767 2129 815 2184 est
835 2144 842 2184 :
861 2113 995 2186 Venite
1014 2127 1049 2182 et
1059 2111 1298 2208 uideteopera

259 2218 421 2308 Domini,
440 2244 519 2312 quce
531 2225 652 2314 posuit
663 2219 838 2317 prodigia
853 2245 962 2313 super
975 2213 1111 2290 terrcim
1123 2223 1158 2306 ³5
1171 2221 1235 2296 «sed
1249 2222 1298 2291 vi-

221 2374 229 2385 ·
255 2325 338 2396 detis
354 2328 445 2420 quod
457 2327 652 2420 praedictum
662 2343 711 2397 est
722 2357 729 2398 :
741 2327 920 2396 Dominus
929 2325 1023 2396 dixit
1034 2325 1088 2396 ad
1100 2351 1169 2413 me,
1181 2325 1299 2396 Filius

256 2455 356 2502 meus
373 2457 411 2501 es
427 2447 476 2518 tu,
492 2457 558 2528 ego
575 2432 682 2522 ltociir}
692 2436 804 2528 genui
823 2448 878 2518 te;
890 2431 1038 2526 postula
1053 2431 1192 2502 cimeet
1203 2431 1299 2502 dubo

257 2535 325 2606 tibi
334 2552 462 2633 gentes
478 2535 731 2606 haereditatem
747 2552 860 2624 tuum,
875 2553 912 2608 et
924 2540 1189 2631 possessionem
1200 2553 1299 2608 tuum
1316 2559 1323 2571 “

257 2644 430 2713 terminos
466 2658 570 2714 terre
607 2645 631 2712 ⁴.
665 2649 749 2716 Non
769 2643 893 2714 vidistis
915 2647 1007 2738 quod
1028 2645 1227 2737 praedictum
1254 2659 1299 2716 est

256 2765 290 2820 et
317 2751 492 2843 impletum
519 2752 562 2820 de
589 2753 738 2843 passione
765 2751 885 2836 Christi
919 2749 1137 2822 :Foderunt
1167 2743 1297 2821 munus

256 2881 358 2927 meus
384 2871 419 2927 et
435 2857 548 2951 pedes
575 2881 699 2938 meos,
725 2855 1041 2929 dinumeraverunt
1066 2859 1189 2928 omniu
1217 2881 1300 2928 oasa

181 3041 183 3048 y
257 2989 340 3034 men
348 2995 365 3049 ,·
381 2965 456 3057 ipsi
465 2965 549 3033 vero
564 2960 882 3034 consideraverunt
898 2979 933 3034 et
947 2969 1216 3058 compererunt
1229 2989 1301 3049 me,-

257 3069 452 3142 diurserunt
479 3069 550 3140 sibi
581 3071 793 3158 vestimentu
828 3095 932 3159 mea,
962 3087 997 3142 et
1026 3084 1136 3166 super
1167 3088 1301 3142 vestem

164 3178 168 3184 ’
256 3201 377 3248 meum
397 3179 571 3246 miserunt
590 3191 723 3249 sortem
739 3181 751 3220 ⁵
761 3210 778 3264 ,·
798 3177 855 3248 sed
879 3181 994 3250 videtis
1016 3182 1107 3274 quod
1127 3181 1163 3250 in
1186 3181 1301 3251 eodem

257 3284 389 3354 Psalmo
399 3285 595 3377 praedictum
608 3300 669 3390 est,
684 3301 718 3354 et
733 3310 823 3356 nuuc
838 3302 973 3379 apparet
987 3288 1160 3380 impletum
1175 3318 1183 3358 :
1200 3288 1300 3358 Com-

257 3389 554 3462 memorabuntur
567 3407 602 3462 et
614 3407 867 3485 convertentur
878 3393 932 3462 nd
938 3393 1136 3472 Dominum
1149 3395 1303 3484 uniuersi

245 3503 344 3596 fines
364 3514 480 3580 terroe,
499 3515 535 3570 et
550 3498 758 3570 adorabunt
775 3504 812 3570 in
827 3517 1020 3594 conspectu
1036 3501 1112 3600 ejus
1128 3503 1300 3572 universae

252 3609 386 3700 patriae
396 3609 569 3704 gentium,
582 3608 755 3698 quoniam
768 3607 918 3677 Domini
930 3623 982 3678 est
996 3633 1157 3706 regnum,
1178 3610 1299 3700 etipse

256 3711 502 3784 dominabitur
517 3715 679 3811 gentium
703 3718 727 3784 ⁶.
753 3720 827 3787 Non
844 3714 975 3786 ¹'vidistis
1008 3717 1100 3810 quod
1120 3716 1162 3786 de
1187 3739 1297 3796 resur-

291 3852 1298 3928 ¹hmmflh—2fflmamstC—3mmmmp-flhmpm&

256 3940 840 4010 *mmmmm—fflmssm
