2984 4580
255 450 357 498 otior
380 445 661 497 v1.nunrruono
683 441 719 489 nt
741 437 948 486 conmortuus
971 427 1136 482 turnum.
1163 415 1227 482 tou

189 565 243 622 tus
259 550 487 644 pertimescat?
512 545 611 630 Quod
629 565 672 612 ne
688 541 766 629 fiat,
783 537 932 633 undique
952 535 1122 631 prophetae
1144 557 1228 606 con·
1289 547 1291 554 ’

180 647 329 728 currunt
340 671 373 726 ct
388 652 541 748 apostoli,
560 651 724 744 passiones
739 661 866 718 nostras
879 645 1075 738 reprimunt,
1096 665 1229 714 omnem

89 794 92 797 ·
189 765 352 858 appetitus
368 761 502 832 rationis
517 757 658 850 expertis
672 756 834 827 feritatem
848 755 866 823 ὲ
882 752 977 823 nobis
992 749 1181 838 amandam,
1195 765 1229 823 et

188 871 294 942 multh
306 871 529 962 augustiorem
543 889 646 956 regno
661 865 882 958 principatum
893 861 987 932 nobis
1003 860 1226 931 committunt.
1317 895 1319 899 ·

189 981 257 1048 Hic
274 979 316 1047 de
339 977 436 1047 causd
451 973 600 1044 dicebam
623 997 690 1058 eos,
710 973 768 1066 qui
785 971 857 1041 haic
868 968 1089 1040 sollicitudine
1108 991 1142 1038 se
1157 969 1229 1062 pri-

187 1101 278 1170 vant,
300 1083 422 1153 lethale
442 1081 504 1151 sibi
518 1079 638 1150 vulnus
659 1079 818 1169 infligere,
837 1101 874 1148 ac
892 1090 1021 1146 tanturn
1038 1099 1154 1170 capere
1169 1076 1230 1145 de-

188 1193 586 1282 trimentum,1quantum
599 1185 668 1256 utta
683 1186 744 1254 attat
755 1200 897 1278 exparte
909 1207 1024 1282 capere
1037 1197 1228 1278 nequeunt:

188 1295 460 1392 quandoquidem
469 1310 502 1365 et
509 1297 568 1388 qui
578 1295 645 1365 hirc
653 1295 787 1386 ingressi
799 1293 934 1379 suerint,
949 1291 1109 1386 ejusmodi
1121 1317 1230 1389 quaes·

187 1420 261 1474 tum
286 1403 437 1491 faciunt,
464 1403 594 1496 qualem
619 1399 881 1484 aliundesacere
905 1399 1123 1470 nullomodo
1151 1424 1229 1494 pos-

189 1523 263 1582 sent
285 1540 292 1581 :
311 1511 403 1605 quod
427 1523 461 1580 et
484 1509 553 1602 ipsa
575 1509 733 1579 sermonis
755 1509 852 1577 series
870 1507 1118 1578 demonstravit.
1140 1505 1231 1582 Non

189 1616 387 1710 apparebis
406 1617 443 1686 in
459 1627 653 1707 conspectu
662 1611 814 1684 Domini
830 1637 967 1683 nocuus
979 1616 1010 1700 ¹,
1022 1615 1139 1706 agebat
1159 1614 1229 1686 lex:

188 1725 252 1792 hoc
268 1737 341 1808 est,
359 1723 484 1816 absque
499 1722 662 1792 sacrifieiis
685 1744 753 1790 non
769 1721 922 1790 introeas.
942 1722 1040 1804 Quod
1061 1721 1087 1790 si
1109 1721 1231 1816 absque

187 1827 351 1898 sacrificiis
380 1829 416 1896 in
437 1829 575 1898 domum
590 1827 651 1896 Dei
669 1849 738 1896 non
757 1841 811 1895 est
833 1825 1107 1918 ingrediendum,
1125 1827 1231 1900 multd

188 1935 290 2024 magis
316 1935 359 2002 ad
382 1932 535 2003 collectas
564 1931 815 2002 cumfratribus
842 1956 910 2001 non
932 1947 982 2002 est
1000 1933 1229 2005 intrandum:

188 2040 312 2159 qnippe
328 2038 526 2113 sacrificium
541 2039 629 2108 istud
644 2035 702 2108 illo
719 2037 836 2106 melius
849 2051 918 2123 est,
939 2054 972 2108 et
988 2039 1134 2127 oblati0,
1155 2041 1233 2110 cinn

189 2146 330 2221 amicum
356 2159 465 2215 tecum
489 2145 654 2236 accipiens
682 2145 846 2235 ingressus
874 2145 985 2214 fucris.
1015 2149 1090 2218 Non
1116 2145 1233 2217 videtis

188 2251 371 2337 columbas,
400 2275 476 2344 quae
503 2251 673 2319 instructae
693 2247 841 2358 fuerunt,
871 2277 938 2346 quo
964 2267 1062 2346 pacto
1091 2253 1233 2346 reliquas

188 2381 323 2450 egressoe
335 2357 503 2452 pelliciant
518 2371 552 2426 et
563 2359 747 2427 venentur?
762 2345 827 2427 hoc
842 2381 901 2427 nos
917 2360 1050 2452 quoque
1061 2358 1230 2430 faciamus.

190 2469 350 2548 Quaenam
365 2463 597 2534 enimtandem
607 2464 771 2534 excusatio
783 2463 912 2559 reliqua
926 2466 1000 2551 erit,
1011 2489 1088 2535 cum
1100 2466 1234 2536 rationis

50 2592 53 2602 ¹
133 2599 139 2610 ‘
189 2587 335 2663 expertes
357 2572 537 2640 animantes
558 2569 636 2640 alias
652 2570 798 2664 eJusdem
816 2573 943 2664 generis
959 2563 1071 2642 venari
1087 2573 1232 2665 possint,

190 2701 251 2746 nos
266 2691 377 2745 autem
390 2678 516 2746 ratione
529 2677 687 2768 tantdque
714 2678 872 2768 sapientia
889 2679 1036 2748 exornati
1048 2671 1147 2749 talem
1155 2701 1235 2773 'eap-

190 2797 300 2851 turam
319 2779 535 2872 negligamus.
562 2781 727 2872 Superiori
742 2781 900 2851 concione
916 2806 974 2852 vos
989 2783 1025 2850 in
1041 2785 1113 2852 haec
1134 2786 1235 2856 verba
1337 2864 1341 2878 ,

114 2905 118 2914 “
190 2889 726 2983 cohortatussum:Unusquisque
736 2887 883 2960 restrium
893 2887 935 2958 ad
945 2891 1084 2982 proximi
1095 2889 1235 2962 domurn

189 2995 334 3090 pergite,
357 3009 512 3065 exeuntes
541 2993 795 3088 praestolamini,
819 2995 1037 3088 prehendite,
1066 3011 1166 3092 atque
1193 2999 1235 3069 ad

189 3125 399 3172 communem
415 3117 552 3172 matrem
570 3101 724 3172 adducite
746 3132 753 3171 :
769 3097 910 3196 illosque
925 3103 983 3197 qui
999 3103 1035 3171 in
1049 3103 1235 3196 spectacula

189 3211 393 3279 theatrorum
403 3209 572 3278 insaniunt
586 3209 770 3294 imitamini,
786 3209 844 3302 qui
860 3233 990 3280 summo
1005 3211 1129 3296 studio,
1141 3214 1236 3306 quasi

190 3318 371 3411 composito
394 3317 480 3384 inter
497 3338 530 3384 se
546 3317 687 3405 agmine,
705 3317 903 3408 comprimi
919 3317 993 3386 luce
1014 3317 1057 3386 ad
1072 3317 1235 3392 nefarium

189 3423 275 3494 illud
294 3421 518 3516 spectaculum
540 3417 767 3492 contuendum
792 3435 977 3514 expectant.
995 3428 1047 3514 nt
1076 3423 1159 3493 nihil
1178 3425 1235 3494 illa

189 3531 301 3601 nostrai
330 3527 556 3599 cohortatione
585 3528 828 3620 promovimus3
854 3526 976 3598 idcircd
1004 3531 1114 3598 rursus
1136 3529 1258 3619 dico,-

190 3661 300 3731 neque
315 3637 422 3706 dicere
445 3637 610 3720 desinam,
628 3635 733 3705 donec
759 3659 950 3728 persuasero
968 3665 976 3706 :
998 3635 1087 3708 Nihil
1102 3637 1235 3731 prodest

190 3742 406 3828 atiscultatio,
427 3743 488 3812 nisi
503 3741 593 3811 illam
616 3741 699 3811 actio
715 3743 905 3832 comitetur,
916 3742 983 3812 imo
1000 3743 1078 3813 verh
1103 3743 1233 3836 gravio-

190 3873 260 3920 rem
277 3849 372 3919 nobis
391 3871 524 3942 poenam
548 3849 697 3935 accersit,
723 3848 800 3918 ciam
821 3849 936 3920 eadem
956 3847 1149 3946 frequenter
1174 3842 1234 3923 au·
1267 3943 1268 3950 ¹
1323 3912 1325 3922 t

227 3979 326 4031 =ttxod.
341 3993 409 4044 xxm,
425 3976 466 4030 15.
588 3957 590 3972 ’
673 3943 685 3962 i
