2992 4590
320 425 384 482 ‘200
467 431 646 479 nunnonrct
669 433 696 479 s.
720 432 874 496 ranan,
899 431 976 482 stas
998 438 1048 497 u,
1072 410 1157 482 saca.
1182 437 1206 479 1.
1235 435 1238 442 ⁴

319 535 469 608 trabunt
491 539 515 604 ¹.
542 535 629 617 Quin
649 535 707 604 has
725 537 860 629 quoqne
878 535 1059 623 luctuosas,
1081 549 1116 605 et
1134 535 1359 627 superioribus

318 646 458 738 aptiores
473 665 570 714 voces
588 642 848 738 adjungebamus
868 672 877 713 :
897 642 1061 713 Posuisti
1074 665 1140 713 nos
1158 643 1196 712 in
1210 656 1360 712 eontra»

317 752 509 822 dictionem
521 764 557 820 et
566 737 741 844 probrum
752 750 880 819 uicinis
889 751 1033 837 nostris,
1041 751 1079 820 in
1089 746 1359 820 similitudinem

314 856 502 956 gentibus,
528 858 566 925 in
588 857 698 925 risum
725 853 889 925 omnibus
914 854 1163 926 luminitate
1196 854 1360 926 Vineam

315 970 415 1039 etiam
444 966 622 1060 quamdam
644 965 1000 1050 commemorabamus,
1023 988 1072 1032 ea
1088 962 1275 1060 AEgyptct,
1293 964 1360 1035 hcc

314 1090 383 1160 est,
413 1097 453 1141 ex
478 1073 652 1140 tenebrosis
678 1070 894 1162 impietatate,
925 1067 1162 1158 translatam,
1193 1086 1293 1165 atque
1320 1071 1361 1140 in
1470 1075 1492 1109 '¹

312 1181 390 1252 fidei
400 1177 682 1273 pulchritudinem
692 1176 1019 1271 magnitudinemque
1030 1192 1173 1262 auctam,
1188 1201 1225 1247 ac
1236 1176 1360 1248 deinde

315 1287 480 1356 maceriei
486 1339 498 1370 ,
519 1283 553 1354 id
575 1296 639 1369 est,
664 1283 724 1352 Dei
743 1284 962 1375 inspectione,
980 1287 1047 1376 quir
1068 1283 1158 1375 priris
1181 1284 1360 1353 munieba-

313 1415 401 1480 mur,
418 1392 579 1484 privatam
596 1403 629 1458 et
644 1387 816 1476 nudatam,
833 1389 1013 1459 viatoribus
1031 1390 1198 1476 omnibus,
1215 1391 1280 1460 hoc
1294 1403 1357 1478 est,

313 1501 475 1572 sceleratis
488 1497 693 1592 principibus
707 1498 741 1564 in
755 1496 900 1589 praedam
912 1497 1091 1592 objectam,
1109 1513 1221 1593 atque,
1240 1498 1360 1568 deras-

313 1622 414 1679 tatam
439 1610 458 1674 b
471 1604 563 1702 fero
583 1617 617 1673 et
640 1604 781 1702 agresti
798 1627 890 1696 apro
898 1659 911 1691 ,
934 1605 992 1698 qui
1011 1591 1177 1698 propriam
1197 1605 1260 1676 sibi
1279 1604 1362 1676 fecit

287 1787 292 1792 ,
313 1713 485 1798 malitiam,
500 1712 663 1806 hujusque
674 1734 772 1780 coeno
784 1709 1018 1807 singulariter
1030 1726 1079 1781 est
1094 1711 1245 1781 refertus.

361 1823 469 1888 »Haec
484 1816 618 1910 quidem
630 1817 699 1910 ipse
714 1818 804 1909 priris
816 1832 849 1886 et
862 1817 1061 1908 cogitabam,
1071 1833 1105 1886 et
1119 1819 1162 1886 ad
1171 1823 1277 1888 Deum
1287 1817 1360 1888 cla-

313 1928 457 1996 mabam.
479 1929 575 1994 Nunc
594 1939 705 1992 autern
721 1927 821 2016 quim
842 1921 983 1994 diversas
1002 1949 1098 1994 voces
1118 1925 1263 1994 assumo!
1289 1930 1360 1994 lm-

313 2033 443 2124 piorum
462 2030 598 2098 exitium
613 2029 766 2120 deinceps
783 2027 898 2118 lugeo,
915 2031 1037 2124 iisque,
1058 2032 1116 2125 qui
1131 2055 1191 2100 nos
1203 2031 1280 2102 odio
1295 2034 1359 2102 ba·

227 2195 229 2202 ,
314 2141 416 2224 bent,
444 2138 622 2226 benignum
650 2159 704 2204 me
726 2137 880 2228 praebeo‚
908 2152 1007 2231 atque
1032 2138 1222 2233 hujusmodi
1249 2139 1359 2210 verbis

313 2259 416 2315 utor:
450 2240 639 2338 Quonzodd
648 2241 755 2340 facti
770 2257 853 2312 sunt
874 2244 912 2314 in
936 2239 1220 2316 desolationem?
1241 2243 1360 2316 subito

313 2351 543 2450 defecerunt,
576 2350 762 2443 perierant
791 2365 944 2444 propter
972 2353 1200 2442 iniquitatem
1226 2377 1333 2422 suam
1343 2409 1357 2442 ,

312 2461 489 2550 tanquam
501 2455 619 2551 pulvis
633 2481 739 2549 quem
756 2456 859 2527 turbo
879 2457 1081 2547 abstraxit,
1105 2460 1284 2552 tanquam
1300 2460 1359 2530 la-

312 2587 425 2660 auge,
447 2588 528 2656 quse
552 2563 577 2632 ci
598 2577 706 2632 vento
729 2561 921 2660 disjicitur,
946 2565 1123 2658 tanqauim
1151 2591 1211 2638 ros
1235 2549 1359 2637 irrata-

311 2673 426 2759 tirsus,
455 2669 632 2760 lanariam
661 2671 799 2741 ena'ssce
826 2673 970 2767 sagittae
997 2671 1147 2761 stridor,
1177 2675 1358 2766 tanquam

311 2781 461 2852 tonitrui
471 2780 634 2874 impetus,
656 2777 832 2874 tanquam
839 2776 978 2876 fulgur
993 2779 1153 2866 emicans
1170 2783 1194 2850 ³.
1214 2781 1357 2864 Quodsi

310 2911 400 2960 nunc
415 2887 529 2958 saltem
547 2887 742 2956 sententiam
758 2900 899 2971 mutent,
918 2901 951 2956 et
970 2886 1013 2956 ad
1025 2887 1194 2958 meliorem
1209 2895 1358 2960 mentem

309 2997 545 3077 traducantur,
570 3009 674 3087 'atque
697 2995 823 3086 ingenti
842 2995 943 3064 errori
964 3019 1001 3065 ac
1026 2995 1230 3066 temulentiae
1255 2999 1356 3084 linem

309 3107 528 3194 imponentes,
545 3101 715 3168 veritatem
731 3115 969 3187 consectentur,
984 3101 1118 3172 sonasse
1134 3127 1172 3172 ex
1184 3103 1255 3196 ipsi
1271 3129 1358 3200 qno-

311 3211 378 3304 que
388 3208 572 3278 calamitate
584 3207 743 3276 nonnihil
753 3208 897 3294 bactris,
915 3209 958 3278 ad
976 3233 1031 3280 eos
1042 3211 1192 3296 redierit,
1206 3211 1358 3306 quandd-

310 3317 444 3414 quidem
467 3316 537 3409 ipsa
557 3317 724 3406 castigatio
745 3317 804 3402 iis,
829 3318 888 3410 qni
903 3316 990 3386 malo
1010 3319 1121 3412 aliquo
1139 3318 1353 3408 afficiuntur,
1434 3317 1438 3324 ’

309 3421 485 3497 commodo
500 3424 585 3514 saepe
607 3436 709 3514 atque·
726 3422 858 3492 utilitati
882 3437 956 3492 est:
981 3423 1032 3492 sin
1052 3439 1163 3494 antem
1186 3426 1222 3494 in
1238 3425 1356 3496 eidem

310 3531 471 3604 sententid
491 3529 688 3626 manserint,
707 3543 806 3620 atque
824 3528 988 3598 idolorum
1009 3532 1136 3600 cultum
1154 3533 1264 3602 adbirc
1280 3557 1355 3602 am-

310 3640 498 3734 plexentur,
521 3657 563 3704 ne
587 3636 655 3726 ipsi
675 3633 810 3726 quidem
833 3635 1035 3723 calamitate,
1049 3661 1124 3730 qnae
1141 3636 1192 3706 vel
1216 3637 1353 3708 stolidos

309 3745 439 3815 erudire
465 3743 563 3828 solet,
589 3739 740 3810 meliores
760 3741 852 3810 fient.
876 3740 1113 3832 ierosolymam
1136 3742 1273 3837 quidem
1294 3749 1352 3814 Je-

348 3897 356 3925 ¹
377 3889 439 3938 Psai.
458 3903 530 3951 xcnr,
553 3887 605 3936 Μ.
629 3896 686 3921 -²
705 3887 738 3936 ld.
753 3901 868 3950 Μυκη
891 3891 915 3934 et
936 3902 986 3953 seq.
1005 3911 1035 3922 -
1055 3885 1113 3939 ³id.
1129 3903 1206 3952 axin,
1228 3905 1268 3955 ¹9·
1292 3888 1349 3940 Job.

310 3989 358 4037 srr,
376 3971 414 4022 rs.
426 3973 480 4036 Sap.
496 3970 572 4034 v,15.
589 3973 693 4034 Oseovr,
707 3970 732 4035 4.
