2992 4590
211 445 312 515 carun
334 473 381 516 vr.
405 471 446 538 ns
461 471 618 518 unruono
641 471 677 516 m
699 449 906 520 conoronrsus
927 467 1095 522 inurunt.
1120 457 1186 522 145

148 569 229 638 tium
240 570 406 641 incursum
416 573 489 641 tuto
503 569 748 655 communiunt,
759 573 874 641 nonin
882 597 951 644 uno
962 573 1038 646 loeo
1052 576 1186 670 seipsos

147 675 392 764 concludentes,
411 676 469 747 sed
485 677 597 747 multis
615 677 696 746 locis
708 675 778 769 jl'm
793 679 934 770 hospitio
958 684 1107 775 excepti,
1131 707 1186 754 re-

146 784 320 877 gionesque
331 783 451 856 multas
463 779 671 854 adornantes.
687 789 730 854 Et
742 785 834 878 quod
844 787 963 856 mirum
972 805 1031 876 est,
1043 809 1110 860 non
1121 793 1186 861 siu·

146 891 282 982 gulatim
293 892 386 963 divisi
403 891 564 962 accedunt
580 891 621 960 ad
635 890 862 984 suscipientes,
880 893 937 962 sed
952 895 1038 964 inter
1054 918 1087 965 se
1098 919 1188 966 com-

145 997 236 1066 mixti
245 998 453 1092 conjunctius
462 996 775 1090 tripudiant.0rem
785 999 1039 1094 miramlneque
1048 1025 1188 1074 numero
1290 1027 1292 1034 ’

144 1105 314 1195 pauciores
331 1118 429 1190 sunt,
446 1125 554 1199 neque
569 1102 689 1195 plures.
708 1107 773 1172 Eos
788 1104 969 1186 incentum
984 1107 1010 1174 si
1026 1106 1185 1196 diviseris,

143 1211 316 1302 proprium
333 1231 510 1277 numerum
523 1232 588 1278 non
602 1206 784 1278 excedunt:
800 1209 826 1278 si
838 1210 873 1278 in
883 1233 988 1280 unum
1004 1211 1185 1305 collegeris,

143 1315 363 1385 nihilominus
383 1328 493 1384 tamen
520 1313 734 1408 quadraginta
756 1332 970 1408 permanent,
996 1343 1066 1390 non
1093 1320 1188 1392 aliter

143 1435 248 1515 atquc
261 1423 345 1510 ignis
364 1435 491 1490 natura.
515 1424 595 1493 Nem
615 1435 649 1490 et
667 1419 722 1490 ille
740 1422 782 1492 ad
798 1423 1030 1495 accendentem
1047 1431 1187 1518 transit,

142 1541 180 1596 et
204 1541 294 1596 totus
317 1540 364 1594 est
382 1527 471 1618 apud
487 1527 674 1595 habentem.
700 1528 752 1598 Sic
769 1529 868 1599 etiam
888 1531 1126 1624 quadraginta,
1155 1551 1189 1606 et

142 1657 261 1702 omnes
281 1633 377 1701 simul
395 1647 472 1702 sunt
495 1646 528 1701 et
543 1657 657 1702 omnes
673 1635 763 1726 apud
787 1635 930 1726 singulos
946 1653 1033 1709 sunt.
1057 1644 1189 1713 Benefi-

141 1741 253 1810 centia
268 1741 451 1824 uberrima,
474 1739 599 1809 donum
621 1741 713 1834 quod
728 1765 797 1811 nou
813 1743 1018 1832 absumitur,
1037 1764 1189 1840 paratum

142 1845 303 1916 auxilium
324 1845 535 1931 Christianis,
560 1845 694 1916 ecclesia
714 1852 920 1936 Martyrum,
946 1855 1103 1924 exercitus
1119 1870 1190 1928 tro·
1296 1869 1298 1876 '

142 1977 216 2047 paea
240 1953 458 2044 gestantium,
488 1953 607 2023 chorus
637 1951 752 2024 laudes
779 1953 905 2026 divinas
936 1960 1186 2036 celebrantium.

144 2059 316 2144 Quantum
327 2058 539 2150 impendisses
551 2058 685 2146 laboris,
697 2074 735 2130 ut
747 2063 903 2153 reperires
917 2087 1022 2134 unum
1032 2068 1189 2163 aliquem,

146 2169 206 2261 qui
220 2190 281 2259 pro
309 2181 341 2234 te
357 2164 537 2236 Dominum
553 2169 725 2236 exoraret?
752 2171 835 2237 Sunt
857 2169 1095 2263 quadraginta,
1113 2202 1191 2270 pre-

146 2275 311 2344 cationem
339 2271 537 2341 concordem
567 2272 696 2342 sursum
724 2274 920 2346 emittentes.
946 2276 1017 2348 Ubi
1035 2278 1106 2352 duo
1127 2301 1193 2356 out

148 2393 222 2450 tres
247 2378 465 2474 congregati
488 2391 572 2447 sunt
587 2377 625 2447 in
639 2378 783 2448 nomine
797 2371 967 2470 Domini,
991 2383 1064 2455 illic
1080 2404 1133 2459 est
1154 2395 1193 2464 in

148 2484 268 2557 medio
295 2487 500 2575 r'psoruml,
517 2485 582 2554 Ubi
609 2485 685 2556 verb
710 2487 927 2580 quadraginta
951 2489 1093 2582 fuerint,
1120 2502 1193 2593 quis

148 2594 191 2664 de
202 2594 262 2664 Dei
273 2593 447 2686 praesentiat
462 2592 633 2684 ambigat?
649 2593 714 2694 Qui
729 2597 879 2687 angustie
891 2596 1001 2692 aliquit
1013 2605 1189 2698 premitur,

148 2701 192 2770 ad
207 2698 610 2789 Quadraginta-Martyres
620 2699 789 2790 confugit,
806 2702 865 2794 qui
880 2701 1032 2791 laetatur,
1051 2717 1191 2786 recurrit

147 2806 191 2877 ad
202 2805 335 2876 eosdem
350 2804 424 2874 :ille
438 2803 573 2897 quidem
590 2817 627 2872 ut
646 2806 666 2872 ‘a
680 2805 774 2873 malis
785 2800 955 2894 liberetur,
969 2812 1023 2880 hic
1036 2820 1114 2886 verb
1126 2870 1135 2904 ,
1152 2835 1191 2890 ut

149 2938 200 2984 res
216 2914 280 2983 sibi
296 2913 450 2997 secundae
466 2934 534 2980 esse
553 2925 703 3004 pergant.
727 2914 788 2981 Hic
803 2913 923 2982 mulier
937 2917 990 3008 pia
1004 2943 1064 3011 pro
1080 2921 1192 2997 liberis

150 3044 246 3092 orans
268 3017 547 3112 deprehenditur,
575 3018 795 3110 peregrinanti
821 3021 939 3092 marito
959 3025 1121 3117 reditum,
1140 3033 1194 3104 in-

150 3129 246 3199 firmo
259 3127 398 3198 salutem
407 3125 501 3218 petit.
517 3126 615 3194 Fiant
629 3148 706 3196 cum
717 3127 917 3216 Martyribus
933 3155 1045 3223 preces
1060 3153 1189 3212 vestrae.

151 3237 384 3308 Adulescentes
399 3235 569 3304 imitentur
582 3234 726 3327 'aequales
741 3259 816 3304 suos
831 3261 841 3304 :
858 3252 965 3328 patres
979 3243 1095 3315 talium
1111 3249 1194 3322 filio-

152 3359 225 3416 r'um
238 3359 349 3438 patres
366 3365 434 3412 esse
456 3354 611 3434 exoptent
630 3369 638 3410 :
664 3354 782 3409 matres
796 3345 908 3412 matris
924 3346 1022 3416 bonae
1046 3354 1193 3429 ediscant

153 3452 352 3545 exemplum.
370 3455 477 3522 Mater
492 3448 590 3517 unius
605 3447 738 3516 illorum
753 3447 943 3536 beatorum,
965 3455 1042 3524 cum
1060 3460 1195 3537 vidisset

154 3559 231 3630 alios
253 3563 323 3654 jem
347 3556 468 3648 frigore
493 3567 724 3647 consumptos,
751 3579 848 3624 suum
863 3561 941 3628 verb
964 3561 1069 3632 filium
1085 3569 1195 3644 adhue

155 3667 351 3758 spirantem,
378 3661 450 3732 tirm
462 3661 511 3748 =ob
534 3660 655 3746 robur,
673 3660 746 3728 tirm
766 3661 810 3731 ob
827 3663 974 3732 animum
993 3667 1029 3736 in
1050 3670 1195 3750 ferendis

154 3773 247 3843 malis
260 3794 388 3863 acrem,
407 3770 549 3862 cirmque
563 3791 638 3836 eum
654 3766 802 3853 lictores,
817 3771 909 3862 quod
923 3770 1008 3842 forte
1022 3780 1194 3857 consilium

155 3895 283 3952 mutare
297 3878 474 3974 potuisset,
493 3873 737 3968 relinquerent,
755 3874 824 3967 ipsa
847 3877 912 3946 suis
926 3879 1026 3972 ipsius
1041 3889 1195 3966 manibus
1286 3915 1288 3920 ·

193 4019 201 4046 ¹
216 4009 302 4063 natth.
317 4023 388 4073 urm,
398 4017 441 4060 πο.

223 4155 226 4161 ,
296 4109 333 4156 11.
467 4113 468 4118 ¹
1002 4094 1040 4155 10
