2996 4598
226 501 329 548 curor
350 504 396 547 rv.
421 502 463 546 nn
485 499 635 549 rnueonn
658 503 844 547 coxcrouun
867 503 1067 570 orronruuo.
1127 487 1167 548 61

173 602 288 694 Neque
298 600 385 671 dicas
397 613 524 670 sanctos
536 605 648 668 Patres
658 599 694 668 in
708 615 895 670 sanctorum
906 601 997 672 sestis
1006 625 1173 689 sermones,

129 703 266 799 quidem
282 707 324 775 ad
337 705 499 800 populum
521 705 696 790 habuisse,
719 705 778 774 sed
797 705 930 798 quandb
949 707 1081 780 illorum
1107 733 1169 779 na-

130 811 207 882 talia
223 835 299 898 cum
314 812 368 882 die
383 811 555 884 Dominicd
570 811 824 882 concurrebant.
842 810 945 881 Adest
963 816 1050 884 enirn
1065 830 1098 887 et
1111 839 1170 888 ve·

129 931 183 988 tus
199 932 309 990 orator
328 917 412 988 illud
432 919 629 1012 figmentum
645 929 792 987 evertens
807 917 896 987 hisce
915 919 1024 988 verbis
1042 949 1050 990 ι
1071 923 1172 992 «Λά-

128 1024 196 1094 hirc
212 1049 273 1096 nos
291 1023 476 1096 delectabat
491 1047 568 1094 eum
579 1023 859 1096 Charitrtevestral
870 1025 913 1093 de
929 1025 1027 1096 beato
1048 1029 1173 1120 loseph

114 1127 255 1226 xaliquid
273 1131 385 1226 loqui,
411 1129 469 1202 sed
490 1143 625 1223 propter
638 1153 812 1223 pauperes,
840 1131 900 1223 qui
925 1129 969 1200 ad
991 1155 1091 1224 opera
1112 1157 1173 1204 sua

127 1235 307 1325 festinant,
320 1235 439 1308 mehus
460 1249 509 1306 est
537 1237 600 1307 hoc
621 1247 659 1306 ut
676 1237 770 1308 vobis
785 1237 821 1308 in
836 1237 891 1308 die
911 1239 1052 1308 crastini
1066 1261 1171 1310 reser-

128 1345 290 1412 vemus1.
311 1371 328 1408 u
533 1395 534 1400 1

170 1453 237 1517 111.
255 1449 329 1518 lmb
344 1461 377 1518 et
391 1447 426 1516 in
440 1444 590 1540 profestis
610 1444 748 1534 diebus,
766 1447 916 1542 quilibet
937 1448 1168 1540 hebdomade,

122 1555 258 1626 habitas
269 1555 347 1624 olim
359 1555 544 1640 conciones,
563 1567 597 1624 et
611 1569 718 1628 certos
727 1555 827 1629 fuisse
841 1557 919 1628 huic
933 1557 980 1628 rei
991 1557 1171 1630 destinatos

123 1662 196 1732 dies
219 1651 322 1754 parvo
343 1660 474 1750 negotio
490 1659 598 1754 quivis
624 1659 776 1732 didicerit
797 1687 837 1734 ex
860 1663 918 1735 illo
944 1665 1171 1754 chrysostomi

123 1768 211 1854 loco,
229 1768 290 1838 ubi
304 1781 427 1860 patres,
439 1780 625 1860 matresque
637 1767 776 1840 familiis
788 1769 952 1842 allocutus
966 1800 974 1842 ι
991 1799 1008 1838 s
1022 1773 1168 1862 Pueruli,
1240 1831 1242 1836 .

123 1875 246 1968 inquit,
261 1873 410 1968 quotidie
419 1873 590 1964 magistros
605 1874 777 1962 adeuntes,
794 1875 979 1948 doctrinam
989 1879 1168 1972 accipiunt,

124 1997 160 2054 et
180 1983 322 2052 recitant
340 1993 374 2050 et
394 1983 566 2074 nonquhm
583 1982 648 2052 hoc
670 1982 789 2074 agendi
811 1985 912 2054 finem
937 1982 1079 2076 faciunt,
1104 1986 1171 2054 imb

125 2091 367 2184 nonnunquhm
391 2090 545 2160 noctibus
568 2089 637 2160 dies
663 2088 838 2182 adjiciunt,
862 2093 965 2185 idque
988 2116 1048 2185 pro
1074 2092 1170 2162 fluxis

125 2199 225 2268 rebus
236 2195 373 2268 laceret
387 2196 480 2266 vobis
490 2209 654 2287 coguntur
666 2196 673 2264 l
685 2201 751 2267 Nos
767 2213 954 2268 autemnon
969 2202 989 2270 h
1003 2199 1096 2268 vobis
1111 2201 1168 2292 qui

124 2304 161 2374 in
171 2303 368 2396 perfectiore
380 2315 477 2371 aetate
489 2301 575 2386 estis,
589 2301 654 2370 hoc
664 2303 870 2394 requirimus,
887 2304 980 2396 quod
994 2327 1051 2374 vos
1067 2303 1170 2372 tfitiis

123 2411 241 2480 vestris
257 2409 404 2500 exigitis,
426 2406 637 2500 nequeenim
656 2407 823 2500 quotidie,
845 2411 903 2478 sed
918 2410 970 2478 bis
985 2395 1115 2500 tanthni
1134 2409 1171 2476 in

124 2513 354 2600 hebdomadi,
372 2512 473 2605 idque
489 2535 547 2604 per
567 2513 703 2583 brevem
723 2510 788 2580 diei
803 2527 953 2605 partem,
970 2528 1008 2584 ut
1023 2514 1171 2586 laborem

124 2621 295 2708 levemus,
311 2643 370 2690 vos
384 2618 536 2689 concioni
551 2615 662 2688 adesse
673 2631 707 2686 et
721 2616 890 2688 attendere
901 2621 1074 2692 hortamur
1083 2626 1109 2689 ².
1124 2648 1141 2688 a

170 2727 353 2798 Peculiares
362 2721 613 2794 autemillidies
623 2723 782 2792 habendis
791 2726 1006 2796 concionibus
1017 2727 1171 2818 destinati

123 2856 195 2904 non
210 2832 311 2904 iidem
333 2831 439 2902 varios
455 2826 544 2922 apud
566 2826 706 2920 populos
722 2827 986 2897 celebrabantur.
1004 2829 1069 2898 Alii
1090 2830 1171 2900 serit

30 3007 33 3012 .
124 2941 264 3034 quarti,
282 2938 337 3020 alii
352 2938 452 3023 sextal,
466 2959 542 3030 quae
559 2939 734 3004 Parasceve
748 2931 887 3022 dicitnr,
903 2935 958 3004 alii
970 2935 1009 3004 in
1020 2935 1169 3021 sabbato,
1279 3009 1283 3020 ‚

123 3069 227 3118 sacrae
244 3047 420 3140 Scripturas
434 3041 670 3136 expositionem
685 3038 831 3110 audituri
845 3039 1101 3112 conveniebant,
1119 3041 1172 3111 Sic

124 3152 218 3246 apud
227 3151 476 3238 Alexandrinos,
491 3161 644 3220 narrante
658 3150 807 3233 Socrate,
821 3145 1028 3242 feriaquarta
1040 3161 1073 3217 et
1084 3147 1173 3219 sextat

123 3259 370 3354 praedicabatur
383 3255 620 3349 Evangelium:
638 3253 880 3342 «Alexandriae,
895 3255 951 3342 ait,
963 3257 1080 3350 quarth
1090 3253 1173 3324 lerial

122 3381 159 3436 et
174 3367 215 3436 ed
235 3389 313 3460 quae
331 3365 661 3458 diciturParasceve,
683 3360 841 3454 leguntur
851 3383 950 3430 sacrae
971 3361 1170 3454 Scripturae,

122 3495 248 3568 easque
267 3473 418 3543 doctores
439 3471 714 3561 interpretantur,
740 3480 841 3560 atque
861 3467 915 3535 hic
938 3488 1010 3536 mos
1032 3462 1175 3538 Alexan·

123 3581 230 3650 drinae
245 3579 402 3651 Ecclesiae
418 3577 653 3649 vetustissimus
668 3588 735 3664 est,
753 3585 882 3644 constat
897 3573 985 3642 enim
998 3575 1172 3663 Origenem

124 3689 177 3758 his
192 3703 233 3758 ut
246 3686 427 3782 plurimum
451 3683 568 3754 diebus
582 3683 618 3756 in
633 3682 778 3752 Ecclesih
798 3681 978 3762 docuisse³.
997 3709 1070 3747 o—
1079 3679 1173 3748 Idem

125 3793 230 3865 refert
247 3795 283 3865 in
292 3791 507 3864 ecclesiastici
522 3789 671 3860 Historia*
685 3788 907 3879 Nicephorus,
933 3786 991 3879 qui
1006 3787 1040 3856 in
1060 3789 1173 3878 Cypro

164 3945 173 3972 ¹
187 3937 267 4004 Apud.
282 3939 306 3989 S.
320 3941 419 4002 August.
430 3933 541 4000 Append.
553 3935 630 3984 Scrm.
643 3947 684 3996 xv,
697 3946 721 3981 o.
736 3919 761 3982 8.
772 3955 805 3965 -
818 3941 829 3966 ²
845 3933 870 3982 S.
882 3925 966 3996 Chrys.
978 3931 1067 3984 Homil.
1084 3931 1172 3982 xxvio

126 4026 200 4076 Joan.
217 4039 243 4077 n.
262 4039 284 4074 r.
300 4048 332 4060 -
346 4018 357 4059 ³
370 4023 465 4071 Socret.
480 4018 541 4070 nist.
557 4015 645 4068 eccles.
655 4015 698 4067 lib.
710 4032 735 4081 v,
745 4005 801 4082 cap.
815 4029 856 4066 22.
