2996 4598
257 389 299 449 92
364 409 367 416 ·
408 402 814 471 terwanensium,
841 406 916 455 rtur
939 409 985 470 11,
1010 409 1094 453 sucu.
1121 409 1145 452 1.

255 504 354 574 clavis
371 507 592 593 confixerunt,
611 523 645 579 et
663 507 706 576 de
731 508 874 580 vestibus
893 521 1012 578 sortem
1034 507 1142 599 jecere
1155 508 1186 597 ¹3
1203 505 1296 576 miles

244 611 314 708 'qui
326 612 439 683 lancee
454 611 538 684 letus
554 618 624 708 ejus
640 615 767 708 aperuit
777 617 808 704 ²3
829 614 984 684 mulieres
999 635 1074 706 quae
1092 627 1173 682 tunc
1188 613 1297 682 effue-

254 722 366 788 runt³.
386 719 505 788 Velum
520 720 634 812 templi
649 735 729 790 tunc
744 720 950 810 discissum⁴;
968 718 1064 789 Pilati
1079 719 1295 811 praetorium·,

255 825 375 896 virtute
395 826 484 918 ejus,
499 826 558 917 qui
569 839 650 897 tunc
662 827 760 898 Cruci
775 827 889 896 affixus
905 840 970 912 est,
988 849 1078 895 nuno
1093 827 1129 893 in
1144 823 1297 894 solitudi-

254 955 331 1000 nem
346 930 548 1001 redactum⁵.
576 917 739 1024 Golgotlia
753 933 814 1004 iste
838 947 969 1003 sanctus
982 931 1246 1024 supereminens,
1264 945 1299 1000 et

252 1039 319 1108 huc
343 1039 449 1132 usque
475 1039 691 1131 conspicuus:
710 1053 810 1133 atque
824 1040 860 1108 in
883 1052 1077 1132 praesentem
1093 1037 1182 1106 diem
1196 1037 1299 1106 fidem

253 1142 390 1230 faciens,
405 1143 573 1237 quomodo
586 1159 688 1237 petrae
699 1146 1004 1238 propterChristum
1014 1159 1208 1235 cotempore
1220 1157 1300 1213 sunt

254 1252 358 1322 seissae
369 1253 394 1319 ⁶.
414 1251 604 1321 Proximum
620 1275 754 1346 quoque
768 1267 1043 1338 monumentum,
1057 1252 1092 1320 in
1108 1274 1175 1344 quo
1186 1251 1300 1320 condi-

253 1371 306 1426 tus
322 1371 391 1446 est3
408 1371 441 1426 et
457 1359 540 1428 ostio
555 1359 725 1451 impositus
744 1360 842 1452 lapis,
858 1360 917 1453 qui
932 1357 975 1428 ad
990 1361 1081 1428 hunc
1093 1381 1198 1452 usque
1209 1357 1299 1426 diem

253 1464 400 1558 proxime
413 1479 665 1535 monumentum
675 1465 774 1561 jacet.
806 1466 925 1558 Angeli
943 1467 1001 1560 qui
1021 1481 1103 1535 tunc
1122 1478 1299 1558 praeseutes

254 1571 371 1642 sudre⁷
391 1573 568 1644 :mulieres
591 1599 667 1668 quae
690 1588 765 1667 post
777 1573 1048 1643 resurrectionem
1072 1573 1297 1662 adoravdre⁸3

255 1683 370 1748 Petrus
385 1694 420 1748 et
442 1684 585 1750 Joannes
602 1683 660 1775 qui
676 1681 719 1750 ad
739 1694 993 1752 monumentum
1010 1681 1229 1750 concurrere⁹
1246 1692 1299 1767 3et

256 1787 397 1856 Thomas
412 1787 469 1879 qui
485 1810 620 1856 manum
636 1787 772 1857 inlatus
788 1789 880 1881 ejus,
898 1801 931 1856 et
946 1785 1065 1876 digitos
1080 1783 1116 1854 in
1128 1785 1297 1855 clavorum

253 1895 387 1986 vestigia
401 1895 538 1964 inseruit
547 1899 587 1963 ¹⁰.
605 1901 670 1966 Pro
685 1896 781 1965 nobis
792 1895 880 1964 enim
894 1893 950 1964 ille
963 1893 1134 1984 diligenter
1151 1907 1299 1963 contrec-

254 2000 335 2069 tavit
350 2029 357 2071 :
372 2001 529 2094 quodque
540 2015 599 2087 tu,
616 2002 674 2095 qui
689 2025 831 2094 praesens
846 2025 914 2070 non
929 2001 1068 2086 affuisti,
1082 1999 1298 2092 inquisiturus

253 2129 339 2191 cras,
356 2105 391 2174 id
401 2106 456 2174 itte
470 2129 613 2198 praesens
630 2107 738 2177 altiori
753 2108 813 2176 Dei
825 2106 961 2177 consilio
975 2106 1182 2200 conquisivit.

305 2240 321 2276 η
341 2212 449 2282 Habes
467 2213 643 2283 duodecim
666 2213 838 2306 Apostolos
854 2213 967 2285 Crucis
992 2227 1101 2296 testes,
1125 2225 1158 2282 et
1176 2227 1298 2284 terram

253 2319 460 2406 universam,
475 2343 512 2390 ac
525 2322 688 2390 mundum
704 2319 908 2390 credentium
924 2320 960 2388 in
971 2321 1173 2390 Crucifixum
1186 2321 1298 2392 homi-⁴

254 2451 346 2496 num.
366 2431 437 2496 Hoc
452 2428 560 2520 ipsum
576 2427 667 2521 quod
683 2451 772 2497 nunc
788 2429 881 2514 edes,
896 2427 1051 2498 Crucifixi
1065 2427 1221 2496 virtutem
1235 2428 1299 2497 tibi

254 2535 458 2627 persuideat„
475 2535 555 2617 Quis
571 2535 660 2603 enim
672 2549 705 2604 te
718 2559 808 2604 nunc
826 2536 868 2604 ad
890 2536 982 2605 hunc
997 2549 1122 2604 coctum
1135 2534 1299 2604 adduxit?

188 2647 191 2652 '
254 2643 313 2736 qui
330 2641 595 2734 militesi'quibus
611 2665 644 2711 es
657 2639 799 2711 vinculis
811 2645 963 2712 coactus?
975 2667 1051 2735 quae
1061 2650 1192 2711 tenunc
1204 2641 1300 2710 edun

255 2749 296 2818 sit
305 2747 425 2841 judicis
434 2749 616 2817 sententia?
626 2751 749 2817 Verum
760 2747 901 2816 salutare
916 2751 936 2816 J
937 2753 994 2817 esu
1005 2763 1180 2841 tropaeum,
1193 2751 1313 2832 Crux‚‘

254 2879 367 2927 omnes
382 2855 448 2926 huc
463 2856 582 2947 coegit.
602 2860 673 2926 Hoc
690 2861 801 2926 Persas
822 2856 969 2926 servituti
993 2855 1141 2942 addixit,
1164 2870 1198 2925 et
1215 2859 1298 2946 Scy-

255 2964 327 3034 thas
349 2963 517 3033 cicuravit.
534 2966 605 3032 Hoc
617 2961 781 3054 AEgyptiis
792 2962 829 3034 in
842 2960 954 3032 locum
972 2961 1133 3032 feliumet
1149 2963 1296 3048 eunium,
1366 2999 1372 3002 -

255 3057 293 3142 oo
306 3070 496 3163 multiplicis
512 3071 645 3156 erroris,
661 3068 720 3140 Dei
734 3071 885 3142 notitiam
896 3071 1087 3164 impertivit.
1101 3075 1173 3142 Hoc
1185 3071 1221 3138 in
1232 3071 1299 3140 ho·

255 3179 408 3248 diemum
427 3199 533 3268 usque
546 3175 634 3244 diem
655 3177 789 3246 morbos
813 3191 926 3263 curat,
956 3177 1082 3268 effugat
1105 3176 1296 3262 daemones,

256 3284 558 3378 veneficiorumque
568 3299 667 3378 atque
678 3285 940 3356 incantationum
960 3285 1076 3354 evertit
1085 3285 1296 3378 imposturas.

258 3388 343 3461 Hoc
357 3415 439 3460 cum
455 3389 486 3460 J
483 3413 545 3460 esu
567 3389 653 3460 olim
675 3389 870 3484 apparebit
888 3415 937 3460 eor
952 3390 1106 3461 coelest?
1130 3389 1299 3461 Praecedet

258 3499 346 3567 enim
359 3499 440 3589 regis
448 3513 609 3592 tropaeum
618 3530 628 3588 3
637 3512 677 3567 ut
688 3497 795 3568 Judaei
804 3495 938 3592 quidem
950 3495 1113 3568 uidentes
1122 3520 1299 3590 quempu·

294 3691 302 3717 ¹
316 3680 401 3732 matth.
417 3697 492 3747 xxvii,
506 3681 581 3732 35.-
591 3691 601 3718 ²
613 3683 684 3732 Joen.
699 3697 750 3744 xm,
763 3677 839 3746 34-
851 3677 862 3718 ³
872 3680 960 3731 tratur.
972 3695 1048 3746 xxvii,
1062 3681 1140 3732 55.-
1152 3677 1165 3728 4
1178 3680 1242 3732 lbid.
1252 3681 1295 3732 51.

259 3790 290 3802 ·-
304 3761 387 3816 ⁵1bid.
400 3780 441 3831 ²7·
456 3791 484 3802 -
498 3763 510 3802 ⁶
523 3765 585 3818 Ibid.
598 3765 626 3816 51
639 3773 666 3816 et
677 3767 720 3818 60.
732 3791 763 3802 -
774 3776 785 3818 t
798 3769 870 3816 Joan.
884 3781 926 3832 xx,
940 3777 979 3819 ια.
995 3763 1052 3802 -8
1069 3765 1156 3818 nauh.
1170 3781 1256 3830 xtnn,
1268 3783 1296 3832 9.

212 3901 216 3905 A
259 3861 313 3900 -9
330 3853 399 3902 Jouu.
411 3867 450 3916 xx,
462 3850 488 3916 3,
500 3847 523 3914 4.
536 3877 565 3887 -·
583 3859 607 3910 ¹9
619 3849 681 3901 lbid.
696 3863 739 3916 up·
754 3875 786 3886 -
801 3847 995 3913 ”idetthaxrm
1010 3848 1050 3900 30.
1147 3918 1150 3922 Ι
