2984 4580
291 457 357 522 414
445 433 625 522 nunnonrct
647 469 674 520 s.
699 465 853 534 rtruuu,
877 467 954 520 ntra
977 473 1022 535 11,
1046 468 1131 518 suar.
1157 475 1182 516 1.

288 596 367 644 cum
379 571 573 644 sacerdotali
595 570 680 644 stold
695 570 869 657 educavit,
886 571 970 640 nihil
984 570 1124 640 humani
1138 568 1258 657 verita,
1276 571 1334 642 sed

288 683 357 750 Deo
366 678 468 750 fidem
482 676 620 774 babens.
634 675 724 750 Nihil
738 676 800 746 tibi
823 673 992 762 amuletis,
1006 673 1068 746 nec
1082 677 1334 748 incantamentis

289 807 373 877 opus
391 798 458 873 ost,
481 784 681 879 quibuscum
700 797 820 876 pravus
843 781 900 854 ille
919 781 954 854 in
975 781 1137 854 leviorum
1160 783 1334 855 bominum

172 939 175 946 ,
281 891 415 962 'animos
430 837 558 962 simul
549 891 682 983 irrepit,
702 889 949 962 venerationem
968 893 1037 960 Deo
1057 890 1205 961 debitam
1219 889 1335 964 lurtim

288 995 1167 1088 adsetranslcrens.'lri11itatcm'rpsidammagnum
1182 997 1331 1140 inquam,

288 1101 374 1176 illud
388 1117 423 1186 ct
437 1103 615 1196 pulchrum
629 1101 825 1178 amuletum.

335 1237 352 1276 ι
378 1209 468 1294 Quid
490 1211 669 1306 praetereli’
694 1209 915 1330 virginitatem
935 1209 1036 1280 colis?
1058 1209 1226 1302 baptismo
1248 1233 1332 1282 con-

288 1317 417 1410 signare
434 1346 443 1390 ι
459 1318 551 1390 bunc
566 1317 629 1390 tibi
642 1318 720 1390 vitm
734 1339 861 1388 socrum
869 1330 904 1388 et
918 1313 1112 1390 familiarem
1126 1318 1257 1390 ascisce.
1272 1319 1334 1390 llic

288 1423 350 1493 tihi
368 1437 402 1493 et
415 1424 529 1511 vitam,
555 1437 589 1493 et
611 1425 713 1494 verba
727 1422 930 1510 moderetur,
948 1425 1059 1494 omnia
1079 1425 1240 1512 membra,
1262 1449 1334 1497 om·

287 1552 346 1602 nes
361 1531 460 1602 animi
482 1543 607 1617 motus,
624 1552 739 1602 omnes
756 1553 882 1602 sensus.
911 1534 1045 1602 Honore
1067 1554 1145 1602 eum
1169 1532 1334 1626 complec-

287 1651 369 1724 tere,
389 1651 427 1710 ut
447 1651 481 1708 te
500 1650 616 1722 ornet,
638 1637 823 1730 capitique
848 1651 909 1708 tuo
931 1637 1139 1734 graeciarum
1160 1661 1334 1712 coronam

288 1759 413 1818 nectat
426 1749 451 1832 ¹,
484 1759 518 1816 et
531 1746 654 1818 corond
675 1745 868 1816 deliciarum
890 1759 924 1816 te
948 1761 1111 1840 protegat.
1133 1749 1333 1820 Matrimonii

287 1853 427 1924 vinculis
448 1854 599 1924 astrictus
634 1855 688 1922 es?
713 1852 881 1944 Baptismo
915 1854 1050 1946 quoque
1070 1855 1293 1946 constringere
1321 1884 1330 1926 ι

287 1961 378 2033 Ιιιιιιο
402 1961 465 2032 tibi
490 1959 764 2033 contubernalem
786 1960 929 2055 adjunge
951 1959 1120 2054 pudicitiae
1142 1963 1331 2050 custodem,

175 2143 177 2146 ,
287 2067 468 2138 innumeris
497 2067 657 2138 eunuchis
687 2080 721 2136 et
747 2067 945 2160 janitoribus
979 2069 1146 2140 tutiorem.
1176 2069 1333 2142 Nondum

287 2175 378 2246 carni
390 2174 564 2268 copulatus
580 2177 636 2245 es?
657 2177 706 2246 Ne
720 2174 1118 2268 Baptismiperlcctionem
1129 2177 1328 2249 extimescas.

288 2287 394 2355 Purus
410 2305 448 2352 ae
461 2281 606 2355 mundus
620 2303 667 2367 cs,
684 2281 767 2352 inito
784 2282 883 2352 etiam
902 2281 1112 2354 matrimonio
1130 2312 1138 2353 ε
1156 2283 1191 2356 in
1205 2306 1258 2354 me
1269 2285 1333 2356 boc

288 2387 471 2480 periculum
487 2387 627 2480 recipio,
644 2409 705 2477 ego
720 2387 840 2458 harum
855 2387 1047 2480 nuptiarum
1066 2389 1331 2481 conglutinam,

286 2518 349 2586 ego
362 2517 496 2586 auspex.
512 2498 581 2568 Nec
596 2494 705 2579 enim,
722 2494 800 2586 quia
815 2494 1008 2566 honoratior
1018 2497 1261 2587 estvirginius,
1278 2498 1333 2570 id-

286 2601 374 2670 circb
389 2613 487 2692 turpe
502 2613 536 2670 et
551 2599 806 2689 ignominiosum
821 2611 870 2668 est
889 2601 1147 2674 matrimonium.
1162 2603 1332 2676 Christum

287 2705 453 2795 imitabor,
470 2728 604 2799 purum,
627 2706 776 2799 inquam,
790 2703 886 2774 illum
901 2708 1144 2798 pronubumet
1159 2734 1329 2803 sponsum,

285 2815 357 2908 qui,
374 2828 408 2886 et
422 2812 619 2887 miraculum
641 2813 676 2884 in
692 2811 816 2904 nuptiis
831 2811 901 2882 edit
917 2817 949 2902 ²,
979 2828 1013 2884 et
1033 2816 1225 2908 conjugium
1246 2839 1332 2911 praa·

209 2919 229 2974 ’·
284 2923 387 2994 sentia
403 2924 461 2994 sut
472 2924 636 2994 honestat.
655 2925 701 2990 lm
709 2918 746 2988 id
760 2919 892 2990 tantiam
907 2921 1076 3014 incumbe,
1097 2937 1136 3012 ut
1151 2947 1274 3016 purum
1291 2927 1332 2996 sit

284 3029 543 3114 matrimonium,
561 3039 661 3119 atque
672 3025 714 3097 ab
730 3025 960 3098 obscoenarum
975 3027 1198 3121 cupiditatum
1213 3046 1330 3104 conta-

203 3129 204 3132 '
285 3137 381 3227 gione
396 3135 551 3206 liberum.
570 3138 643 3206 lloc
657 3157 762 3204 unum
777 3157 897 3226 posco,
909 3137 928 3206 b
940 3134 1030 3207 dono
1044 3138 1255 3212 securitatem
1273 3164 1329 3212 ac-

285 3243 374 3336 cipe,
397 3265 435 3314 ac
449 3242 589 3314 vicissim
604 3239 693 3314 istud
707 3239 796 3311 dono
811 3240 972 3334 repende,
994 3257 1032 3314 ut
1053 3259 1145 3318 certo
1161 3260 1326 3341 tempore,

284 3348 435 3445 quandiiu
448 3347 573 3420 scilicet
588 3349 789 3442 assignatum
805 3346 907 3418 fuerit
918 3352 1058 3422 orationi
1074 3367 1224 3447 tempus,
1238 3355 1329 3426 omni

284 3459 416 3551 negotio
426 3455 657 3552 praestabilius,
674 3458 694 3526 a
710 3480 745 3528 re
760 3457 874 3527 uxorii
885 3456 1060 3548 abstineas,
1074 3459 1177 3554 idque
1192 3485 1329 3536 excom·

284 3569 378 3640 muni
397 3583 494 3662 pacto
510 3580 545 3636 ct
557 3587 729 3638 consensu.
747 3569 824 3638 Non
843 3563 932 3635 enim
946 3565 1053 3660 legem
1069 3555 1250 3658 sancimus,
1272 3569 1330 3642 sed

284 3677 458 3749 consilium
469 3674 608 3763 damus,
623 3695 661 3744 ac
676 3669 847 3766 quidpiam
862 3696 991 3761 eorum,
1008 3697 1084 3768 quae
1100 3690 1158 3748 tua
1172 3692 1269 3765 sunt,
1287 3678 1329 3748 ad

284 3783 460 3856 utilitatem
476 3796 582 3865 tuam,
599 3801 876 3872 communemque
891 3780 1218 3874 utriusque'vestrdm
1233 3805 1328 3854 secu·

285 3889 414 3972 ritatem
436 3888 582 3981 accipere
606 3884 770 3958 volumus.
794 3889 839 3958 Ut
865 3899 977 3956 autem
995 3889 1031 3960 in
1053 3891 1182 3962 summd
1205 3890 1326 3979 dicam,

252 4079 256 4091 .
321 4015 415 4068 ¹l’celi.
428 4031 505 4081 ιιιιι,
516 4015 540 4067 3.
555 4038 588 4052 -
601 4022 612 4052 ⁸
626 4015 696 4067 loun.
710 4029 738 4081 n,
757 4029 780 4066 ι.
795 4019 822 4066 et
836 3988 904 4083 sequ.
1039 4011 1043 4015 '

1423 1091 1486 1462 l
