2982 4584
313 397 377 460 450
467 411 646 458 unrnonrcr
670 409 695 454 s.
722 409 870 468 ιιιιιιιι,
897 406 975 452 rrns
997 411 1041 468 11,
1065 408 1150 454 uror.
1177 410 1201 452 1.

308 511 436 598 omnia,
450 512 492 580 da
507 512 594 580 hunc
611 509 769 601 gratiam,
785 521 819 578 et
834 507 941 594 nobis,
955 521 989 576 et
1000 507 1062 578 tibi
1080 507 1158 598 ipsi,
1173 519 1207 574 et
1219 503 1353 576 domos·

307 621 380 692 tiore
394 617 539 688 scelesiae
554 630 621 686 tuae
629 667 642 702 ,
654 630 760 709 etque
779 614 857 686 huio
871 611 1011 708 pulchro
1031 612 1154 685 Christi
1167 608 1294 703 doetui3
1313 615 1354 684 de

305 748 374 820 quo
397 725 444 794 iu
462 723 562 794 velim
583 722 767 808 existimes,
795 739 873 790 enm
893 720 957 790 tibi
976 720 1148 790 nobiscnm
1172 719 1353 812 supplicem

305 852 390 918 osse,
408 829 538 900 tametsi
551 823 715 900 olrsnndae
730 825 902 918 legationis
917 847 1055 896 munero
1074 823 1171 912 nobis
1184 827 1299 912 oednt,
1317 835 1355 896 ut

305 938 464 1032 majorem
483 932 574 1026 apud
590 947 643 1020 te,
670 933 715 1004 ob
738 930 912 1003 sacerdotii
927 929 1146 1024 dignitatem,
1165 931 1234 1024 qui
1253 932 1354 1004 lDeo

306 1047 415 1118 ornati
444 1063 584 1127 snmus,
609 1039 840 1112 auctoritatem
864 1036 1048 1130 habituris,
1077 1061 1120 1110 ne
1141 1035 1229 1108 illud
1257 1039 1355 1110 otiam

305 1154 426 1238 dicam,
444 1150 537 1245 quod
548 1148 677 1242 imperii
691 1147 764 1240 lege
777 1147 984 1242 prohibetur.
999 1149 1070 1219 uro
1085 1148 1154 1218 uni
1165 1166 1201 1217 re
1216 1146 1354 1241 pulchre

304 1259 463 1349 vincaris,
479 1255 684 1349 benignitate
698 1276 760 1327 nos
777 1279 907 1350 supera.
932 1259 986 1326 En
1003 1256 1084 1342 tibi,
1099 1256 1211 1326 corlrn
1232 1259 1304 1327 Deo
1322 1269 1354 1326 st

308 1363 450 1458 angelis,
468 1377 502 1436 et
516 1384 620 1455 regno
639 1361 820 1451 coelorum,
841 1362 996 1456 illiusque
1007 1362 1084 1434 viss
1096 1361 1258 1456 proemiis,
1276 1385 1354 1457 sup-

306 1473 408 1567 plices
436 1495 527 1542 meos
550 1469 666 1542 offero.
696 1469 815 1540 Fidem
836 1493 944 1540 msam
968 1471 1115 1557 honora,
1144 1493 1247 1564 quam
1271 1472 1354 1542 mihi

305 1579 512 1666 oommissam
533 1576 603 1649 aliis
625 1577 800 1648 commisi:
822 1577 960 1664 iuuet,
976 1590 1016 1646 ut
1035 1591 1069 1648 st
1083 1591 1142 1648 tun
1160 1579 1298 1674 qnoque
1317 1581 1354 1650 in

306 1685 485 1782 majoribus
516 1695 550 1752 et
576 1679 827 1775 porl'eotioribus
851 1683 1045 1752 honoretur.
1070 1687 1206 1778 Atque,
1235 1697 1275 1754 ut
1288 1707 1357 1756 nno

307 1795 422 1865 verbo·
430 1813 500 1860 rem
522 1789 742 1882 complectar,
764 1788 937 1860 dominum
956 1791 1026 1883 ipse
1049 1791 1185 1885 quoque
1207 1793 1243 1861 in
1268 1790 1356 1864 eoelo

306 1900 420 1970 habes.
444 1900 543 1967 llnnc
560 1895 622 1964 tibi
638 1894 739 1964 talem
754 1897 831 1987 ergl
845 1908 878 1964 te
895 1895 1043 1990 judicem
1066 1899 1205 1991 experiri
1224 1899 1356 1971 eontin-

309 2021 383 2104 gst,
400 2004 535 2100 qualem
549 2016 584 2072 te
609 2003 659 2072 his
674 2004 733 2095 qui
747 2004 886 2096 imperio
901 2017 961 2074 tuo
977 2006 1136 2094 subsunt,
1154 2007 1354 2100 praestiteris.

311 2115 443 2184 Utinlm
455 2123 567 2180 autem
579 2109 688 2195 nobis,
703 2123 737 2178 et
746 2111 781 2180 in
792 2111 855 2180 hle
864 2111 931 2182 virt
939 2111 1226 2207 mitioetbenigna
1236 2128 1356 2186 cunou

307 2220 521 2311 contingant,
538 2230 572 2286 et
591 2218 626 2286 in
643 2217 746 2288 altero
766 2220 888 2290 saeculo
911 2220 1055 2308 leviora,
1072 2223 1108 2292 in
1123 2223 1255 2294 Christo
1278 2227 1356 2294 Jesn

307 2327 449 2399 Domino
473 2337 603 2411 nostro,
632 2325 687 2395 cui
713 2325 816 2417 gloria
837 2339 871 2396 et
889 2328 1086 2420 imperinm,
1112 2345 1145 2400 st
1170 2331 1298 2417 honor,
1323 2344 1356 2401 ot
1476 2415 1477 2419 Ἴ

308 2455 448 2525 regnum
463 2455 540 2502 cum
556 2437 652 2500 Patre
663 2444 697 2500 et
711 2445 824 2502 saneto
842 2432 977 2525 Spiritu,
995 2436 1081 2506 sicut
1093 2452 1174 2526 erat,
1188 2451 1222 2508 et
1235 2437 1310 2526 erit,
1323 2431 1357 2508 et

204 2555 206 2560 '
308 2563 398 2634 nunc
413 2552 474 2623 est,
492 2538 529 2604 in
543 2534 663 2605 saeonla
675 2536 884 2608 soeculorum.
903 2544 1012 2610 Amen
1032 2546 1058 2611 ¹.
1086 2571 1102 2610 ι

353 2643 407 2714 Ad
421 2639 561 2713 similem
578 2642 716 2713 recurrit
731 2657 835 2714 artem
848 2645 884 2714 in
898 2645 1000 2717 alteri
1015 2651 1163 2722 oratione
1179 2651 1256 2723 crim
1272 2673 1357 2744 prae-

310 2765 408 2826 sente
425 2749 558 2821 Juliano
583 2749 785 2820 tributomm
811 2767 960 2823 exactore
979 2757 1084 2826 verba
1108 2756 1244 2844 sociem,
1262 2759 1358 2828 illum

310 2858 442 2929 flectere
457 2857 585 2944 nititur,
598 2871 637 2926 ut
651 2859 821 2928 Monachis
836 2852 1005 2954 sacrisque
1016 2861 1207 2955 Virginibus
1225 2883 1358 2958 persero

310 2964 418 3040 velit:

358 3101 375 3140 ι
392 3070 481 3156 Quid
492 3071 535 3140 nd
549 3072 622 3139 haeo
637 3069 737 3139 diois?
723 3070 835 3164 lquid
850 3073 981 3160 scribis,
999 3041 1181 3147 amicorum
1193 3091 1229 3149 et
1247 3095 1360 3172 requa-

310 3181 394 3275 lium
403 3179 527 3272 optime
533 3225 547 3264 ,
557 3191 658 3270 atque
668 3175 964 3250 iisdemnobisoum
974 3207 1031 3252 use
1046 3185 1208 3276 magistris
1218 3199 1253 3255 et
1262 3185 1360 3257 disci·

312 3287 431 3384 plinisi‘
452 3283 593 3356 Tametsi
618 3307 708 3355 nunc
731 3289 950 3378 praestantiori
970 3289 1077 3381 gradu
1102 3305 1201 3384 utque
1222 3291 1359 3380 ordine,

313 3399 447 3488 (vereor
469 3393 558 3464 enim
582 3392 690 3462 dicere
710 3395 896 3487 gravium)
917 3415 977 3468 nos
1002 3401 1088 3468 Deus
1109 3397 1303 3487 collocavit,
1325 3413 1363 3470 ut

314 3528 392 3592 vos,
414 3504 473 3598 qui
494 3502 722 3592 magistratum
742 3504 868 3591 geritis,
892 3504 953 3573 ists
970 3503 1157 3575 doceamus.
1179 3509 1288 3594 Οιιι,
1305 3507 1364 3610 qui

315 3612 369 3706 pia
353 3610 537 3703 patritios
552 3605 676 3676 familiis
699 3619 791 3676 ortus
807 3631 858 3694 es,
877 3611 898 3678 ὂ
913 3619 1024 3680 saneta
1039 3618 1227 3682 sanctorum
1245 3635 1365 3706 puren-

318 3732 390 3788 tum
413 3713 585 3808 planta,
567 3735 588 3782 o
612 3711 811 3784 sanctiorum
835 3713 1015 3786 liberorum
1040 3715 1152 3786 radin!
1175 3737 1243 3812 quo
1267 3733 1365 3814 proto

318 3849 408 3894 nuno
429 3841 594 3894 sermones
613 3843 704 3890 meos
730 3823 850 3916 excipis
859 3824 1059 3918 Pnumquid
1080 3839 1112 3894 te
1137 3826 1300 3896 flectunt?
1286 3830 1366 3896 lan

355 3947 761 4018 ¹suregrrte010atv
781 3965 858 4000 n..12
