2984 4580
209 462 311 513 orror
333 466 379 514 vr.
398 467 441 512 nn
456 463 613 512 murrone
635 466 671 510 m
693 455 902 511 conerornrdr
925 463 1091 514 inureret.
1118 453 1178 514 tor

135 565 271 637 litatem
289 567 403 660 diligat
419 567 620 638 auditorum.
639 567 712 636 Non
726 562 893 635 mediocre
907 567 1032 636 malum
1053 583 1101 639 est
1114 569 1184 640 fra-

103 763 106 768 (
142 687 231 743 trum
241 697 353 744 curam
369 699 437 745 non
453 695 577 765 gerere,
595 667 654 740 sed
670 685 849 740 extremum
862 672 1060 765 supplicium
1075 689 1135 762 est,
1151 689 1185 746 et
1262 713 1267 730 .

143 781 342 856 inevitabilis,
358 804 458 874 poena
471 811 478 850 ι
493 779 586 873 quod
601 777 707 868 ipsum
721 777 748 845 is
765 779 822 870 qui
836 777 997 848 talentum
1012 779 1183 852 defoderat

143 887 309 958 indicavit.
331 889 415 958 Sane
431 885 514 954 nihil
530 884 561 954 ei
572 883 654 954 vitio
668 883 868 969 vertebatur,
883 883 975 976 quod
990 886 1091 956 invite
1107 911 1185 980 pec·

144 995 261 1080 cdsset,
280 1014 389 1085 neque
415 987 494 1058 mali
509 987 693 1082 quidquam
708 988 743 1056 in
766 983 906 1080 depositi
921 991 1071 1061 custodit
1094 1015 1187 1064 eom-

143 1099 298 1168 miserat:
315 1099 480 1187 integrum
492 1096 581 1164 enim
596 1093 682 1162 illud
699 1094 864 1165 restituit:
883 1095 941 1166 sed
950 1111 1062 1167 tamen
1075 1100 1112 1168 'in
1128 1098 1190 1170 de·

144 1205 241 1296 positi
266 1202 486 1294 negotiatione
504 1197 589 1274 male
613 1223 647 1268 se
668 1212 819 1291 gesserat.
838 1205 913 1272 Non
936 1191 1025 1272 eninr
1044 1203 1078 1274 id
1098 1205 1192 1298 quod
1212 1252 1216 1259 ‹

144 1311 309 1381 creditum
324 1309 434 1378 fuerat
449 1307 652 1400 duplicitat3
670 1329 769 1400 quam
786 1307 830 1378 ob
850 1331 982 1406 clausam
1000 1309 1099 1380 etiarn
1115 1336 1190 1405 poe-

135 1441 205 1486 ·nas
221 1417 333 1487 dabat.
351 1413 454 1484 'Unde
473 1411 682 1482 manifestum
698 1412 823 1499 evadit,
840 1411 919 1484 lieet
940 1415 1076 1488 studiosi
1091 1419 1192 1490 simus

147 1538 181 1592 et
195 1522 365 1607 instructi,
376 1519 455 1589 iicet
471 1519 652 1620 adsacrum
668 1518 868 1608 audiendam
886 1521 1070 1614 Seipturam
1086 1527 1192 1596 multi
1221 1611 1224 1618 .

147 1625 1192 1728 eupiditateexardescamus,idtamenadnostramsalut‘emnon

147 1737 308 1808 sufficere.
324 1733 566 1827 Duplieandum
579 1735 723 1827 namque
739 1732 926 1826 depositum
939 1753 987 1807 est
1003 1769 1010 1807 ι
1025 1744 1123 1831 porro
1133 1742 1193 1812 du·
1225 1809 1227 1813 .

146 1843 241 1936 plum
259 1844 317 1928 fit,
331 1841 466 1935 qnando
483 1863 560 1908 cnm
573 1837 678 1908 salute
694 1841 806 1908 nostra
818 1863 931 1911 curam
950 1845 1089 1915 aliorum
1105 1874 1192 1941 quo-

147 1953 213 2046 que
228 1951 422 2042 suscipimus
437 1980 447 2039 3
463 1951 541 2018 nim
554 1961 588 2016 et
604 1949 671 2038 ipse
682 1946 780 2034 dixit,
796 1947 897 2018 Ecce
908 1949 1046 2024 saluum
1064 1953 1190 2046 habes,

44 2113 47 2118 .
148 2056 248 2150 quod
257 2072 356 2126 tunm
364 2054 512 2141 est²,sed
522 2055 586 2124 hoo
596 2053 639 2122 ad
649 2055 942 2130 excusationemilli
950 2064 1026 2128 satis
1036 2085 1104 2132 non
1114 2064 1189 2136 iirit.

153 2165 320 2258 Oportut't
350 2164 464 2247 enim,
492 2150 620 2254 inquit,
643 2163 686 2229 'te
709 2163 931 2232 committere
959 2167 1191 2260 numulariis,

150 2271 250 2365 quod
259 2270 326 2341 tibi
338 2271 568 2340 commissum
580 2273 663 2336 est².
683 2272 726 2336 dt
741 2281 779 2336 tu
791 2269 894 2354 mihi,
912 2275 1012 2364 quarn
1027 2273 1113 2346 levia
1129 2279 1195 2350 sint

89 2389 91 2392 ’
150 2380 281 2450 Domini
305 2376 458 2446 mandata
482 2373 661 2444 considera.
680 2373 836 2444 Homines
854 2376 941 2445 enim
966 2400 1041 2467 eos,
1059 2383 1117 2475 qui
1133 2407 1193 2476 pe·
1259 2381 1261 2386 ’

149 2488 262 2561 eunias
277 2484 396 2553 heriles
409 2481 626 2554 dant-foenori
637 2534 646 2567 ,
658 2481 756 2550 etiam
772 2485 958 2574 repetitioni
973 2487 1117 2560 reddunt
1133 2492 1195 2561 ob·
1308 2511 1310 2518 ’

150 2595 274 2664 noxios.
298 2597 349 2660 Tu
364 2589 574 2674 commisisti,
591 2603 649 2674 tn,
670 2589 795 2681 inquit,
812 2605 923 2683 repete
942 2623 948 2662 :
966 2595 1097 2665 nullum
1110 2599 1193 2667 mihi

150 2725 227 2771 cum
239 2722 280 2768 eo
294 2696 353 2789 qui
364 2695 506 2786 recepit,
517 2694 688 2783 negotium
704 2709 763 2762 est.
786 2701 872 2764 Deus
889 2703 1047 2770 veronen
1061 2705 1119 2788 ita,
1134 2704 1193 2774 sed
1310 2695 1314 2704 ¹

150 2804 356 2879 committere
364 2801 461 2894 jubet
473 2797 619 2896 tantiam,
634 2812 668 2866 at
678 2820 745 2868 non
761 2800 839 2868 item
847 2805 1033 2894 repetitioni
1048 2831 1108 2877 nos
1120 2809 1195 2878 red·

152 2913 202 2984 dit
216 2909 385 2981 obnoxios.
405 2907 536 2998 Quippe
553 2906 588 2986 in
608 2919 768 2996 potestate
782 2908 918 2978 oratoris
934 2924 1001 2996 est,
1019 2926 1058 2982 nt
1072 2936 1194 2985 eonsu-

150 3021 217 3105 lat,
242 3040 310 3086 non
333 3029 371 3084 ut
395 3011 600 3107 persuadeat.
619 3015 827 3104 Quapropter
850 3015 892 3084 ad
914 3019 1191 3092 committendum

152 3126 261 3198 solinu
275 3139 308 3194 te
324 3121 453 3212 obligo,
480 3143 548 3189 non
563 3118 643 3188 item
659 3121 701 3187 ad
714 3121 941 3212 repetendum.
957 3126 1043 3208 Quid
1063 3127 1127 3199 hoe
1143 3130 1193 3200 le·
1248 3103 1268 3141 ,.

152 3235 224 3306 vius
239 3244 288 3302 est
299 3233 478 3298 esttamen
493 3225 614 3294 durum
630 3224 816 3317 appellabat
832 3230 899 3296 tarn
913 3231 1028 3300 mitem
1044 3257 1082 3304 ao
1097 3235 1194 3305 berri-
1244 3288 1246 3291 -

154 3361 257 3433 gnum
272 3335 444 3407 dominum
461 3355 583 3401 servus.
598 3335 647 3398 Ea
660 3331 784 3421 quippe
804 3331 1031 3422 improborum
1049 3353 1082 3407 et
1104 3342 1195 3410 iner-
1257 3359 1260 3366 ·
1362 3337 1366 3350 ’

153 3437 1196 3538 tiumestconsnetudoservorunr:peccatorumsuorumculpam

154 3575 283 3644 semper
291 3551 326 3619 in
334 3547 485 3619 dominos
497 3566 573 3615 suos
583 3541 744 3629 rejiciunt.
753 3541 881 3612 Idcirco
893 3547 1056 3618 eruciatus
1066 3564 1099 3620 et
1109 3575 1196 3623 com·

46 3679 49 3683 ’
155 3657 432 3756 pedibusviuctus
441 3653 497 3723 ille
505 3653 540 3722 in
548 3649 699 3722 tenebras
708 3652 881 3722 eitteriores
889 3654 1090 3746 ejiciebatur.
1098 3653 1197 3743 Quod

156 3791 199 3838 ne
212 3765 306 3836 nobis
319 3763 417 3832 etiem
426 3759 563 3844 accidat,
578 3755 761 3826 doctrinam
771 3755 927 3828 fratribus
939 3765 1193 3856 committamus,
1244 3816 1246 3818 -

156 3875 223 3966 sive
238 3869 508 3966 persuadeantur,
522 3865 666 3940 sirenon
677 3863 947 3956 persuadeantur.
967 3868 1000 3939 Si
1015 3871 1102 3941 enim
1119 3898 1195 3968 per-

195 4004 290 4054 1Matt.
305 4015 364 4064 xxv,
377 4009 419 4064 27.
432 4020 463 4032 -
475 4004 485 4032 ²
498 3993 533 4045 ld.
548 3993 607 4044 ibid.
621 3992 664 4044 25.

301 4101 337 4148 11.
1004 4079 1044 4142 26
