2984 4580
194 511 197 520 ⁴
282 429 347 493 376
429 443 607 488 anaroarct
630 441 656 489 s.
682 442 814 488 etenum
831 470 846 503 ,.
864 441 940 486 rans
963 444 1011 501 11,
1035 439 1119 486 sacr.
1147 441 1172 485 1.

280 545 350 614 hira
370 542 496 611 ratione
511 557 622 611 nostra
644 553 756 626 curat,
774 539 879 633 iisque
899 537 1061 632 providet.
1085 541 1135 610 Ne
1152 536 1265 630 itaque
1282 535 1324 606 de

256 642 260 656 ’
279 651 345 722 tuis
361 647 518 721 sollicitus
529 647 589 735 sis,
613 646 670 718 sed
686 647 743 718 illa
759 646 927 716 committe
942 651 1023 716 Deo.
1041 647 1124 716 Nam
1139 646 1166 714 si
1181 657 1218 714 tu
1235 643 1325 714 solli·

278 759 364 829 citus
388 777 445 840 es,
463 767 501 823 ut
520 754 621 825 bomo
645 760 760 844 curas,
778 757 865 822 Deus
887 753 978 838 verb,
991 745 1041 820 lut
1061 756 1147 821 Deus
1159 749 1322 844 providet.

278 868 329 938 Ne
344 864 422 953 ergd
439 859 481 931 de
495 861 535 931 iis
550 859 708 932 sollicitus
722 861 776 958 sis,
794 861 1020 954 praestantiora
1033 857 1234 954 relinquens,
1248 857 1326 928 alio·

278 972 362 1068 quin
373 975 461 1040 Deus
470 967 525 1038 illa
541 969 649 1038 minus
665 969 812 1058 curabit3
830 966 936 1050 ut'illa
948 969 1025 1057 ergo
1035 965 1208 1057 diligenter
1218 979 1323 1053 curet,

278 1077 341 1172 ipsi
357 1074 418 1148 soli
436 1075 548 1145 omnia
563 1075 742 1145 committe.
764 1075 797 1146 Si
813 1074 921 1159 enim,
939 1071 1059 1142 relictis
1083 1071 1323 1164 spiritualibus,

277 1183 335 1255 illa
349 1195 479 1268 tractes,
498 1205 567 1250 non
580 1203 732 1273 magnam
746 1203 861 1250 eorum
873 1185 959 1249 Deus
970 1193 1059 1270 geret
1071 1178 1323 1272 providentiam.

282 1293 324 1360 Ut
338 1289 437 1380 igitur
453 1301 486 1376 et
501 1287 562 1357 tibi
574 1287 644 1356 haec
659 1287 748 1356 recte
764 1287 946 1380 composita
961 1277 1038 1372 siut,
1056 1300 1089 1356 et
1104 1284 1326 1356 sollicitudine

278 1398 370 1469 omni
392 1396 558 1480 libereris,
581 1397 670 1465 hare
699 1393 942 1488 spiritualibus,
971 1393 1140 1464 saecularia
1162 1393 1324 1486 despice:

278 1503 325 1573 sic
337 1502 425 1572 enim
441 1516 475 1571 et
486 1515 606 1571 terram
622 1523 700 1572 cum
716 1501 801 1570 coelo
817 1499 996 1587 obtinebis,
1014 1497 1127 1570 futura
1143 1501 1231 1570 bona
1247 1521 1327 1570 con-

279 1610 424 1704 sequeris
440 1609 541 1700 gratia
558 1622 592 1677 et
606 1607 808 1700 benignitate
823 1607 955 1677 Domini
975 1607 1079 1676 nostri
1094 1609 1173 1676 Jesu
1191 1607 1324 1694 Christi,

279 1717 338 1787 cui
354 1713 456 1807 gloria
480 1727 513 1782 et
529 1715 704 1806 imperium
725 1713 760 1782 in
775 1713 895 1784 saecula
912 1713 1121 1783 seculorum,
1140 1717 1247 1800 Amen
1265 1718 1288 1782 ¹.
1308 1741 1324 1779 r

325 1821 404 1906 Quis
424 1819 516 1890 ‘illud
539 1819 680 1910 legendo
705 1821 797 1892 tanti
812 1845 889 1892 cum
912 1819 1068 1892 sacundid
1083 1835 1324 1912 exaggeratum,

280 1953 349 2002 non
364 1930 476 2000 subitd
500 1927 692 2014 crediderit,
711 1927 795 1998 nihil
810 1931 880 2023 jam
900 1953 968 1999 esse
984 1929 1237 2022 reperiendum,
1260 1954 1327 2025 quo

279 2037 369 2106 idem
389 2033 608 2126 amplificetur
628 2047 873 2126 argumentum.
899 2035 964 2105 Sed
979 2036 1071 2129 quod
1091 2058 1134 2105 ne
1154 2036 1327 2127 excogitari

279 2141 416 2238 quidem
434 2163 529 2237 posse
543 2141 755 2212 existimasset
774 2165 951 2214 commune
966 2143 1156 2236 ingenium,
1173 2145 1238 2214 hoc
1259 2167 1327 2214 non

276 2248 381 2320 'modb
397 2246 530 2341 aggredi
546 2259 643 2321 ausus
664 2261 729 2335 est,
755 2248 813 2318 sed
828 2261 862 2318 et
883 2247 1024 2319 feliciter
1044 2246 1226 2342 adimplere
1240 2273 1326 2344 prae-

280 2355 385 2428 valuit
400 2355 613 2424 inexhaustus
624 2352 679 2424 ille
696 2355 836 2424 animus.
854 2355 1015 2424 Postridie
1034 2355 1123 2427 enim
1134 2355 1252 2426 iisdem
1267 2381 1327 2425 au·

280 2463 442 2534 ditoribus
466 2454 627 2554 loquens,
646 2461 768 2554 quibus
788 2461 894 2553 prima
914 2460 1047 2532 collatio
1070 2487 1138 2533 nou
1163 2463 1328 2534 immeritb

281 2568 461 2662 placuerat,
479 2569 525 2638 sic
543 2567 658 2636 eadem
675 2581 821 2660 repetere
836 2566 971 2638 adorsus
987 2583 1036 2640 est
1054 2600 1061 2641 :

256 2695 274 2722 2
331 2704 348 2742 «
359 2675 544 2746 Recordare
555 2675 750 2746 Sanctorum
762 2673 909 2762 illorum,
926 2676 968 2746 de
984 2676 1105 2769 quibus
1123 2699 1231 2771 nuper
1241 2675 1325 2764 dixi,
1403 2687 1405 2693 ’

281 2783 341 2878 qui
348 2781 455 2853 cilicio
469 2781 671 2869 induuntur,
685 2795 719 2851 et
732 2779 860 2852 deserta
870 2780 1031 2852 incolunt.
1051 2783 1095 2852 Hi
1105 2785 1246 2854 maxime
1261 2808 1328 2854 ves·

282 2906 350 2962 tem
360 2889 542 2984 nuptialem
560 2889 704 2976 habent,
723 2903 761 2958 ut
772 2890 850 2960 hinc
860 2889 1025 2984 liquidum
1035 2905 1099 2978 est,
1114 2890 1207 2986 qubd
1222 2892 1250 2960 si
1265 2889 1327 2960 illis

282 3018 463 3090 purpuram
474 2994 611 3080 offeras,
624 2995 771 3087 accipere
779 2995 886 3065 nolint
899 3027 906 3069 :
918 2996 975 3067 sed
985 2998 1266 3092 quemadmodum
1273 3021 1329 3067 rer

176 3131 177 3134 ¹
282 3104 475 3173 indumenta
493 3102 645 3194 pauperis
661 3101 784 3188 oblata,
799 3103 845 3172 sic
860 3101 909 3173 illi
927 3105 1048 3196 regiam
1062 3091 1247 3203 purpuram
1260 3129 1328 3176 res-

282 3221 438 3302 puerent.
456 3211 524 3280 Nec
543 3207 606 3278 alia
622 3207 664 3278 de
679 3210 777 3279 causat
792 3209 849 3280 illo
861 3225 939 3281 sunt
958 3208 1100 3301 affectu,
1116 3215 1216 3306 quam
1239 3213 1328 3308 quod

283 3311 567 3410 pulchritudinem
596 3315 693 3386 vestis
723 3338 792 3385 suae
818 3318 991 3409 noverint,
1022 3317 1098 3388 ideo
1128 3342 1329 3412 purpuream

193 3427 197 3435 '
283 3420 375 3491 illam
394 3435 518 3491 vestem
534 3433 573 3490 ut
587 3443 715 3491 araneae
728 3421 832 3491 telum
853 3437 1025 3517 respuunt.
1050 3427 1128 3494 Haec
1150 3425 1238 3494 enim
1256 3423 1330 3496 illos

283 3527 428 3599 cilicium
443 3526 576 3619 docuit,
590 3529 668 3596 nam
684 3529 847 3622 sunt'ipso
862 3551 937 3622 rege
952 3531 1160 3603 sublimiores
1171 3547 1205 3604 et
1220 3531 1330 3626 splen-

285 3633 441 3705 didiores.
466 3638 513 3704 Ac
528 3635 555 3704 si
569 3655 678 3727 posses
693 3633 810 3727 januas
822 3639 940 3706 mentis
957 3659 1071 3707 eorum
1087 3640 1224 3732 aperire,
1240 3639 1330 3732 ipso-

283 3763 425 3835 rumque
439 3741 581 3840 animam
593 3737 723 3826 ridere,
740 3741 996 3836 interioremque
1007 3757 1161 3815 ornatum
1177 3767 1328 3832 omnem,

282 3847 454 3918 interram
479 3847 647 3918 decideres
676 3847 783 3918 :crim
806 3871 874 3918 non
889 3845 990 3922 ferres
1013 3863 1116 3923 tantae
1137 3847 1330 3946 'pulchritu-

321 3973 839 4042 ¹S.Clrrys.flomil.uxrur,iuMatth.n.
855 3975 912 4029 3·5.
947 4044 950 4048 Α
1140 3973 1141 3978 ’
