2982 4584
254 386 319 456 506
401 401 581 463 annnomct
602 403 628 452 s.
654 399 803 466 aaaron,
826 401 905 457 ,slas
927 407 976 466 n,
1001 360 1085 462 sucu.
1110 406 1135 448 1.

252 508 321 583 istis
330 496 469 596 regnum
479 505 534 582 do.
543 510 618 582 Non
630 504 705 578 dico
718 533 725 576 ι
740 505 836 578 Solve
845 517 1073 599 paupertatem
1082 525 1208 596 meatus
1219 529 1295 596 nec,

253 613 385 706 Largire
405 613 487 691 mihi
510 612 660 698 divitias,
683 611 832 706 quamvis
860 626 1046 708 propterte
1072 615 1296 710 pauperum,

250 721 308 794 scd
331 742 451 816 panem
465 719 597 792 tantiam
612 731 710 810 peto,
726 731 761 792 et
776 720 1009 806 aestumatio
1029 717 1118 791 fame
1133 720 1298 800 modicam
1343 813 1344 816 Ἴ

252 827 522 902 consolationem.
532 825 564 900 Si
580 826 616 900 in
630 847 794 900 carcerom
809 829 978 920 conjectus
991 826 1066 912 sim,
1080 849 1151 900 non
1165 851 1249 921 cogo
1264 843 1298 903 ts
1321 863 1325 870 ν

251 947 291 1006 ut
306 932 479 1006 avinculis
495 955 547 1004 ms
563 931 668 1006 solvas
688 945 722 1002 ot
742 933 861 1008 educas
871 964 885 1022 t
899 933 957 1004 sed
971 955 1079 1008 unum
1094 956 1208 1026 quaero
1219 947 1297 1006 tana

252 1043 342 1129 tum,
359 1054 399 1115 ut
409 1053 543 1134 propter
558 1053 592 1116 te
605 1041 756 1136 uinctum
770 1038 904 1131 uideass
920 1039 993 1116 hacc
1008 1041 1091 1120 mihi
1104 1041 1206 1132 gratia
1220 1045 1295 1117 satis
1341 1073 1344 1080 ’

252 1149 335 1236 erit,
350 1171 411 1241 pro
426 1148 493 1240 quai
507 1146 569 1222 tibi
585 1144 709 1222 muna
723 1144 842 1236 largior
860 1174 868 1220 a
886 1147 1079 1243 quanquim
1094 1158 1130 1220 te
1144 1169 1206 1242 ego
1224 1171 1298 1246 gra·-
1328 1155 1331 1161 ’

252 1252 390 1328 vissirnis
402 1253 509 1326 exolvi
521 1250 662 1326 vinculis
675 1280 682 1322 :
697 1252 829 1332 acaum
840 1252 916 1328 satis
932 1253 1005 1340 crit,
1018 1253 1044 1327 si
1053 1250 1196 1328 vclisme
1206 1254 1301 1328 vinc·

252 1375 324 1434 tum
343 1361 494 1434 inuisere.
513 1365 650 1434 Possum
665 1359 801 1453 quidem
817 1360 899 1434 citra
913 1361 986 1434 hanc
1001 1373 1034 1434 tc
1046 1383 1225 1450 coronares
1242 1361 1300 1433 sed

254 1467 331 1544 volo
346 1468 409 1542 tihi
424 1466 556 1542 debitos
567 1490 649 1555 esse,
660 1481 787 1541 utcum
801 1469 923 1540 corona
932 1467 1086 1563 quasdam
1101 1468 1164 1542 tibi
1178 1466 1302 1545 fiducia
1381 1536 1387 1544 ,

178 1575 181 1586 ‘
253 1573 399 1652 accedat·
425 1579 536 1668 Atque
560 1575 636 1650 ideo
662 1575 739 1648 ciam
762 1575 882 1668 possim
904 1595 960 1650 mc
978 1577 1088 1668 ipsum
1103 1573 1212 1660 clerc,
1237 1568 1303 1652 eir

253 1706 371 1760 cumen
385 1680 600 1770 mendicans,
617 1682 661 1754 ad
676 1679 762 1757 fores
776 1695 850 1755 tuas
865 1695 972 1756 astans
986 1679 1090 1760 tendo
1104 1705 1236 1769 manns,
1246 1703 1303 1759 cu·

253 1791 347 1886 piens
362 1792 426 1864 ste
441 1789 580 1866 nutriri:
595 1802 629 1864 tc
640 1789 729 1864 enim
741 1788 922 1871 admodum
936 1787 1049 1882 diligo.
1059 1789 1304 1894 ldcdmcnsam

255 1923 330 1974 amo
339 1891 458 1990 tuam,
475 1912 515 1975 ut
531 1897 642 1974 amicis
658 1920 728 1968 mos
743 1911 793 1972 cst
808 1898 891 1967 :haic
906 1899 985 1972 voro
999 1897 1042 1974 dc
1057 1921 1093 1968 re
1108 1897 1254 1990 glorior,
1269 1911 1303 1972 ct

255 2006 345 2080 orbis
360 2006 490 2078 dreatro
505 2018 667 2097 praesento
681 2003 825 2096 praedico
840 2018 890 2090 ta,
907 2005 1060 2081 omnibus
1076 2004 1301 2092 audientibus,

254 2113 430 2190 nutritium
446 2111 585 2189 ostendo
594 2134 722 2186 meum.
742 2113 846 2206 Atqui
861 2113 1011 2187 sossium
1026 2114 1045 2186 i
1060 2113 1219 2211 quopiam
1233 2137 1302 2186 nu-

178 2313 180 2316 ·
254 2224 394 2308 trimus,
411 2220 634 2298 erubescimus
649 2235 684 2292 et
701 2221 766 2294 hoc
778 2219 1029 2294 dissimulamus.
1048 2218 1110 2293 Illo
1125 2222 1210 2296 uerri
1222 2220 1302 2314 quis

256 2327 631 2413 nosadmodianamat,
649 2327 776 2402 etiamsi
791 2350 851 2402 nos
867 2341 1048 2412 taceamus,
1062 2326 1127 2406 hoc
1142 2325 1302 2418 predicat

255 2459 333 2512 cum
348 2434 504 2512 laudibus
522 2435 670 2524 magnis,
692 2458 754 2513 ncc
769 2434 932 2508 erubescit
956 2433 1065 2510 dicore
1081 2455 1116 2506 se
1136 2431 1300 2508 auduus

256 2541 354 2617 nobis
364 2541 539 2624 indutum,
554 2539 820 2630 esurientamque
833 2539 998 2612 nutritum
1012 2537 1125 2616 fuisse.
1144 2542 1223 2614 Hauc
1234 2539 1301 2638 igi-

255 2661 312 2720 tur
327 2647 438 2723 omnia
455 2645 655 2736 cogitantes,
678 2668 745 2722 uon
760 2647 847 2717 intra
859 2643 974 2718 laudes
989 2647 1223 2732 consulamus,
1241 2645 1303 2718 sed

256 2779 333 2850 quaa
347 2755 436 2831 dicta
448 2742 531 2831 sunt
540 2752 758 2845 perficiamus.
768 2753 855 2836 Quid
866 2753 954 2826 onim
966 2769 1106 2846 prosunt
1120 2754 1254 2846 plausus
1266 2769 1303 2827 et

256 2863 440 2948 tumultus,
466 2875 571 2935 unum
593 2860 723 2950 tantiam
738 2861 757 2954 d
772 2860 867 2936 uobis
881 2883 1013 2955 quasso,
1030 2885 1167 2954 operum
1189 2883 1303 2936 mom-

255 2971 351 3063 plum
365 2982 398 3038 et
412 2991 472 3060 per
487 2969 573 3060 ipsas
584 2990 635 3044 res
651 2967 884 3046 obedientium.
903 2971 981 3042 Hanc
991 2967 1151 3044 lans-msa
1163 2981 1224 3054 cst,
1235 2969 1304 3040 hoc

208 3115 209 3118 ¹
256 3077 388 3152 lucrum
402 3089 570 3163 vestrim,
586 3075 652 3147 hoc
671 3074 752 3148 mihi
771 3073 956 3150 diademate
971 3075 1186 3168 splendidius.
1206 3079 1302 3148 Hanc

257 3181 369 3280 itaque
388 3180 466 3260 hinc
482 3181 601 3276 egressi
614 3193 648 3254 st
658 3178 750 3253 vobis
763 3193 797 3251 st
811 3180 893 3252 mihi
907 3203 1063 3255 coronam
1075 3204 1134 3275 par
1148 3186 1301 3264 omnium

95 3291 99 3300 '
216 3342 219 3345 ,
257 3311 376 3364 manus
391 3301 523 3380 parate,
541 3300 579 3362 ut
595 3285 932 3378 etinprassantivitd,
943 3287 1155 3380 honatnspe,
1169 3289 1236 3362 nni
1250 3290 1303 3360 vi·

256 3419 388 3482 tamus,
413 3408 448 3466 et
470 3393 513 3469 ad
536 3393 683 3467 futuram
698 3394 800 3468 vitam
820 3393 997 3486 migrantes
1023 3395 1196 3470 uinumsm
1210 3395 1304 3468 bona

257 3525 480 3596 assequamur.
497 3505 580 3586 Quas
592 3501 720 3586 utinam
734 3521 849 3574 omnes
859 3501 1051 3587 sortiamur,
1069 3501 1172 3592 gratia
1185 3515 1220 3574 at
1236 3503 1301 3577 ba-

257 3610 415 3700 nignitate
430 3609 562 3683 Domini
575 3607 678 3681 nostri
694 3609 772 3678 Jesu
782 3607 916 3688 christi,
934 3630 1010 3682 cum
1027 3631 1095 3702 quo
1110 3610 1199 3684 Patri
1211 3611 1301 3682 unl-

258 3740 325 3810 que
349 3730 464 3794 sancto
488 3715 622 3807 Spiritui
634 3712 757 3806 gloria,
785 3714 977 3808 imperium,
998 3717 1124 3804 honor,
1153 3732 1301 3793 nuncet

258 3844 408 3914 semper,
425 3835 459 3895 et
473 3823 509 3896 in
521 3819 641 3898 saecnla
656 3821 863 3899 saeculorum.
881 3827 1019 3908 Amen&
1035 3853 1066 3895 u·

294 3953 338 4004 ¹8.
351 3949 471 4018 chrysti
480 3951 555 4018 Epist.
566 3952 598 4008 ad
612 3955 712 4008 Roman.
724 3950 813 4010 llomilt
824 3951 868 4017 st,
880 3968 905 4005 n.
919 3953 945 4034 6
