2984 4580
243 449 344 494 CAPUT
367 453 412 493 Vl.
439 452 480 494 DE
503 450 661 493 ΙΕΤΙΙΟΒΟ
677 451 712 492 ln
729 450 937 494 CONCIOMBUS
961 447 1126 494 ADHIBle.
1154 435 1217 496 325

178 550 354 644 quierant,
373 561 464 640 patre
479 561 623 630 mortno,
641 546 821 636 regnaturi.
842 550 974 624 Mortuo
991 549 1133 635 Herode,
1152 556 1218 620 Ar·
1290 593 1293 598 -

176 657 307 752 chelaiis
320 655 476 746 regnavit.
496 653 674 725 Archelaiis
690 665 787 728 natus
803 666 851 722 est
866 653 902 720 in
916 655 1050 746 palatio,
1069 658 1218 734 Christus

175 767 209 834 in
220 764 414 835 diversorio:
429 761 608 832 Archelaiis
620 773 727 846 natus,
746 761 780 828 in
796 758 883 830 lecto
897 775 945 830 est
957 776 1111 853 argenteo
1127 766 1217 856 posi-

175 885 244 960 tus3
260 871 408 942 Christus
423 881 533 937 autem
549 880 659 952 natus,
672 865 708 934 in
718 867 876 958 praesepio
887 881 936 936 est
946 868 1137 939 brevissimo
1152 871 1219 940 col·
1302 875 1306 882 '

106 971 109 975 ⁴
172 975 299 1048 locatus
317 1007 325 1046 :
342 989 375 1044 et
390 989 501 1067 tamen
512 971 569 1042 ille
585 985 681 1040 natus
696 971 732 1038 in
748 973 885 1063 palatio,
898 974 1121 1044 contemnitur
1133 977 1218 1065 siste

172 1097 269 1153 natus
290 1084 325 1152 in
346 1080 545 1166 diversorio,
562 1078 721 1172 quaeritur
746 1107 754 1149 ς
780 1077 874 1148 ittet
899 1079 1003 1170 Magis
1030 1079 1219 1152 nullatenus

171 1191 363 1260 nominatur
373 1221 392 1278 3v
405 1188 466 1256 iste
482 1185 652 1270 inventus,
675 1184 866 1277 suppliciter
885 1186 1052 1256 adoratur.
1069 1189 1150 1270 Quis
1170 1203 1219 1260 est

170 1299 232 1366 istc
248 1302 319 1366 Rex
331 1295 522 1364 Judaeorum
532 1296 546 1358 l
556 1315 682 1385 pauper
694 1306 727 1361 et
738 1290 846 1377 dives,
857 1291 991 1364 humilis
1003 1308 1036 1364 et
1042 1294 1193 1366 sublimis
1206 1325 1215 1366 ι

170 1403 230 1496 qui
246 1415 397 1493 portatur
412 1414 450 1469 ut
462 1399 631 1490 paruulus,
654 1398 809 1468 adoratur
819 1411 859 1468 ut
871 1402 959 1468 Deus
978 1429 986 1470 ι
1009 1400 1166 1492 parvulus
1181 1403 1217 1472 in

170 1509 349 1602 praesepio,
363 1509 540 1575 immensus
550 1507 585 1576 in
599 1505 685 1575 coelo
701 1534 709 1575 ι
726 1503 799 1574 vilis
815 1505 851 1574 in
864 1507 1164 1599 pannis,pretiosns
1179 1509 1216 1580 in

168 1613 281 1685 stellis.
306 1611 394 1696 Quid
413 1609 567 1705 estquod
582 1611 628 1680 sic
644 1611 787 1680 turbaris
804 1613 973 1682 Herodes?
989 1617 1061 1683 Rex
1078 1614 1138 1684 iste
1157 1617 1217 1710 qui

165 1733 345 1804 natusest,
370 1742 438 1788 non
453 1719 544 1789 venit
561 1739 653 1818 peges
669 1716 849 1810 pugnando
869 1742 1039 1810 superare,
1063 1720 1122 1792 sed
1141 1746 1216 1794 mo-

166 1824 287 1895 riendo
308 1825 504 1895 mirabiliter
528 1823 705 1916 subjugare
732 1845 820 1893 :nec
832 1822 907 1893 ideo
928 1838 1024 1894 natus
1040 1841 1089 1898 est
1104 1841 1142 1897 ut
1157 1829 1218 1900 tibi

164 1933 344 2019 succedat,
362 1933 420 2003 sed
436 1947 476 2002 ut
497 1933 532 2001 in
558 1953 635 2001 eum
655 1929 799 2000 mundus
818 1929 958 2002 fideliter
972 1933 1097 2004 credat.
1115 1936 1216 2006 Venit

164 2042 263 2131 ergo,
289 2045 359 2110 non
384 2053 423 2108 ut
443 2051 570 2132 pugnet
594 2039 708 2125 vivus,
734 2035 792 2107 sed
810 2051 850 2108 ut
869 2039 1052 2132 triumphet
1076 2040 1210 2112 neonus.

164 2152 253 2216 Puer
262 2148 321 2240 qni
333 2147 451 2215 nunca
465 2145 567 2236 Magis
577 2144 699 2214 dicitur
709 2149 780 2214 Rex
792 2143 997 2233 ludaeorum,
1010 2145 1099 2216 idem
1111 2150 1213 2218 Crea-

155 2261 215 2325 'tor
234 2261 286 2324 cst
301 2267 334 2322 et
349 2254 508 2324 Dominus
532 2251 738 2344 angelorum.
760 2255 988 2346 Quapropter,
1010 2255 1104 2348 cujus
1119 2255 1213 2326 times

149 2361 339 2437 infantiam
355 2359 534 2446 nascentis,
553 2360 656 2451 magis
680 2359 797 2428 timere
816 2359 917 2430 debes
939 2361 1213 2453 omnipotentiam

154 2467 350 2563 judicantis.
370 2465 446 2538 Noli
465 2467 544 2558 ergo
557 2469 639 2535 'eum
657 2466 772 2534 timere
791 2465 884 2558 regni
904 2467 954 2535 tui
968 2489 1188 2538 successorem
1199 2518 1217 2556 ,ι

158 2574 218 2646 sed
234 2579 318 2643 time
332 2572 533 2643 infidelitatis
551 2573 839 2666 tuaejustissimum
855 2570 1082 2645 damnatorem
1093 2577 1118 2646 ¹.
1138 2600 1155 2640 u
1223 2607 1226 2612 ·

203 2682 294 2753 (llum
313 2683 392 2750 vero
410 2680 505 2749 divus
519 2681 723 2770 Augustinus
737 2682 801 2750 hoc
812 2680 970 2772 loquendi
986 2701 1105 2771 genere
1122 2705 1210 2775 prae-

155 2789 276 2862 sertim
289 2809 387 2874 usus,
403 2772 624 2876 utaliquando
638 2785 749 2868 etiam,
762 2783 854 2876 quod
867 2807 944 2854 cum
960 2785 1048 2856 illius
1058 2809 1140 2879 pace
1158 2787 1211 2856 di·
1250 2772 1252 2782 Α
1309 2793 1311 2798 ’

154 2917 233 2965 cere
245 2915 424 2986 praesumo,
443 2889 565 2959 abusus
580 2887 692 2976 fuerit,
704 2888 787 2958 libet
800 2889 962 2960 nonnulla
974 2893 1045 2985 ejus
1061 2893 1209 2986 exempla

154 2999 301 3084 referre,
319 3023 395 3092 quae
410 3010 541 3068 sanctus
559 3001 697 3088 Prosper
711 2994 896 3088 Aquitanos
918 2999 1089 3070 annotavit
1108 3013 1208 3094 atque

154 3105 305 3198 collegit.
328 3105 379 3174 Sic
397 3105 498 3195 igitur
513 3104 557 3174 ait
580 3133 587 3172 :
1107 3172 1109 3178 ,

220 3243 238 3282 u
270 3217 339 3282 Lex
360 3212 436 3278 data
460 3223 527 3295 est,
553 3223 592 3278 ut
613 3211 716 3302 gratia
740 3226 972 3304 quaereretur:
1000 3213 1103 3304 gratia
1128 3213 1206 3286 data

133 3345 135 3352 ·
153 3335 224 3407 est,
240 3333 296 3388 ¹ut
314 3317 365 3386 lcx
382 3313 615 3406 adimpleretur
638 3345 646 3386 ι
664 3339 740 3409 quae
761 3339 829 3386 non
843 3317 932 3387 ¹vitio
947 3341 1006 3388 suo
1022 3343 1090 3389 non
1109 3334 1205 3411 pote-

151 3444 205 3498 rat
228 3424 382 3518 impleri‚
408 3421 466 3491 sed
492 3422 572 3492 vitio
601 3421 787 3514 prudentiae
817 3423 934 3492 carnis.
961 3425 1059 3506 Quod
1085 3426 1203 3496 vitium

151 3559 213 3628 per
228 3533 341 3624 legem
353 3525 658 3613 demonstrandum,
670 3533 730 3620 per
741 3528 877 3619 gratiam
892 3525 956 3598 fuit
971 3529 1167 3601 sanandum.
1183 3561 1199 3598 u
1301 3613 1305 3617 ,

150 3641 266 3714 Idem
287 3667 296 3709 ς
316 3665 332 3702 «
348 3637 463 3706 Divina
492 3635 623 3705 bonitas
654 3634 729 3706 ideo
751 3636 891 3705 maxime
913 3637 1062 3706 irascitur
1077 3638 1113 3708 in
1136 3639 1200 3709 hoc

150 3746 303 3830 saeculo,
320 3765 362 3811 ne
378 3743 534 3813 irascatur
551 3743 587 3811 in
604 3740 740 3834 futur03
763 3757 796 3814 ct
810 3742 1060 3814 misericorditer
1074 3759 1202 3839 tempo-

150 3855 260 3924 ralem
292 3846 429 3930 adhibet
458 3850 688 3939 severitatem,
719 3873 763 3921 ne
786 3863 945 3923 aeternam
971 3852 1059 3947 juste
1085 3851 1205 3930 'interm

143 3989 145 3998 ’
188 3993 196 4020 ¹
211 3985 238 4034 S·
250 3978 364 4043 Fulgent.
383 3979 460 4030 Senn.
477 3978 502 4028 in
512 3977 599 4044 Epiplr.
609 3995 642 4033 rr.
