2982 4584
114 495 140 544 ῃ
233 487 335 532 carus
359 489 416 556 vr..
430 489 471 530 eu
494 487 650 530 uuraouo
667 455 925 531 incommonitus
950 483 1116 532 luarrrrl.
1143 467 1207 532 453

168 584 250 677 gulis
266 584 534 680 splendidissime
549 585 693 653 materiae
705 581 912 670 ambulacris,
927 599 1025 678 atque
1039 585 1206 678 ingentem

78 692 81 702 “
167 695 203 762 in
228 693 338 764 medio
360 694 471 764 locum
494 689 715 762 ambientibus
736 691 897 782 cingitur,
924 715 961 760 ac
985 693 1152 784 portarum
1176 707 1210 762 et

167 801 402 871 vestibulorum
414 789 585 876 venustate
594 795 875 890 praelucet,'atque
883 797 1074 869 accedentes
1083 800 1217 869 eminus

167 909 295 1001 excipit.
313 906 471 980 Nondum
486 902 679 974 doexterno
695 918 813 975 ornatu
833 903 971 998 loquor,
993 905 1042 981 de¹
1056 907 1209 1000 quadrati

165 1013 294 1109 lapidis,
309 1029 409 1107 atque
421 1009 579 1081 trifariam
589 1011 1031 1104 concinnatipulchritudine
1040 1028 1074 1084 et
1081 1016 1210 1107 magni·
1238 1062 1240 1067 -

165 1122 298 1208 tudine,
310 1123 381 1190 tam
393 1119 670 1212 quimarmoreus
686 1131 745 1204 est,
763 1119 884 1210 nempe
898 1120 934 1188 in
952 1120 1086 1192 basibus
1102 1137 1136 1192 et
1151 1148 1209 1196 oa·
1329 1173 1331 1182 ·

165 1226 298 1320 pitellis,
316 1225 438 1320 quibus
457 1223 568 1316 anguli
584 1224 858 1316 intercipiuntur,
873 1226 974 1318 quam
986 1227 1045 1320 qui
1060 1221 1223 1322 patrius,

168 1335 259 1404 nullst
274 1335 308 1404 in
321 1357 356 1402 re
368 1347 477 1403 extero
492 1331 622 1402 cedens.
640 1329 795 1404 Nondirm
807 1331 857 1402 de
868 1335 963 1404 variis
975 1349 1008 1405 et
1020 1339 1210 1432 multiplici·

165 1442 229 1510 bus
244 1439 350 1526 zonis,
370 1437 687 1533 afundamentisad
701 1461 861 1512 cacumen
880 1443 986 1534 usque
1003 1447 1163 1534 protensis
1175 1461 1210 1518 et

165 1549 320 1634 intextis,
339 1545 430 1642 quod
444 1546 658 1639 spectatorem
675 1535 797 1616 damno
808 1547 929 1635 afficit,
948 1549 1055 1620 visum
1066 1553 1211 1626 circum-

166 1657 318 1726 scribens.
334 1661 482 1739 Quonam
499 1653 600 1725 modo
613 1677 731 1742 sermo,
745 1655 858 1747 paucis
869 1657 1017 1749 quidem,
1031 1663 1116 1732 tanti
1127 1677 1210 1734 tem·
1313 1696 1314 1701 ¹

164 1762 252 1853 poris
266 1774 299 1830 et
309 1760 447 1848 laboris,
460 1761 628 1854 tantaeque
640 1761 757 1830 mamis
766 1761 934 1852 opificium
946 1785 1103 1838 exornare
1114 1785 1210 1862 pote-

164 1868 287 1938 ritlbn
302 1869 366 1938 hoc
380 1867 496 1936 dixisse
506 1868 581 1937 satis
590 1865 706 1954 fuerit,
718 1865 895 1961 quodcum
903 1871 1008 1942 multa
1017 1877 1208 1966 operatum

163 1973 302 2065 privata,
315 1972 386 2043 tum
395 1973 541 2066 publica,
550 1972 689 2042 urbibus
696 1971 766 2044 aliis
776 1990 971 2048 ornamento
979 1979 1057 2067 sint,
1071 1983 1208 2070 hoc,vel

166 2077 285 2166 solum,
304 2103 381 2150 eam·
391 2082 460 2151 vim
476 2079 608 2166 babuit,
623 2093 663 2148 ut
677 2078 739 2150 n'os
751 2079 841 2173 apud
855 2083 1041 2176 complures
1056 2087 1160 2161 claros
1176 2106 1209 2162 et

164 2187 310 2256 celebres
329 2185 500 2256 redderet?
515 2192 562 2256 Ac
574 2186 735 2278 templum
752 2187 887 2283 quidem
902 2190 945 2260 ad
965 2193 1055 2269 hunc
1069 2201 1207 2270 modum

162 2294 320 2362 sehabet.
333 2295 493 2376 Quoniam
510 2307 619 2361 autem
635 2292 804 2364 sacerdote
815 2297 914 2366 etiam
924 2321 1007 2390 opus
1020 2317 1102 2390 erat,
1117 2306 1208 2378 hunc

162 2401 348 2495 quoquevex
362 2414 421 2469 suo
436 2399 593 2492 largitur3
616 2397 969 2492 templo-nedignurn,
992 2405 1100 2479 dicere
1115 2413 1207 2486 haud

162 2531 261 2601 queo,
279 2508 337 2578 sed
354 2522 464 2577 tamen
480 2504 629 2598 largitur.
648 2506 924 2602 Quandoquidem
939 2526 1049 2584 autem
1066 2518 1209 2592 metimae

162 2613 296 2707 quoque
308 2601 591 2706 requirebantur,
619 2614 677 2682 has
698 2615 798 2684 etiam
818 2613 983 2707 adjungit,
1005 2627 1125 2716 nempe
1147 2629 1206 2700 filii

163 2719 381 2802 calamitates,
407 2731 506 2809 atque
526 2719 561 2785 in
578 2718 676 2786 rebus
693 2717 817 2786 acerbis
831 2719 1100 2812 patientiam,ut
1118 2737 1206 2804 Deus

164 2825 262 2894 abeo
279 2821 683 2892 rationalebolocau'stum
701 2823 841 2911 habeat,
858 2825 1028 2910 ,victimam
1051 2839 1207 2928 spiritua·

163 2929 249 3016 lem,
266 2952 341 3022 quae
355 2927 467 3018 legalis
484 2928 625 2998 victimae
640 2928 715 3000 loco
729 2929 868 3023 pulchre
883 2953 1107 3013 consumatur.

210 3063 227 3111 n
252 3035 342 3120 Quid
366 3035 428 3122 ais,
455 3036 476 3104 d
501 3039 618 3106 Pater?
641 3037 775 3108 haec-ne
793 3039 975 3131 sufficiunt,
1000 3059 1100 3142 atquc
1120 3053 1207 3127 hanc

78 3217 82 3221 ,
163 3143 405 3230 laudationem,
431 3167 507 3237 quae
526 3143 579 3214 vel
598 3158 631 3212 te
649 3159 884 3238 prosequatur,
906 3147 960 3218 vel
985 3151 1085 3225 funus
1109 3171 1205 3232 tuum

164 3265 271 3337 ornet,
285 3251 330 3320 itt
343 3251 473 3342 accipis,
487 3250 580 3343 quasi
589 3249 743 3334 laborum
753 3275 880 3338 eorum,
894 3277 978 3346 quos
988 3259 1033 3328 ob
1043 3285 1117 3334 mea
1129 3266 1207 3338 doc·

151 3358 260 3428 'trinae
274 3356 383 3426 studia
395 3357 578 3447 suscepisti,
593 3356 739 3425 fructum
753 3355 890 3428 tuleris?
904 3361 1010 3451 Num,
1028 3389 1088 3458 pro
1103 3378 1206 3446 vereri

163 3487 268 3550 more,
282 3486 398 3556 pacem
413 3461 552 3532 orationi
564 3460 699 3549 tribuis,
717 3463 829 3556 eique,
847 3488 889 3534 ne
900 3469 1038 3556 modurn
1049 3479 1203 3570 excedat,

163 3572 265 3640 linem
275 3572 457 3662 praescribis
467 3573 481 3654 ‘l
492 3593 534 3639 an
544 3568 653 3662 potiris
663 3569 788 3664 aliquid
797 3571 931 3644 uberius
942 3575 1125 3654 desideras?
1141 3577 1206 3660 Sed

164 3675 372 3748 hauddubie
387 3677 588 3770 praeseribis3
605 3679 682 3747 satis
697 3678 933 3772 enim'longam
945 3689 1127 3762 orationem
1146 3696 1209 3770 ha-

164 3780 310 3854 buimus.
335 3787 407 3853 Hoc
427 3787 505 3855 verb
529 3783 626 3870 mibi,
653 3807 734 3877 pace
748 3788 823 3874 tuat,
845 3789 986 3884 adjicere
1005 3792 1113 3887 liceat.
1140 3807 1208 3876 Fac

166 3889 317 3976 sciamus,
333 3891 477 3984 quanam
487 3892 522 3959 in
538 3890 640 3983 glorid
651 3891 705 3978 sis,
716 3893 809 3986 quod
822 3893 936 3966 lumen
952 3911 987 3967 te
1000 3901 1206 4000 circumstet3
1262 3901 1264 3906 ¹

168 4007 274 4101 atque!
290 4011 426 4066 uxorem
446 4009 536 4081 tuam
550 3996 728 4091 laliquantd
748 4012 842 4090 post,
860 4015 894 4071 et
907 4001 1046 4094 liberos,
1064 4035 1206 4117 quorum
