2984 4580
326 415 392 476 364
476 429 655 476 nnnronrea
678 429 703 474 ε.
730 431 879 498 aaaron,
906 431 982 476 etus
1006 435 1051 494 n,
1073 435 1158 477 aner.
1184 437 1208 477 ι.
1289 453 1292 463 ·

326 531 421 601 obitu
438 529 576 600 Blesillae
591 529 687 615 filiae,
714 531 836 621 duplex
856 531 1015 624 ejusmodi
1035 531 1225 624 exemplum
1247 557 1364 605 oecur-

294 647 304 662 ·
325 640 379 708 rit.
396 639 448 708 Sic
461 639 548 706 enirn
561 637 704 730 primdm
713 637 842 708 inducit
857 638 1057 709 Salvatorem
1069 641 1300 732 objurgantem
1315 671 1322 711 :

380 747 585 832 «Irasceris,
610 745 733 831 Paula,
756 747 832 839 quia
855 761 912 816 tua
933 748 1000 816 filia
1022 771 1094 817 mea
1115 746 1200 818 facta
1216 764 1266 819 est
1279 749 1366 820 filia?

324 855 508 944 Indignaris
529 853 571 922 de
586 854 713 947 judicio
735 875 825 939 meo,
847 868 881 923 et
908 854 1086 924 rebellibus
1113 853 1266 945 lacrymis
1291 855 1366 926 facis

265 981 267 986 ’
325 959 480 1053 injuriam
496 957 698 1052 possidenti?
716 959 782 1029 Scis
799 959 887 1030 enim
903 960 985 1054 qnid
1000 959 1042 1029 de
1056 974 1111 1045 te,
1138 961 1221 1054 quid
1245 961 1288 1030 de
1303 985 1366 1031 cae-

326 1068 403 1136 teris
419 1067 482 1136 tuis
502 1066 654 1156 cogitem.
674 1066 796 1135 Cibuni
811 1065 873 1133 tibi
894 1065 1061 1157 denegas,
1087 1089 1156 1137 non
1169 1067 1366 1160 jejuniorum
1477 1055 1478 1080 ³

325 1173 454 1258 studio,
472 1172 529 1242 sed
541 1169 674 1242 doloris.
689 1176 764 1242 Non
784 1193 859 1242 amo
875 1172 1099 1265 frugalitatem
1114 1173 1230 1262 istam,
1244 1175 1367 1267 jejunia

325 1281 386 1348 ista
405 1277 579 1348 adversarii
602 1279 666 1346 mei
682 1291 771 1347 sunt.
794 1277 927 1350 Nullam
951 1279 1092 1348 animam
1110 1279 1250 1370 recipio,
1275 1303 1366 1372 quae,

325 1409 379 1456 me
394 1386 538 1468 nolente,
558 1388 757 1477 separatura
773 1401 921 1479 corpore.
943 1386 1034 1456 Tales
1051 1385 1152 1458 stulta
1164 1385 1369 1480 philosophia

310 1480 447 1561 ‘habeat
471 1505 652 1581 martyres,
675 1493 797 1560 habeat
822 1497 1004 1577 Zenonem,
1033 1491 1286 1564 Cleombrotum
1318 1494 1369 1582 vel

327 1601 498 1669 Catonem.
517 1603 622 1690 Super
637 1593 767 1666 nullum
781 1599 955 1691 requiescit
972 1597 1110 1691 Spiritus
1123 1619 1228 1680 meus,
1248 1599 1309 1668 uisi
1321 1621 1369 1668 su-

326 1727 385 1797 per
401 1705 560 1774 humilem
578 1720 611 1774 et
627 1706 796 1798 quietum,
814 1720 847 1775 et
864 1718 1058 1774 trementem
1070 1704 1178 1774 ¹verba
1193 1728 1278 1776 mea.
1300 1709 1369 1775 lloc
1477 1715 1479 1800 ᾗ

327 1826 376 1880 est
395 1812 486 1904 quod
501 1812 583 1881 mihi
602 1813 637 1880 in
655 1813 852 1882 monasterio
864 1810 1100 1903 promittebas?
1113 1809 1205 1904 qubd
1221 1811 1338 1880 habitu
1352 1813 1369 1879 a

326 1919 452 1986 caeteris
471 1932 643 2010 separato,
674 1918 734 1992 tibi
754 1917 848 2011 quasi
866 1917 1046 2008 religiosior
1067 1916 1255 1986 videbaris?
1278 1921 1370 1988 Mens

327 2023 387 2092 ista
403 2048 479 2115 quae
494 2024 632 2114 plangit,
650 2024 826 2092 sericarum
843 2024 983 2093 vestium
998 2027 1078 2092 est1.
1099 2049 1115 2088 s

376 2131 502 2200 Deinde
529 2129 680 2222 pluribus
705 2132 881 2222 interjectis
905 2130 1008 2199 filiam
1021 2131 1133 2222 ‘ipsam
1152 2129 1319 2200 Blesillam
1337 2129 1370 2198 iu

327 2235 474 2306 medium
488 2237 584 2305 affert
597 2251 630 2306 et
645 2237 749 2328 ipsam
765 2237 862 2305 matri
876 2233 1068 2328 loquentem
1084 2265 1090 2304 :

331 2404 333 2408 ,
356 2371 391 2408 .«
412 2347 499 2426 Quas
516 2367 605 2412 nunc
618 2343 800 2428 existimes,
815 2343 943 2435 inquit,-
961 2341 1123 2412 Blesillam
1140 2355 1286 2412 nostram
1303 2343 1368 2434 pati

246 2493 248 2499 ι
329 2471 461 2533 cruces,
479 2475 555 2542 quae
578 2448 662 2517 ferre
687 2459 870 2534 tormenta,
894 2443 986 2540 quod
1000 2447 1063 2516 tibi
1078 2449 1246 2518 Christum
1261 2447 1369 2524 videat
1480 2459 1481 2464 ’

328 2555 533 2623 subiratum?
559 2555 688 2624 Clamat
714 2579 803 2625 nunc
827 2556 883 2625 illa
907 2555 1062 2647 lugenti:
1089 2559 1121 2628 Si
1146 2559 1295 2650 unquam
1317 2580 1368 2626 me
1480 2587 1481 2608 t

313 2660 464 2744 ,amdsti,
482 2665 599 2746 Mater,
616 2662 643 2730 si
660 2676 715 2732 tua
731 2663 834 2732 ubera
849 2664 939 2749 suxi,
955 2665 981 2732 si
996 2665 1031 2733 in
1047 2665 1111 2735 t'uis
1127 2666 1281 2735 instituta
1296 2687 1368 2734 sum

327 2764 481 2856 monitis,
501 2793 542 2838 ne
556 2771 701 2840 invideas
718 2771 828 2860 gloriae
844 2795 944 2857 meae,
968 2796 1028 2842 nec
1047 2775 1111 2843 hoc
1127 2797 1203 2864 agas
1218 2789 1257 2842 ut
1274 2775 1368 2842 ltno-

328 2877 378 2946 bis
393 2878 428 2946 in
443 2892 640 2970 perpetuum
656 2902 854 2969 separemur.
878 2885 977 2948 Putas
994 2903 1062 2948 esse
1085 2903 1138 2948 me
1153 2880 1282 2950 solam?
1303 2883 1367 2948 Ha·

328 2985 390 3052 beo
412 3006 472 3074 pro
492 2998 525 3052 te
549 2985 698 3066 Mariam,
725 2998 864 3052 matrem
882 2985 1023 3054 Domini.
1042 2985 1163 3056 Multas
1180 2987 1233 3055 hie
1247 2983 1364 3067 video,

328 3112 410 3181 quas
426 3091 501 3156 ante
517 3090 751 3158 nesciebam.0
766 3093 891 3183 quantd
908 3091 1084 3162 meliorest
1099 3091 1158 3162 iste
1174 3089 1363 3162 comitatus!

327 3195 442 3263 Habeo
457 3197 790 3288 Annam,‚quonddm
806 3198 840 3266 in
854 3199 1033 3290 Evangelio
1042 3200 1294 3292 prophetantem
1311 3227 1318 3266 ε
1335 3210 1368 3264 et

324 3304 392 3396 qud
402 3303 504 3393 magis
516 3303 670 3394 gaudeas,
683 3319 852 3374 tantorum
862 3329 1024 3376 annornm
1031 3306 1172 3391 labores,
1186 3327 1248 3394 ego
1259 3305 1294 3372 iu
1307 3303 1366 3373 tri-

324 3409 387 3478 hus
403 3409 570 3490 mensibus
586 3427 760 3482 consecuta
772 3435 856 3480 sum.
871 3399 977 3481 Unam
988 3411 1131 3504 palmam
1142 3410 1300 3480 castitatis
1312 3433 1365 3480 ac-

324 3516 481 3608 cepimus.
499 3519 660 3588 Misereris
678 3521 763 3603 mei,
782 3520 865 3612 *quia
892 3519 1055 3588 mundum
1076 3517 1195 3612 reliqui
1210 3521 1224 3584 ‘l
1247 3523 1291 3587 At
1306 3539 1366 3607 ego

323 3623 423 3692 vestrl
438 3637 556 3694 sortem
574 3623 690 3706 doleo,
708 3648 791 3716 quos
815 3625 923 3696 adhirc
946 3625 1058 3696 saeculi
1075 3649 1187 3696 carcer
1203 3613 1365 3706 includit,

321 3736 408 3820 'quos
423 3728 571 3820 qnotidie
587 3729 621 3799 in
634 3729 702 3798 acie
718 3730 917 3821 praeliantes,
934 3754 1024 3800 nunc
1039 3733 1099 3816 ira,
1114 3753 1205 3802 nunc
1218 3729 1365 3813 avaritia,

324 3856 415 3902 nune
438 3831 564 3918 libido,
582 3857 671 3904 nune
695 3837 859 3907 variorum
882 3837 1046 3908 incentiva
1068 3838 1225 3910 vitiorum
1241 3845 1369 3928 pertra-

363 3973 369 3998 ¹
390 3964 414 4012 S.
430 3962 526 4022 Hieron.
544 3964 618 4028 Epist.
633 3979 690 4016 xrn.
