2982 4584
279 411 343 476 488
435 428 613 476 nneroarct
636 427 661 473 5.
688 425 839 490 sarnum,
865 427 941 475 saus
965 429 1006 490 rr,
1033 423 1116 472 saer.
1142 427 1167 472 1.

278 530 384 602 tolum
396 553 469 602 nou
491 530 631 623 recipis?
654 531 698 598 Ut
721 530 833 621 itaque
854 543 887 597 et
906 529 957 598 his
973 525 1080 614 aedes,
1098 540 1131 596 et
1145 525 1210 596 illis
1227 553 1321 602 aures

277 637 566 730 perpetubapertae
575 635 653 721 sint,
664 633 794 725 sordem
803 657 936 704 omnem
945 634 988 703 ab
998 634 1133 704 auribus
1142 635 1261 704 animae
1270 660 1322 706 ex·

276 765 474 838 purgemus3
496 744 686 814 sicutenim
703 744 814 812 sordes
831 756 865 812 et
881 741 979 812 limus
991 765 1085 812 aures
1103 744 1322 835 corporis,sic

275 852 460 924 meretricia
474 853 620 938 cantica,
635 852 803 922 saeculares
819 851 1037 938 narrationes,
1055 850 1185 936 debita,
1199 871 1322 922 sermo·

178 975 185 1039 ἶ
274 982 333 1030 nes
349 958 392 1028 de
411 957 511 1030 usurb
524 972 560 1028 et
574 973 710 1044 mutuo,
727 959 831 1053 magis
842 961 942 1053 qubm
959 958 1083 1050 quaevis
1101 955 1211 1026 sordes
1225 982 1319 1028 aures

172 1143 173 1150 ,
275 1068 395 1138 animae
410 1067 569 1150 obturant
582 1097 592 1156 3
615 1067 683 1138 imb
698 1089 767 1136 non
782 1066 942 1136 obturant
956 1061 1078 1151 modb,
1101 1063 1160 1134 sed
1181 1065 1316 1135 immun·

274 1173 333 1246 das
348 1173 504 1246 reddunt.
527 1176 610 1245 me
627 1174 686 1268 qui
700 1174 762 1242 ista
781 1187 932 1256 narrant,
952 1173 1068 1240 fimum
1082 1171 1119 1239 in
1142 1193 1234 1240 aures
1253 1195 1321 1242 ves-

274 1295 340 1352 tras
365 1282 528 1372 injiciunt.
549 1285 598 1351 Ac
613 1279 706 1374 quod
726 1281 885 1352 barbarus
911 1278 967 1349 itle
988 1278 1250 1350 comminabatur
1273 1279 1324 1348 di-

276 1410 377 1458 cens:
403 1375 607 1458 Comedetv's
623 1389 955 1458 stercus'oestrum1
965 1399 1069 1473 ,'etc.,
1081 1385 1127 1454 sic
1141 1398 1175 1454 et
1187 1386 1239 1455 isti
1255 1409 1325 1455 non

275 1497 397 1583 verbo,
414 1497 473 1567 sed
484 1497 638 1589 operibus
650 1497 690 1566 eb
705 1520 762 1567 vos
776 1495 960 1581 deducunt,
977 1508 1015 1565 ut
1029 1495 1102 1563 haee
1117 1485 1324 1582 sustineatis,

278 1603 346 1672 imb
370 1617 404 1673 et
421 1603 521 1695 longb
540 1603 681 1696 gravius.
709 1603 840 1672 Etenim
861 1601 918 1673 illa
939 1601 1068 1671 cantica
1084 1600 1134 1669 his
1148 1592 1328 1692 longe'foe-

278 1707 371 1778 diora
386 1723 464 1796 sunt
479 1741 486 1780 ε
502 1711 660 1803 quodque
676 1708 820 1779 deterius
832 1723 892 1796 est,
911 1706 1089 1778 nonmodb
1102 1705 1328 1792 hacmoleste

279 1839 349 1886 non
374 1813 486 1908 sertis,
503 1817 562 1888 sed
581 1818 679 1886 etiam
694 1816 824 1903 ridetis,
843 1815 920 1886 ciam
935 1829 1103 1908 oporteret
1122 1815 1266 1884 execrari
1289 1839 1329 1884 ac

241 1991 245 1995 .
279 1922 406 2016 fugere.
426 1925 523 2006 Qubd
538 1925 565 1994 si
578 1925 650 1993 haec
666 1923 900 1993 abominabilia
915 1946 983 1994 non
999 1935 1076 1992 sunt
1086 1974 1100 2008 ,Ἴ
1114 1915 1277 1991 descende
1292 1921 1329 1990 in

281 2031 495 2118 orchestram,
511 2032 640 2100 imitare
648 2017 891 2124 quod⁴laudas3
907 2031 975 2100 imb
991 2029 1045 2100 adi
1058 2051 1146 2116 eum,
1160 2029 1221 2122 qui
1236 2030 1329 2098 hunc

280 2137 389 2208 risum
399 2137 529 2206 excitat.
549 2136 673 2204 Verbm
689 2135 724 2204 id
738 2138 910 2230 nunquam
926 2136 1035 2206 facere
1051 2137 1146 2205 ausis.
1166 2139 1235 2206 Gur
1248 2137 1328 2227 ergb

280 2241 328 2312 illi
346 2257 475 2314 tantum
495 2241 612 2312 tribuis
633 2243 820 2312 bonorem?
836 2245 938 2336 Atqui
955 2245 1144 2314 Graecorum
1169 2241 1258 2335 leges
1274 2241 1329 2312 de·

281 2351 410 2442 scriptae
428 2341 502 2420 illds
529 2349 667 2418 infames
683 2349 798 2418 haberi
820 2349 950 2420 volunt.
976 2355 1026 2419 Tu
1052 2351 1130 2422 verb
1154 2349 1226 2420 illos
1250 2373 1328 2420 cum

279 2458 350 2526 tota
376 2457 508 2528 civitate
528 2457 665 2548 recipis,
691 2457 784 2549 quasi
810 2455 935 2546 legatos
946 2471 984 2526 *et
999 2457 1118 2542 duces,
1148 2479 1329 2551 omnesque

281 2585 419 2647 evocas,
434 2577 472 2630 ut
488 2563 603 2630 fimum
618 2562 799 2649 inauribus
814 2563 986 2655 accipiant.
1001 2569 1049 2633 Ac
1064 2557 1176 2634 servus
1191 2565 1328 2658 quidem

281 2681 377 2752 tuus,
408 2667 434 2734 si
454 2665 536 2760 quid
553 2675 654 2758 'turpe
682 2679 716 2736 te
739 2667 893 2738 audiente
913 2668 1086 2763 loquatur,
1106 2669 1196 2738 mille
1214 2671 1328 2763 plagas

282 2773 421 2866 accipit3
439 2787 473 2844 et
488 2773 516 2842 si
530 2771 636 2858 filius,
656 2773 682 2842 si
703 2797 802 2862 uxor,
820 2776 847 2844 si
863 2777 1011 2870 quisquis
1027 2777 1109 2847 alius
1124 2779 1188 2846 hoc
1203 2776 1326 2866 faciat,

176 2945 192 2964 ,
241 2877 244 2882 ’
281 2903 350 2950 rem
365 2879 456 2948 illam
471 2902 568 2951 vocas
588 2876 846 2951 contumeliam:
865 2883 892 2950 si
912 2885 991 2952 verb
1005 2884 1155 2952 homines
1172 2883 1329 2954 verbero·

216 3030 224 3046 ι
281 3011 340 3057 nes
359 3001 392 3056 et
407 2987 527 3080 abjecti
542 3001 575 3056 te
591 3001 727 3086 vocent,
740 3002 779 3058 ut
791 2990 900 3081 turpia
910 2977 1011 3060 verba
1021 2990 1154 3086 audias,
1174 3016 1242 3062 non
1258 3015 1329 3062 mo·

217 3095 218 3098 ’
281 3094 325 3164 db
338 3117 406 3164 non
420 3094 613 3185 indignaris,
632 3095 799 3164 sedetiam
817 3097 952 3187 gaudes,
963 3097 1088 3170 laudas.
1105 3101 1236 3192 Ecquid
1247 3100 1328 3171 huic

282 3199 457 3270 dementiae
469 3223 528 3292 par
542 3199 667 3271 fuerit?
681 3203 745 3272 Sed
761 3205 1107 3300 turpiahujuscemodi
1120 3230 1190 3296 uon
1205 3207 1328 3302 loque-

280 3309 347 3378 ris?
358 3305 488 3402 Ecquid
503 3308 581 3377 hinc
592 3307 695 3378 lucri?
711 3313 782 3380 lmb
799 3314 876 3382 verb
892 3313 982 3381 undb
998 3311 1123 3406 liqueat
1137 3328 1174 3388 ,te
1189 3338 1258 3384 non
1272 3313 1327 3386 lo-

279 3416 363 3510 qui?
389 3416 415 3496 si
430 3415 518 3484 enim
533 3417 604 3486 baec
630 3420 801 3510 nunqubm
822 3417 1001 3510 proferres,
1031 3444 1100 3490 non
1121 3420 1242 3490 rideres
1268 3445 1328 3492 au·
1365 3480 1370 3485 .

279 3523 388 3606 diens,
415 3545 523 3614 neque
549 3535 643 3591 tauto
674 3521 783 3596 studio
808 3549 954 3594 curreres
975 3525 1018 3596 ad
1044 3551 1160 3597 vocem
1186 3551 1263 3622 quae
1292 3543 1327 3598 te

279 3628 440 3698 dedecore
455 3629 575 3698 afficit
586 3629 645 3696 Dic
666 3629 753 3696 enim
769 3630 868 3718 mihi,
896 3634 1073 3723 gaudes-ne
1088 3633 1224 3718 audieus
1241 3635 1327 3705 blas·

229 3764 231 3768 ⁷
278 3737 449 3829 phemiasP
464 3759 577 3804 annon
590 3737 804 3825 exhorrescit,
823 3754 855 3808 et
863 3730 958 3811 aures
971 3743 1134 3814 obstruis?
1146 3749 1217 3836 Ego
1233 3746 1326 3814 certe

276 3843 311 3913 id
328 3844 590 3934 putossurboc?
601 3844 685 3925 Qui'a
699 3857 737 3914 tu
753 3851 925 3941 nunqubm
940 3849 1159 3944 blasphemas.
1174 3851 1325 3946 Idipsum

205 3969 210 3979 '
318 3968 817 4039 ¹lReg.xvrrr,ap,etlsai.xxxr1,ra.
1186 3970 1189 3976 ’
