2930 4582
208 433 311 480 CAPUT
334 441 379 481 vt.
400 441 440 480 utt
463 439 619 482 ΜΕΤΗΟΒΟ
635 441 669 482 ΙΝ
692 441 900 484 concremans
924 435 1092 484 tuntum.
1119 422 1183 483 223

189 561 204 596 v
213 531 330 619 Audi,
345 533 485 614 coelum,
503 549 538 604 et
554 533 704 604 nuribus
713 537 873 627 percipe,
884 549 996 604 terra.
1011 539 1084 604 Jtm
1095 535 1183 604 enim

141 635 223 705 mihi
241 654 368 730 tempus
385 655 448 728 est,
467 655 506 710 ut
526 641 642 709 iisdem
663 641 771 710 verbis
795 655 890 719 utar,
916 643 1037 733 quibus
1061 643 1181 728 Esaias,

141 746 228 812 vocis
240 745 439 816 sublimitate
455 750 631 840 prophetas
643 771 755 816 omnes
768 747 974 815 antecellens.
995 753 1065 818 Hoc
1079 772 1185 818 unum

140 851 290 935 interestl,
309 854 400 945 quod
414 853 470 920 ille
486 855 530 922 oh
548 852 720 939 lsraelem,
739 853 796 946 qui
815 854 872 922 Dei
890 853 995 944 legem
1013 855 1182 946 rejecerat,

141 979 178 1028 ea
204 973 299 1028 vocat
323 973 423 1052 atque
447 973 680 1028 contestatur:
707 983 767 1050 ego
788 973 895 1028 autem
921 959 1182 1048 obtyrannum,

140 1065 197 1156 qui
215 1079 248 1133 ct
263 1090 334 1133 eam
352 1066 486 1160 rejecit,
498 1079 531 1133 et
546 1066 680 1152 misere,
701 1080 739 1136 ut
754 1065 854 1158 ipsius
869 1066 1018 1158 impietas
1034 1067 1185 1134 mereba-

139 1185 206 1257 tur,
225 1171 358 1241 occidit.

188 1306 204 1342 »
231 1278 320 1346 Audi
330 1277 402 1345 haec
412 1278 521 1363 etiam,
534 1279 715 1348 Constantii
727 1279 837 1368 Magni
850 1277 968 1362 anima,
981 1279 1007 1347 si
1016 1279 1089 1370 quis
1100 1301 1185 1347 mor·

127 1385 207 1453 ‘tuis
224 1408 335 1452 sensus
357 1398 420 1468 est,
438 1407 615 1486 omnesque
635 1409 769 1469 eorum,
784 1385 842 1479 qui
854 1385 1027 1478 imperium
1045 1386 1121 1453 anth
1134 1386 1185 1478 ip-

141 1513 216 1558 sum
238 1492 432 1577 tenuerunt,
457 1493 519 1582 piae
535 1493 722 1586 Christique
738 1505 883 1560 amantes
907 1493 1023 1559 animae
1044 1491 1184 1562 :veritm

141 1595 198 1664 ille
214 1621 281 1688 prae
299 1598 437 1683 caeteris,
455 1598 512 1691 qui
529 1599 605 1667 chm
626 1598 724 1669 simul
747 1623 824 1668 cum
847 1599 969 1668 Christi
992 1599 1184 1684 haereditate

139 1705 309 1789 crevisset,
328 1729 465 1799 eamque
475 1730 535 1797 pro
550 1706 675 1775 viribus
692 1707 845 1790 auxisset,
865 1705 1088 1799 temporisque
1105 1703 1183 1772 diu-

138 1811 297 1880 turnitate
320 1813 558 1898 confirmalsset,
586 1811 668 1881 adcd
692 1825 729 1881 ut
755 1813 950 1880 eonomine
974 1835 1102 1896 omnes,
1126 1811 1184 1904 qui

106 1969 109 1973 -
138 1921 288 2011 unquam
311 1918 448 2010 imperio
468 1919 565 2010 potiti
586 1913 732 2004 fuerant,
750 1915 924 2012 splendere
944 1917 1112 2010 gloriaque
1127 1941 1184 1986 su-

138 2028 300 2118 peresset,
327 2003 546 2122 (dinjuriam
565 2051 602 2095 ac
622 2027 752 2118 nel'asi)
773 2027 977 2116 ignoratione
997 2024 1107 2116 lapsus
1135 2039 1191 2094 est

138 2133 238 2223 ipsius
256 2133 376 2222 pietate
390 2131 570 2200 admodum
585 2133 720 2224 indignd
739 2158 745 2197 :
760 2133 951 2203 Christianis
964 2131 1086 2201 Christi
1103 2133 1181 2201 hos-

139 2252 205 2305 tem
220 2225 362 2306 insciens
380 2237 478 2321 aluit,
500 2239 535 2304 in
554 2263 659 2330 coque
679 2264 747 2308 uno
767 2239 858 2308 haud
874 2241 961 2306 rect'c
977 2239 1182 2308 humanitate

48 2386 53 2394 =
140 2368 175 2412 ac
191 2344 392 2434 benignitate
408 2367 484 2412 usus
502 2357 569 2428 est,
587 2343 677 2436 quod
693 2368 769 2412 eum
787 2359 821 2413 et
836 2345 992 2429 servavit,
1012 2357 1044 2412 et
1060 2343 1103 2413 ad
1116 2343 1182 2412 im-

138 2453 264 2543 perium
281 2453 402 2537 evexit,
421 2453 478 2546 qui
494 2451 579 2520 male
598 2476 635 2520 ac
651 2450 780 2520 luneste
797 2466 828 2520 et
841 2467 986 2520 servatus
999 2465 1059 2537 est,
1074 2465 1107 2521 et
1121 2453 1182 2520 im-

138 2558 266 2649 perium
293 2559 539 2626 administravit.
569 2563 679 2652 Atque
705 2559 767 2627 halo
792 2557 996 2650 potissimhm
1018 2556 1060 2626 de
1083 2560 1181 2628 causat
1254 2642 1259 2648 ,

139 2688 214 2732 eum
231 2665 437 2747 crediderim,
452 2678 491 2732 ut
506 2689 545 2732 ex
566 2666 740 2756 impietatis
756 2665 984 2755 oppressione,
1004 2689 1180 2760 rerumque

138 2773 386 2840 christianarum
403 2771 446 2839 ad
463 2773 636 2863 pristinum
655 2771 860 2862 splendorem
878 2769 1002 2854 reditu,
1021 2773 1066 2839 sic
1082 2774 1180 2841 etiam

138 2881 253 2948 exhalo
270 2880 416 2948 oratione
428 2880 602 2946 maximam
617 2877 821 2968 voluptatem
838 2891 1013 2966 capturum
1027 2879 1050 2946 ¹.
1069 2904 1084 2941 »
1128 2959 1130 2968 J

182 2987 291 3054 Habet
306 2986 407 3076 igitur
422 2983 511 3077 apud
529 2997 657 3052 sanctos
674 2990 783 3052 Patres
795 2981 987 3052 christianos
1003 2983 1182 3053 conciona-

137 3107 189 3162 tor
205 3093 393 3162 omnimoda
416 3093 652 3184 prooemiorum
668 3089 834 3182 exempla,
854 3113 948 3183 quae,
967 3092 992 3159 si
1007 3089 1180 3182 diligenter

137 3200 284 3292 inspecta
300 3198 419 3267 imitari
436 3200 614 3282 curaverit,
633 3222 716 3281 non,
734 3199 817 3264 sicut
832 3197 949 3288 saepihs
966 3197 1068 3281 solet,
1083 3221 1180 3288 vagas

137 3306 295 3400 quasdam
312 3306 500 3388 sententias,
519 3319 576 3373 aut
588 3305 697 3372 inania
711 3305 822 3386 verba,
841 3326 926 3371 vano
945 3303 1067 3372 exordii
1083 3303 1180 3373 titulo

137 3416 236 3507 prave
249 3414 413 3497 decorata,
422 3411 625 3480 orationibus
637 3407 800 3502 praeseret,
815 3409 873 3476 sed
886 3432 944 3499 per
953 3409 1051 3500 ipsius
1064 3411 1110 3476 rei
1125 3407 1179 3478 vel

139 3522 455 3590 circumstantiarum
468 3519 720 3612 expositionem,
738 3516 880 3612 suaviter
896 3529 1093 3607 praeparatos
1107 3529 1176 3585 sta÷

140 3631 198 3699 tim
214 3632 249 3700 in
265 3642 494 3723 argumentum
513 3627 649 3697 inducet
667 3623 843 3694 auditores.

176 3792 180 3814 ¹
195 3785 219 3830 S.
233 3783 332 3844 Gregor.
348 3777 431 3830 Theol.
448 3782 515 3828 Orat.
528 3794 563 3840 iv,
583 3793 597 3824 n
624 3775 672 3824 t·3.

562 3945 574 3973 δ
