2930 4582
214 447 318 494 staur
340 451 385 494 vr.
412 449 453 492 1111
476 449 634 492 uaruouo
649 449 684 492 m
699 445 908 492 eoneronmus
931 441 1097 492 1111111111.
1124 431 1187 492 317

150 571 225 617 eum
239 548 342 639 ligare
366 549 512 639 unquam
525 545 664 639 poterit?
680 550 798 616 Nonne
814 560 970 632 terrores,
985 571 1056 616 non
1071 547 1187 633 minae,

149 679 216 723 non
234 656 374 740 monita,
390 678 458 724 non
473 651 607 724 consilia
618 651 763 720 PVerbm
777 654 846 721 haec
861 653 970 723 omnia
988 652 1044 722 ille
1057 653 1190 724 vincula

149 763 283 856 rumpit.
305 767 349 832 Et
369 762 491 855 siquis
517 759 719 835 solutumst
740 760 879 830 vinculis
893 761 1044 848 accedat,
1062 763 1190 856 adjurat

149 893 225 939 eum
248 893 291 939 ne
313 870 480 958 solvatur3
507 869 690 948 cruciatum
715 868 894 937 maximum
914 869 1099 938 existimans
1122 893 1191 940 nou

147 999 214 1046 esse
229 977 263 1044 in
280 976 429 1046 cruciatu
441 1005 448 1044 :
460 997 527 1066 quo
536 972 617 1067 quid
630 971 848 1044 miserabilius
861 974 1015 1044 dicatur?
1028 975 1088 1044 llle
1100 999 1192 1045 nam·

146 1085 212 1176 que
228 1083 380 1165 daemon,
407 1081 467 1149 etsi
491 1081 639 1149 homines
659 1077 861 1170 despiceret,
887 1093 921 1151 at
939 1081 1060 1151 Christi
1085 1082 1190 1175 jussui

146 1191 253 1276 cessit,
268 1203 301 1257 et
316 1188 382 1257 citb
394 1189 558 1279 acorpore
574 1184 742 1274 abscessit,
754 1185 808 1254 hic
824 1188 902 1256 verb
917 1210 986 1255 non
1001 1185 1089 1256 cedit
1102 1212 1190 1280 prae-

145 1311 244 1390 cepto
262 1326 269 1366 :
289 1299 365 1365 nam
380 1295 457 1364 licet
478 1293 626 1387 quotidie
647 1293 759 1362 audiat
777 1292 873 1362 illum
895 1293 1082 1365 dicentem:
1100 1293 1144 1368 Ν
1143 1319 1191 1366 on

143 1405 296 1496 potestis
317 1401 398 1473 Deo
422 1401 553 1471 servire
575 1414 611 1468 et
632 1421 848 1468 mammonae
862 1403 896 1486 ¹,
924 1401 984 1470 etsi
1006 1403 1190 1494 gehennam

147 1510 366 1579 comminetur
392 1523 424 1577 et
446 1503 663 1576 intolerabilia
686 1505 862 1598 supplicia,
893 1511 962 1576 iton
985 1508 1191 1601 obtemperat

148 1631 276 1702 tamen,
295 1640 362 1685 non
377 1613 469 1708 qubd
485 1615 616 1685 Christo
637 1613 680 1682 sit
698 1611 835 1700 fortior,
855 1615 915 1684 sed
928 1615 1020 1708 qudd
1042 1617 1191 1686 Christus

145 1747 206 1792 nos
238 1747 305 1792 non
329 1722 448 1792 invitos
482 1719 525 1790 ad
549 1720 804 1811 resipiscentiam
827 1720 939 1790 ducat.
970 1719 1117 1816 ldebque
1140 1722 1190 1791 illi

145 1831 239 1924 quasi
255 1831 290 1898 in
307 1829 440 1899 desertis
460 1843 655 1913 versantur,
674 1828 799 1896 etiamsi
815 1828 850 1896 in
875 1827 990 1898 mediis
1010 1829 1075 1898 sint
1095 1831 1190 1899 urbi-

122 1987 126 1998 ·
145 1940 221 2008 bus.
241 1939 322 2021 Quis
338 1939 426 2006 euim
445 1951 556 2005 mente
573 1935 692 2005 valens·
707 1936 808 2029 possit
828 1959 904 2005 cum
920 1937 1110 2031 hujusmodi
1129 1941 1191 2009 ho-

145 2046 291 2116 minibus
306 2047 451 2115 versari?
467 2043 600 2114 Mallem
613 2045 700 2114 certe
716 2067 793 2114 cum
808 2046 967 2114 sexcentis
983 2045 1192 2117 daemoniacis

145 2153 314 2239 habitare,
330 2155 430 2245 quarn
447 2175 523 2220 cum
538 2175 607 2220 uno
618 2153 682 2221 hoc
694 2150 866 2221 laborante
879 2154 997 2222 morbo
1013 2152 1192 2248 :quodque

144 2262 192 2330 ita
209 2260 350 2354 loquens
361 2282 429 2327 non
439 2260 599 2345 aberrem,
612 2259 772 2351 probatur
784 2259 870 2328 ex'iis
879 2285 954 2353 quae
963 2261 1118 2354 utrinque
1131 2285 1192 2353 pa-

145 2371 289 2438 tiuntur.
304 2369 345 2436 Hi
360 2367 504 2460 namque
515 2390 610 2447 eum,
624 2367 682 2461 qui
698 2390 732 2435 se
742 2365 936 2455 nihil'laesit,
947 2368 1118 2436 inimicum
1130 2369 1193 2438 sibi

145 2490 283 2570 putant,
297 2474 482 2566 voluntque
490 2497 588 2560 eum,
607 2473 664 2568 qui
674 2473 759 2542 liber
776 2488 844 2559 est,
859 2497 988 2545 servum
1003 2499 1099 2544 suum
1111 2499 1190 2562 esse,

147 2583 228 2653 utin
237 2581 330 2651 malis
338 2581 519 2650 innumeris
530 2579 699 2651 involvant
709 2610 716 2650 :
728 2580 922 2652 daemoniaci
929 2583 1094 2653 verbnihil
1102 2582 1194 2654 aliud

146 2689 228 2761 mali
244 2690 393 2773 faciunt,
416 2690 516 2780 quam
541 2687 632 2780 quod
660 2689 813 2756 morbum
838 2690 873 2756 in
890 2713 924 2757 se
944 2691 1116 2760 retineant.
1141 2677 1194 2760 Illi

86 2801 91 2808 '
147 2799 273 2870 multas
286 2797 485 2866 subvertunt
497 2793 633 2880 domos,
648 2793 750 2888 idque
763 2810 943 2888 peragunt,
955 2811 994 2866 ut
1005 2821 1126 2866 nomen
1136 2799 1195 2866 Dei

149 2908 410 3000 blasphemetur,
423 2929 460 2974 ac
473 2905 630 2997 pernicies
642 2918 719 2972 sunt
731 2918 764 2973 et
777 2904 867 2974 urbis
879 2918 913 2974 et
929 2905 1015 2975 orbis
1031 2902 1193 2996 universi,

149 3016 188 3085 hi
205 3015 284 3084 verb
308 3012 549 3082 adaemonihus
569 3011 741 3102 exagitati,
759 3013 966 3082 miseratione
988 3028 1021 3083 et
1042 3013 1197 3104 lacrymis

153 3123 246 3214 digni
261 3135 350 3193 sunt.
377 3123 420 3190 Hi
439 3123 527 3190 certe
546 3121 616 3190 sine
636 3119 706 3190 ullo
731 3144 828 3190 sensu
849 3121 954 3190 multa
979 3121 1105 3193 faciunt
1124 3153 1132 3192 :
1149 3121 1198 3192 illi

153 3231 281 3301 ratione
293 3227 423 3324 praediti
439 3231 638 3322 impingunt,
655 3229 690 3298 in
705 3229 820 3298 mediis
836 3229 975 3300 urbibus
991 3231 1199 3302 debacchan-

155 3353 224 3425 tes,
242 3353 275 3407 et
290 3361 377 3408 novo
394 3335 539 3430 quodam
561 3335 673 3406 furore
688 3336 841 3427 correpti.
861 3337 946 3418 Quid
964 3339 1052 3407 euim
1068 3339 1132 3408 tale
1147 3338 1199 3408 fa-

157 3447 250 3516 ciunt
262 3445 454 3516 daemoniaci
470 3467 595 3529 omnes,
609 3439 707 3535 quale
719 3465 816 3511 ausus
831 3456 880 3510 est
895 3441 1009 3528 ludas,
1021 3459 1199 3514 extremam

158 3565 327 3646 aggressus
341 3552 572 3646 iniquitatem?
587 3550 684 3620 Certe
700 3550 883 3642 omnesqui
898 3549 993 3619 illum
1007 3551 1197 3639 imitantur,

159 3675 236 3730 sunt
255 3660 348 3754 quasi
371 3659 450 3728 ferae
469 3658 628 3725 immanes
650 3679 688 3724 cx
700 3656 885 3725 carceribus
897 3656 1014 3750 elapsae
1030 3688 1037 3727 :
1054 3659 1199 3728 civitates

159 3767 366 3860 perturbant,
377 3765 507 3833 nemine
519 3763 707 3832 cohibente.
722 3763 764 3830 lli
781 3776 890 3832 tamen
903 3764 1042 3834 vinculis
1052 3763 1200 3859 undique

161 3876 441 3964 constringuntur,
456 3869 564 3964 qualia
576 3885 665 3957 sunt,
678 3870 829 3964 judicum
847 3885 963 3960 terror,
981 3870 1092 3965 legum
1108 3895 1200 3944 com-

198 4015 206 4040 ¹
222 4003 308 4056 Matth.
323 4019 358 4067 vr,
373 3999 415 4066 ad,
429 3969 522 4051 etbbo.
537 4015 587 4067 111,
601 4001 640 4051 13.
1075 4007 1081 4014 ·
