2992 4590
207 433 309 481 canor
333 439 609 482 v1.nuurrnouo
632 440 668 483 ιιι
690 441 897 486 conmortuus
920 438 1086 488 tnarrrrt.
1113 430 1177 516 209
1266 404 1269 412 ¹

140 534 242 624 ignita
262 535 384 610 diaboli
395 536 521 631 jacula,
538 541 616 608 ntm
634 528 850 609 vitael'ontem
866 539 1062 613 invenimus.
1080 548 1183 638 Prop-

139 652 191 708 ter
206 641 292 710 hanc
312 665 380 712 non
398 665 511 712 sumus
526 643 562 710 in
580 641 742 713 viduitate
763 672 772 715 ι
788 667 943 736 sponsum
958 648 1046 718 euim
1059 651 1182 744 recepi·

140 769 225 815 mus.
255 753 392 840 Propter
410 749 498 818 hanc
515 770 585 816 non
604 747 758 816 timemus
780 749 920 841 amplius
943 751 1081 846 lupum,
1102 758 1181 826 nlm

140 851 267 921 honum
282 868 446 944 pastorem
462 853 665 944 agnovimus.
678 857 815 946 Propter
832 855 918 924 hanc
930 881 998 926 non
1010 858 1181 932 horremus

138 958 280 1052 amplius
303 973 502 1049 tyrannum,
526 957 570 1027 ad
591 982 702 1050 regem
723 961 811 1030 enim
838 963 1051 1032 accurrimus.
1082 965 1182 1036 Vides

139 1077 341 1156 quantorum
364 1065 531 1134 bonorum
554 1067 642 1134 Crux
663 1065 704 1138 sit
729 1065 823 1136 uobis
843 1071 961 1138 causat
981 1069 1057 1162 jure
1083 1070 1183 1161 igitur

139 1169 229 1240 diem
242 1171 364 1242 festum
382 1173 508 1262 agimus
521 1173 544 1239 ¹.
564 1199 579 1235 r

184 1283 250 1348 Ill.
275 1279 333 1348 Vis
354 1287 465 1347 autem
487 1299 678 1368 cognoscere
699 1277 868 1372 quomodo
887 1302 927 1347 ex
949 1277 1099 1352 locorum
1119 1285 1183 1354 cir-

139 1385 347 1454 cumstantiis
365 1408 546 1454 sermonem
558 1383 783 1476 aggrediatur,
797 1385 899 1456 habes
911 1388 999 1479 apud
1015 1389 1181 1478 eumdem,

140 1493 220 1561 crim
246 1491 344 1560 etiam
363 1491 405 1560 de
420 1494 524 1560 Cruce
548 1489 706 1582 loquens,
731 1489 901 1560 exordium
923 1491 1059 1565 deducit
1082 1519 1121 1565 ex
1144 1520 1183 1568 eo

140 1597 233 1692 quod
250 1601 338 1670 extra
351 1599 466 1667 urbem
482 1599 597 1667 concio
613 1598 792 1668 haberetur
810 1627 818 1669 ε
863 1623 864 1632 ’
893 1590 902 1608 '

188 1735 204 1770 a
232 1705 336 1798 Saepe,
356 1704 481 1797 inquit,
499 1703 589 1796 apud
605 1705 752 1774 animum
764 1727 875 1773 meum
891 1701 1075 1797 disquisivi,
1092 1711 1185 1804 cujus

138 1813 243 1905 gratid
255 1813 392 1905 majores
403 1811 518 1898 nostri,
537 1811 656 1881 relictis
666 1811 805 1912 aedibus,
822 1834 903 1904 quas
919 1811 953 1880 in
969 1813 1109 1885 urbibus
1120 1817 1182 1886 ha·

138 1918 232 2004 bent,
248 1916 319 2007 lege
330 1917 404 1985 latai.
413 1917 598 2004 statuerint,
611 1930 648 1985 ut
662 1920 752 1986 extri
762 1916 926 1986 civitatem
934 1917 1047 2014 laodic,
1066 1935 1099 1990 et
1111 1923 1184 2014 qui·

138 2024 216 2094 dem
244 2024 280 2092 in
310 2024 375 2092 hoc
401 2023 475 2093 loco
501 2023 536 2092 in
561 2023 755 2093 concionem
778 2025 1040 2096 conveniremus.
1069 2031 1184 2122 Neque

139 2135 228 2203 enim
249 2134 319 2202 sine
337 2131 446 2216 caesa,
463 2153 573 2226 neque
591 2132 715 2202 temere
729 2129 765 2199 id
783 2129 897 2201 fecisse
912 2129 1077 2204 videntur.
1092 2139 1185 2219 Quo-

140 2239 226 2308 circ'a
242 2252 276 2306 et
292 2259 422 2306 causam
437 2236 602 2326 indagavi,
614 2249 648 2306 et
661 2258 737 2309 cum
750 2236 809 2305 Dei
825 2237 928 2328 gratid
943 2237 1053 2308 inveni
1063 2241 1185 2333 justam

141 2369 207 2416 esse
222 2359 257 2416 et
281 2344 400 2414 rationi
414 2357 688 2429 consentaneam,
712 2344 931 2436 praesentique
950 2344 1035 2415 sesto
1056 2371 1187 2440 compe·
1280 2411 1286 2422 .

142 2465 278 2522 tentem.
300 2458 379 2536 Quae
400 2452 501 2542 igitur
516 2473 614 2520 causa
634 2452 702 2520 est?
717 2449 822 2518 crucis
839 2449 1031 2520 memoriam
1047 2453 1182 2542 agimus.

141 2563 184 2629 At
199 2559 376 2628 cruxifixus
392 2558 481 2626 extra
501 2557 666 2626 civitatem
682 2556 772 2625 cruci
788 2556 903 2626 allixus
922 2569 971 2626 est
982 2588 1002 2650 3,
1012 2563 1184 2652 proptereat

142 2667 230 2736 extra
251 2665 419 2736 civitatem
434 2687 494 2734 nos
509 2663 623 2732 eduxit
635 2667 661 2730 ².
684 2689 699 2728 r
1259 2656 1262 2670 ”

183 2777 229 2842 Et
244 2771 287 2841 de
302 2770 499 2842 Ascensione
511 2768 643 2838 Domini
652 2788 748 2856 agens
763 2795 770 2836 :

186 2907 203 2945 e
228 2878 355 2961 Etiam,
382 2874 611 2968 inqiut„cirm
635 2872 738 2942 crucis
755 2871 949 2962 memoriani
974 2871 1183 2961 recoluimus,

142 2985 230 3054 extra
255 2983 372 3050 urbem
395 2982 465 3074 ejus
485 2978 724 3050 solemnitatem
748 2976 987 3048 celebravimus
1011 3007 1018 3048 ε
1043 2992 1076 3050 et
1094 3003 1185 3051 nunc

142 3089 276 3186 quando
291 3087 437 3158 crucifixi
452 3087 684 3158 Ascensionem
696 3085 839 3176 agimus,
858 3082 1018 3154 illustrem
1032 3087 1122 3158 hunc
1133 3085 1185 3160 at'-

143 3222 206 3292 que
221 3196 442 3288 refulgentem
457 3193 545 3263 diem
566 3195 656 3262 extra
673 3191 839 3261 'civitatem
856 3191 965 3260 rurslrs
979 3185 1102 3263 festum
1121 3219 1182 3288 pe·

143 3306 285 3397 regimus
301 3306 326 3371 ³.
345 3331 362 3368 r>
434 3343 437 3350 ·

186 3415 245 3482 lV.
272 3407 371 3493 Quod
391 3409 469 3478 vero
494 3407 535 3476 ad
557 3426 666 3473 rerum
688 3403 943 3472 circumstantias
965 3404 1097 3488 attinet,
1124 3406 1185 3476 ali-

145 3518 277 3611 quandd
293 3541 331 3586 ex
346 3538 467 3606 magno
486 3508 632 3604 quodam
653 3508 841 3602 recentique
856 3521 993 3594 eventu,
1010 3511 1128 3603 saepius
1144 3537 1184 3583 ex

147 3626 180 3694 iis
200 3649 276 3719 quae
298 3620 497 3716 praecedenti
516 3617 662 3712 oratione
683 3613 813 3684 fuerant
836 3627 1047 3707 pertractata,
1072 3620 1184 3711 saepis-
1262 3661 1266 3666 ·

182 3775 221 3821 ¹S.
237 3771 321 3835 Chrys.
336 3765 423 3818 llomil.
438 3781 454 3815 ιι
466 3746 497 3815 de
508 3765 586 3815 Crnce
601 3768 627 3812 et
639 3763 735 3810 Latron.
752 3777 778 3815 ιι,
790 3778 846 3811 ι.-
861 3769 871 3796 ¹
886 3761 920 3810 ld.
933 3759 1019 3811 Homil.
1038 3761 1069 3811 de
1081 3765 1182 3817 namet.

148 3860 171 3902 cl
183 3859 265 3906 Cruce.
286 3871 309 3902 ιι.
332 3869 387 3901 ι.-
402 3846 412 3884 ³
427 3848 461 3898 ld.
479 3847 564 3896 llomil.
579 3845 603 3893 in
618 3848 676 3896 Asc.
692 3847 761 3896 llum.
781 3861 804 3893 n.
824 3859 846 3892 ι.

305 3967 338 4012 ιι.
1026 3944 1063 4004 tr
