2930 4582
205 496 306 542 cletta
329 501 373 544 V1.
393 501 434 544 DE
451 502 608 546 ΜΕΤΗΟΒΟ
631 504 666 546 ΙΝ
690 505 897 547 concremans
922 501 1088 548 tutatum.
1115 488 1178 548 213

138 611 214 684 set,
231 599 317 670 intra
339 603 441 694 ipsam
463 601 704 672 ordinationem
728 601 769 670 ad
793 617 941 694 patrem,
972 618 1006 673 et
1025 603 1179 674 Basilium

136 709 451 796 magnumhabuit:
1164 731 1166 739 '
1201 775 1206 784 .

183 839 199 878 «
223 813 323 901 Nihil,
341 815 470 908 inquit,
488 827 656 884 senectute
671 814 806 901 fortius,
823 813 907 883 nihil
921 815 1062 885 amicitia
1077 839 1180 887 vene-

137 918 281 988 rabilius.
306 920 358 989 nb
379 921 429 990 his
457 944 518 1012 ego
540 918 582 990 ad
610 931 668 990 vos
694 919 813 990 ductus
838 921 928 1006 sum,
962 919 1005 992 V
1002 923 1118 991 inatus
1143 922 1180 992 in

141 1023 321 1114 Chrr'sto1,
340 1051 408 1097 non
428 1028 550 1096 catenis
567 1025 695 1114 ferreis,
724 1027 782 1097 sed
808 1027 1020 1096 tenacissimis
1042 1028 1181 1121 Spiritus

135 1113 274 1202 viriculis
305 1133 512 1202 constrictus.
542 1132 705 1226 Equidem
729 1133 798 1226 ipse
821 1131 903 1202 mihi
928 1134 1025 1202 antea
1057 1133 1182 1204 invicto

134 1240 281 1331 quodam
300 1239 401 1308 animi
412 1241 529 1310 robore
541 1239 666 1334 pollere
679 1239 835 1327 videbar,
853 1253 964 1334 atque,
983 1241 1003 1310 6
1019 1239 1182 1310 stolidita-

134 1348 221 1414 tem!
240 1371 283 1414 ne
301 1347 353 1414 his
373 1345 505 1440 quidem
525 1349 604 1416 meis
625 1348 851 1418 amantissimis
870 1372 907 1417 ac
926 1347 1083 1417 fratribus
1110 1369 1180 1417 ser·

134 1474 251 1540 mones
272 1453 437 1544 impertire
453 1452 670 1540 sustinebam,
690 1455 806 1546 utpote
824 1454 882 1547 qui
903 1453 1090 1524 volentibus
1107 1476 1181 1523 om·

135 1558 191 1626 nia
211 1557 427 1652 reliquissem,
451 1573 490 1628 ut
510 1559 551 1628 ab
572 1559 663 1629 omni
684 1558 818 1652 negotio
841 1557 976 1630 feriatus
1001 1555 1180 1652 tranquille

135 1663 394 1756 philosophaster,
409 1687 605 1759 mecumque
617 1667 685 1759 ipse
698 1679 731 1734 et
746 1689 823 1735 cum
836 1665 958 1760 Spiritu
974 1663 1178 1759 colloquium

132 1771 301 1840 haberem.
324 1771 426 1842 Heliae
441 1772 628 1843 Carmelum
651 1773 762 1847 animo
783 1773 967 1864 agitabam,
988 1786 1022 1842 et
1041 1771 1179 1843 loannis

133 1875 313 1964 desertum,
330 1893 364 1949 et
379 1879 546 1951 coelestem
561 1903 687 1967 eorum,
703 1881 761 1974 qui
775 1879 839 1951 hoc
849 1879 1065 1974 philosophiae
1077 1901 1180 1970 genus

133 1984 347 2076 profitentur,
364 1985 497 2056 vivendi
509 1987 670 2056 rationem
684 2015 692 2057 ι
708 1999 808 2080 atque
818 2010 868 2057 res
883 1999 1079 2080 praesentes,
1093 1999 1180 2056 tem-

132 2091 264 2182 pestatis
280 2092 392 2176 instar,
411 2092 650 2178 existimabam,
671 2115 708 2190 ac
728 2115 844 2184 rupem
860 2092 1005 2186 aliquam
1024 2105 1082 2162 aut
1093 2115 1179 2186 prae·

133 2211 270 2290 ruptum
292 2197 469 2292 quemdam
485 2197 616 2284 locum,
640 2212 698 2266 aut
717 2198 872 2288 exiguum
889 2223 1022 2268 murum
1037 2187 1179 2293 conqui-
1278 2293 1282 2297 .

134 2295 263 2390 rebam,
280 2303 529 2396 quibus'obtegi
546 2325 686 2397 possem.
705 2302 871 2389 Aliorum,
885 2304 1097 2398 inquiebam,
1115 2303 1181 2376 sirit
1266 2375 1271 2384 ,

132 2407 262 2480 labores
282 2427 312 2478 et
326 2411 487 2500 honores;
506 2410 645 2480 aliorum
662 2408 749 2479 bella
764 2423 797 2480 et
809 2409 925 2503 palmae
947 2441 955 2480 ι
972 2411 1052 2479 mihi
1068 2423 1179 2479 autem

111 2515 196 2584 =hoc
211 2515 372 2603 sufficiat,
393 2530 432 2586 ut
448 2515 535 2585 bella
551 2515 698 2608 fugiens,
713 2530 812 2610 atque
833 2516 945 2587 oeulos
967 2517 1003 2586 in
1017 2517 1179 2609 meipsum

133 2623 322 2716 conjiciens,
338 2623 383 2692 sic
395 2625 508 2710 vitam,
523 2638 561 2694 ut
570 2639 698 2717 potero,
713 2625 993 2713 instituam,velut
1003 2626 1097 2694 tenui
1110 2638 1179 2694 rate
1271 2689 1273 2696 .

132 2751 270 2822 parvum
297 2728 467 2822 quoddam
497 2729 629 2820 pelagus
652 2732 843 2822 trajiciens,
862 2755 899 2798 ac
918 2754 977 2822 per
992 2731 1126 2822 inopem
1147 2744 1180 2800 et

133 2837 282 2928 exiguam
299 2836 376 2911 vitae
393 2835 597 2904 functionem
609 2887 618 2921 ,
632 2858 766 2927 parvam
777 2837 811 2904 in
827 2835 929 2904 altero
945 2858 1015 2904 aevo
1037 2837 1181 2906 mansio-

133 2965 210 3011 nem
236 2942 318 3016 mihi
338 2948 571 3034 comparans...
591 2945 670 3010 Haec
685 2941 754 3034 ipse
769 2963 919 3026 mecum,
938 2932 1087 3032 quandiu
1105 2963 1181 3009 um-

132 3048 207 3119 bras
221 3034 330 3118 adhuc
342 3063 375 3117 et
390 3048 552 3118 insomnia
568 3048 719 3140 pingere,
740 3061 838 3142 atque
854 3048 1004 3118 inanibus
1016 3048 1181 3140 figmentis

134 3157 281 3226 animum
297 3178 428 3248 pascere
448 3155 581 3224 licebat.
604 3154 691 3238 Quid
710 3168 821 3223 autern
837 3158 947 3225 nunc?
963 3155 1115 3225 Amicitia
1128 3177 1182 3224 me

126 3263 279 3354 subegit,
297 3262 399 3354 patris
410 3263 544 3332 canities
556 3284 610 3332 me
622 3259 769 3331 subdidit
781 3266 806 3330 2.
824 3291 838 3326 a

179 3372 231 3438 Ita
262 3369 384 3461 pariter
408 3381 540 3438 sanetus
573 3352 832 3458 chrysostomus
854 3365 897 3436 de
925 3366 1030 3461 seipso
1053 3367 1183 3438 locutus

136 3473 320 3561 exorditur,
339 3473 452 3544 cinna
472 3473 588 3544 morbo
604 3461 782 3558 liberatus,
800 3471 968 3565 pulpitum
986 3474 1099 3544 rursus
1117 3496 1184 3543 ser-

135 3605 270 3654 monem
284 3581 458 3652 habiturus
475 3581 684 3652 ascendebat.

182 3719 198 3755 n
211 3689 310 3772 Num,
322 3711 446 3780 quaese,
465 3710 625 3756 memores
638 3687 742 3755 nostri
754 3675 880 3771 fuistis,
896 3687 1022 3780 quanto
1033 3701 1183 3782 tempore

138 3793 260 3863 bvobis
276 3791 442 3860 abfuimus
452 3795 466 3860 l
478 3795 562 3863 Nam
573 3793 643 3884 ipse
655 3791 790 3884 quidem
806 3792 905 3861 vestrl
919 3786 1082 3887 nusquam
1098 3793 1187 3864 obli-

139 3900 217 3970 visci
232 3900 340 3992 potui,
359 3896 416 3966 sed
440 3897 555 3967 urbem
581 3896 770 3981 dimittens,
788 3899 978 3987 memoriam
999 3901 1097 3970 vestrl
1120 3925 1185 3971 nun

177 4037 182 4061 ¹
198 4025 277 4093 Eplres
299 4041 335 4089 rr,
349 4026 373 4075 5.
389 4051 419 4060 —-
437 4028 481 4075 ’Se
495 4029 565 4090 Greg.
580 4025 662 4078 Theol.
678 4030 743 4077 Orat.
760 4042 785 4092 x,
797 4045 820 4076 n.
841 4046 861 4078 r.
