<?xml version="1.0" encoding="UTF-8"?>
<!DOCTYPE html PUBLIC "-//W3C//DTD XHTML 1.0 Transitional//EN"
    "http://www.w3.org/TR/xhtml1/DTD/xhtml1-transitional.dtd">
<html xmlns="http://www.w3.org/1999/xhtml" xml:lang="en" lang="en">
 <head>
  <title>
</title>
<meta http-equiv="Content-Type" content="text/html;charset=utf-8" />
  <meta name='ocr-system' content='tesseract 3.04.00' />
  <meta name='ocr-capabilities' content='ocr_page ocr_carea ocr_par ocr_line ocrx_word'/>
</head>
<body>
  <div class='ocr_page' id='page_1' title='image "./rhetoricasancto00cailgoog_0287.png"; bbox 0 0 2930 4582; ppageno 0'>
   <div class='ocr_carea' id='block_1_1' title="bbox 276 357 1155 474">
    <p class='ocr_par' dir='ltr' id='par_1_1' title="bbox 276 357 1155 474">
     <span class='ocr_line' id='line_1_1' title="bbox 276 357 1155 474; baseline -0.007 -24"><span class='ocrx_word' id='word_1_1' title='bbox 276 387 339 450; x_wconf 75' lang='lat'><strong>288</strong></span> <span class='ocrx_word' id='word_1_2' title='bbox 423 395 601 448; x_wconf 80' lang='lat' dir='ltr'><strong>nnnroarot</strong></span> <span class='ocrx_word' id='word_1_3' title='bbox 624 397 650 446; x_wconf 89' lang='lat' dir='ltr'><strong>s.</strong></span> <span class='ocrx_word' id='word_1_4' title='bbox 676 395 828 464; x_wconf 68' lang='lat' dir='ltr'><strong>cinnum,</strong></span> <span class='ocrx_word' id='word_1_5' title='bbox 851 393 928 448; x_wconf 70' lang='lat' dir='ltr'><strong>rins</strong></span> <span class='ocrx_word' id='word_1_6' title='bbox 951 403 997 463; x_wconf 86' lang='lat'><strong>11,</strong></span> <span class='ocrx_word' id='word_1_7' title='bbox 1020 397 1112 474; x_wconf 84' lang='lat' dir='ltr'><strong>suen.¹</strong></span> <span class='ocrx_word' id='word_1_8' title='bbox 1129 357 1155 444; x_wconf 57' lang='grc' dir='ltr'><strong>ιζ</strong></span> 
     </span>
    </p>
   </div>
   <div class='ocr_carea' id='block_1_2' title="bbox 176 499 1341 3833">
    <p class='ocr_par' dir='ltr' id='par_1_2' title="bbox 176 499 1341 2320">
     <span class='ocr_line' id='line_1_2' title="bbox 275 499 1319 593; baseline -0.001 -22"><span class='ocrx_word' id='word_1_9' title='bbox 275 501 420 588; x_wconf 89' lang='lat' dir='ltr'><strong>dabant,</strong></span> <span class='ocrx_word' id='word_1_10' title='bbox 438 523 569 572; x_wconf 85' lang='lat' dir='ltr'><strong>coronae</strong></span> <span class='ocrx_word' id='word_1_11' title='bbox 591 499 797 592; x_wconf 62' lang='lat' dir='ltr'><strong>dederunt„</strong></span> <span class='ocrx_word' id='word_1_12' title='bbox 813 501 905 570; x_wconf 85' lang='lat' dir='ltr'><strong>Vidit</strong></span> <span class='ocrx_word' id='word_1_13' title='bbox 928 500 1092 571; x_wconf 89' lang='lat' dir='ltr'><strong>admirans</strong></span> <span class='ocrx_word' id='word_1_14' title='bbox 1107 499 1319 593; x_wconf 87' lang='lat' dir='ltr'><strong>praesentium</strong></span> 
     </span>
     <span class='ocr_line' id='line_1_3' title="bbox 273 607 1329 707; baseline -0.003 -26"><span class='ocrx_word' id='word_1_15' title='bbox 273 609 455 681; x_wconf 90' lang='lat' dir='ltr'><strong>multitudo</strong></span> <span class='ocrx_word' id='word_1_16' title='bbox 467 609 601 680; x_wconf 85' lang='lat' dir='ltr'><strong>eoeleste</strong></span> <span class='ocrx_word' id='word_1_17' title='bbox 618 623 800 698; x_wconf 89' lang='lat' dir='ltr'><strong>certamen,</strong></span> <span class='ocrx_word' id='word_1_18' title='bbox 815 624 981 680; x_wconf 84' lang='lat' dir='ltr'><strong>certamen</strong></span> <span class='ocrx_word' id='word_1_19' title='bbox 997 609 1067 697; x_wconf 90' lang='lat' dir='ltr'><strong>Dei,</strong></span> <span class='ocrx_word' id='word_1_20' title='bbox 1087 607 1231 704; x_wconf 91' lang='lat' dir='ltr'><strong>spiritale</strong></span> <span class='ocrx_word' id='word_1_21' title='bbox 1247 632 1329 707; x_wconf 79' lang='lat' dir='ltr'><strong>cer-¹</strong></span> 
     </span>
     <span class='ocr_line' id='line_1_4' title="bbox 273 715 1341 817; baseline -0.002 -30"><span class='ocrx_word' id='word_1_22' title='bbox 273 732 400 805; x_wconf 87' lang='lat' dir='ltr'><strong>tamen,</strong></span> <span class='ocrx_word' id='word_1_23' title='bbox 417 718 570 812; x_wconf 87' lang='lat' dir='ltr'><strong>praelium</strong></span> <span class='ocrx_word' id='word_1_24' title='bbox 586 715 724 808; x_wconf 79' lang='lat' dir='ltr'><strong>Christi3</strong></span> <span class='ocrx_word' id='word_1_25' title='bbox 742 718 867 788; x_wconf 79' lang='lat' dir='ltr'><strong>stetisse</strong></span> <span class='ocrx_word' id='word_1_26' title='bbox 886 742 993 788; x_wconf 88' lang='lat' dir='ltr'><strong>servos</strong></span> <span class='ocrx_word' id='word_1_27' title='bbox 1010 720 1080 812; x_wconf 90' lang='lat' dir='ltr'><strong>ejus</strong></span> <span class='ocrx_word' id='word_1_28' title='bbox 1096 741 1177 789; x_wconf 89' lang='lat' dir='ltr'><strong>voce</strong></span> <span class='ocrx_word' id='word_1_29' title='bbox 1198 715 1317 804; x_wconf 77' lang='lat' dir='ltr'><strong>liberal,</strong></span> <span class='ocrx_word' id='word_1_30' title='bbox 1339 811 1341 817; x_wconf 15' lang='lat' dir='ltr'><em>A</em></span> 
     </span>
     <span class='ocr_line' id='line_1_5' title="bbox 272 823 1318 923; baseline -0.002 -27"><span class='ocrx_word' id='word_1_31' title='bbox 272 841 384 896; x_wconf 88' lang='lat' dir='ltr'><strong>mente</strong></span> <span class='ocrx_word' id='word_1_32' title='bbox 401 826 607 923; x_wconf 65' lang='lat' dir='ltr'><strong>incorrupti,</strong></span> <span class='ocrx_word' id='word_1_33' title='bbox 624 827 746 896; x_wconf 89' lang='lat' dir='ltr'><strong>virtute</strong></span> <span class='ocrx_word' id='word_1_34' title='bbox 762 823 885 914; x_wconf 70' lang='lat' dir='ltr'><strong>divinat,</strong></span> <span class='ocrx_word' id='word_1_35' title='bbox 903 824 976 898; x_wconf 88' lang='lat' dir='ltr'><strong>telis</strong></span> <span class='ocrx_word' id='word_1_36' title='bbox 996 825 1130 920; x_wconf 90' lang='lat' dir='ltr'><strong>quidem</strong></span> <span class='ocrx_word' id='word_1_37' title='bbox 1152 825 1318 896; x_wconf 85' lang='lat' dir='ltr'><strong>saeculari-</strong></span> 
     </span>
     <span class='ocr_line' id='line_1_6' title="bbox 272 931 1319 1020; baseline 0.002 -18"><span class='ocrx_word' id='word_1_38' title='bbox 272 932 336 1004; x_wconf 86' lang='lat' dir='ltr'><strong>bus</strong></span> <span class='ocrx_word' id='word_1_39' title='bbox 355 932 474 1020; x_wconf 90' lang='lat' dir='ltr'><strong>nudos,</strong></span> <span class='ocrx_word' id='word_1_40' title='bbox 492 933 550 1004; x_wconf 90' lang='lat' dir='ltr'><strong>sed</strong></span> <span class='ocrx_word' id='word_1_41' title='bbox 575 933 672 1002; x_wconf 90' lang='lat' dir='ltr'><strong>armis</strong></span> <span class='ocrx_word' id='word_1_42' title='bbox 688 933 766 1019; x_wconf 85' lang='lat' dir='ltr'><strong>fidei</strong></span> <span class='ocrx_word' id='word_1_43' title='bbox 782 931 951 1011; x_wconf 89' lang='lat' dir='ltr'><strong>credentes</strong></span> <span class='ocrx_word' id='word_1_44' title='bbox 975 948 1128 1006; x_wconf 88' lang='lat' dir='ltr'><strong>armatos.</strong></span> <span class='ocrx_word' id='word_1_45' title='bbox 1150 933 1319 1004; x_wconf 74' lang='lat' dir='ltr'><strong>Steterunt</strong></span> 
     </span>
     <span class='ocr_line' id='line_1_7' title="bbox 272 1039 1319 1136; baseline -0.003 -23"><span class='ocrx_word' id='word_1_46' title='bbox 272 1043 351 1113; x_wconf 91' lang='lat' dir='ltr'><strong>torti</strong></span> <span class='ocrx_word' id='word_1_47' title='bbox 366 1042 597 1136; x_wconf 80' lang='lat' dir='ltr'><strong>torquentibus</strong></span> <span class='ocrx_word' id='word_1_48' title='bbox 613 1040 783 1132; x_wconf 78' lang='lat' dir='ltr'><strong>fortiores3</strong></span> <span class='ocrx_word' id='word_1_49' title='bbox 801 1056 834 1112; x_wconf 88' lang='lat' dir='ltr'><strong>et</strong></span> <span class='ocrx_word' id='word_1_50' title='bbox 849 1039 1015 1136; x_wconf 85' lang='lat' dir='ltr'><strong>pulsantes</strong></span> <span class='ocrx_word' id='word_1_51' title='bbox 1031 1067 1068 1114; x_wconf 86' lang='lat' dir='ltr'><strong>ac</strong></span> <span class='ocrx_word' id='word_1_52' title='bbox 1083 1041 1246 1112; x_wconf 88' lang='lat' dir='ltr'><strong>laniantes</strong></span> <span class='ocrx_word' id='word_1_53' title='bbox 1261 1065 1319 1111; x_wconf 90' lang='lat' dir='ltr'><strong>un·</strong></span> 
     </span>
     <span class='ocr_line' id='line_1_8' title="bbox 274 1136 1318 1244; baseline 0 -26"><span class='ocrx_word' id='word_1_54' title='bbox 274 1149 366 1242; x_wconf 86' lang='lat' dir='ltr'><strong>gulas</strong></span> <span class='ocrx_word' id='word_1_55' title='bbox 392 1144 521 1244; x_wconf 86' lang='lat' dir='ltr'><strong>pulsata</strong></span> <span class='ocrx_word' id='word_1_56' title='bbox 551 1172 588 1218; x_wconf 91' lang='lat' dir='ltr'><strong>ac</strong></span> <span class='ocrx_word' id='word_1_57' title='bbox 611 1139 732 1218; x_wconf 89' lang='lat' dir='ltr'><strong>laniata</strong></span> <span class='ocrx_word' id='word_1_58' title='bbox 753 1149 901 1219; x_wconf 91' lang='lat' dir='ltr'><strong>membra</strong></span> <span class='ocrx_word' id='word_1_59' title='bbox 921 1151 1083 1220; x_wconf 69' lang='lat' dir='ltr'><strong>vicerunt.</strong></span> <span class='ocrx_word' id='word_1_60' title='bbox 1108 1136 1318 1242; x_wconf 84' lang='lat' dir='ltr'><strong>Inexpugna-</strong></span> 
     </span>
     <span class='ocr_line' id='line_1_9' title="bbox 273 1257 1319 1352; baseline -0.001 -26"><span class='ocrx_word' id='word_1_61' title='bbox 273 1257 373 1326; x_wconf 88' lang='lat' dir='ltr'><strong>bilem</strong></span> <span class='ocrx_word' id='word_1_62' title='bbox 395 1257 496 1327; x_wconf 88' lang='lat' dir='ltr'><strong>fidem</strong></span> <span class='ocrx_word' id='word_1_63' title='bbox 521 1281 674 1351; x_wconf 88' lang='lat' dir='ltr'><strong>superare</strong></span> <span class='ocrx_word' id='word_1_64' title='bbox 697 1281 766 1328; x_wconf 90' lang='lat' dir='ltr'><strong>non</strong></span> <span class='ocrx_word' id='word_1_65' title='bbox 780 1259 890 1352; x_wconf 89' lang='lat' dir='ltr'><strong>potuit</strong></span> <span class='ocrx_word' id='word_1_66' title='bbox 906 1260 1043 1332; x_wconf 86' lang='lat' dir='ltr'><strong>saeviens</strong></span> <span class='ocrx_word' id='word_1_67' title='bbox 1060 1257 1118 1328; x_wconf 81' lang='lat' dir='ltr'><strong>diri</strong></span> <span class='ocrx_word' id='word_1_68' title='bbox 1142 1258 1241 1350; x_wconf 86' lang='lat' dir='ltr'>plaga</span> <span class='ocrx_word' id='word_1_69' title='bbox 1269 1281 1319 1326; x_wconf 88' lang='lat' dir='ltr'><strong>re-</strong></span> 
     </span>
     <span class='ocr_line' id='line_1_10' title="bbox 272 1353 1318 1462; baseline 0 -26"><span class='ocrx_word' id='word_1_70' title='bbox 272 1367 395 1461; x_wconf 90' lang='lat' dir='ltr'><strong>petita,</strong></span> <span class='ocrx_word' id='word_1_71' title='bbox 410 1353 579 1459; x_wconf 85' lang='lat' dir='ltr'><strong>quamvis,</strong></span> <span class='ocrx_word' id='word_1_72' title='bbox 595 1367 693 1459; x_wconf 63' lang='lat' dir='ltr'><strong>rupti</strong></span> <span class='ocrx_word' id='word_1_73' title='bbox 714 1391 873 1460; x_wconf 85' lang='lat' dir='ltr'><strong>compage</strong></span> <span class='ocrx_word' id='word_1_74' title='bbox 892 1369 1069 1454; x_wconf 67' lang='lat' dir='ltr'><strong>risendim,</strong></span> <span class='ocrx_word' id='word_1_75' title='bbox 1085 1380 1318 1462; x_wconf 85' lang='lat' dir='ltr'><strong>torquerentur</strong></span> 
     </span>
     <span class='ocr_line' id='line_1_11' title="bbox 272 1473 1318 1568; baseline -0.001 -25"><span class='ocrx_word' id='word_1_76' title='bbox 272 1474 307 1543; x_wconf 90' lang='lat' dir='ltr'><strong>in</strong></span> <span class='ocrx_word' id='word_1_77' title='bbox 332 1475 431 1544; x_wconf 89' lang='lat' dir='ltr'><strong>servis</strong></span> <span class='ocrx_word' id='word_1_78' title='bbox 457 1473 515 1544; x_wconf 92' lang='lat' dir='ltr'><strong>Dei</strong></span> <span class='ocrx_word' id='word_1_79' title='bbox 536 1477 605 1568; x_wconf 78' lang='lat' dir='ltr'><strong>jbm</strong></span> <span class='ocrx_word' id='word_1_80' title='bbox 621 1499 689 1544; x_wconf 91' lang='lat' dir='ltr'><strong>non</strong></span> <span class='ocrx_word' id='word_1_81' title='bbox 704 1477 873 1560; x_wconf 85' lang='lat' dir='ltr'><strong>membra,</strong></span> <span class='ocrx_word' id='word_1_82' title='bbox 898 1476 956 1544; x_wconf 90' lang='lat' dir='ltr'><strong>sed</strong></span> <span class='ocrx_word' id='word_1_83' title='bbox 973 1475 1150 1544; x_wconf 83' lang='lat' dir='ltr'><strong>vulnera...</strong></span> <span class='ocrx_word' id='word_1_84' title='bbox 1173 1476 1202 1542; x_wconf 92' lang='grc' dir='ltr'>Ο</span> <span class='ocrx_word' id='word_1_85' title='bbox 1223 1473 1318 1566; x_wconf 88' lang='lat' dir='ltr'><strong>quale</strong></span> 
     </span>
     <span class='ocr_line' id='line_1_12' title="bbox 272 1579 1318 1676; baseline 0 -26"><span class='ocrx_word' id='word_1_86' title='bbox 272 1580 358 1650; x_wconf 92' lang='lat' dir='ltr'><strong>illud</strong></span> <span class='ocrx_word' id='word_1_87' title='bbox 375 1579 439 1652; x_wconf 84' lang='lat' dir='ltr'><strong>fuit</strong></span> <span class='ocrx_word' id='word_1_88' title='bbox 468 1579 692 1674; x_wconf 81' lang='lat' dir='ltr'><strong>spectaculum</strong></span> <span class='ocrx_word' id='word_1_89' title='bbox 718 1583 881 1668; x_wconf 87' lang='lat' dir='ltr'><strong>Domino,</strong></span> <span class='ocrx_word' id='word_1_90' title='bbox 914 1583 1015 1676; x_wconf 69' lang='lat' dir='ltr'><strong>quim</strong></span> <span class='ocrx_word' id='word_1_91' title='bbox 1039 1581 1200 1668; x_wconf 84' lang='lat' dir='ltr'><strong>sublime,</strong></span> <span class='ocrx_word' id='word_1_92' title='bbox 1219 1583 1318 1675; x_wconf 71' lang='lat' dir='ltr'><strong>quim</strong></span> 
     </span>
     <span class='ocr_line' id='line_1_13' title="bbox 273 1689 1318 1784; baseline 0.001 -26"><span class='ocrx_word' id='word_1_93' title='bbox 273 1709 444 1782; x_wconf 89' lang='lat' dir='ltr'><strong>magnum,</strong></span> <span class='ocrx_word' id='word_1_94' title='bbox 462 1691 565 1784; x_wconf 74' lang='lat' dir='ltr'><strong>quam</strong></span> <span class='ocrx_word' id='word_1_95' title='bbox 578 1691 637 1760; x_wconf 89' lang='lat' dir='ltr'><strong>Dei</strong></span> <span class='ocrx_word' id='word_1_96' title='bbox 657 1689 776 1774; x_wconf 90' lang='lat' dir='ltr'><strong>oculis,</strong></span> <span class='ocrx_word' id='word_1_97' title='bbox 791 1705 993 1760; x_wconf 87' lang='lat' dir='ltr'><strong>sacramento</strong></span> <span class='ocrx_word' id='word_1_98' title='bbox 1011 1714 1048 1760; x_wconf 90' lang='lat' dir='ltr'><strong>ac</strong></span> <span class='ocrx_word' id='word_1_99' title='bbox 1063 1689 1242 1759; x_wconf 88' lang='lat' dir='ltr'><strong>devotione</strong></span> <span class='ocrx_word' id='word_1_100' title='bbox 1257 1689 1318 1759; x_wconf 91' lang='lat' dir='ltr'><strong>mi-</strong></span> 
     </span>
     <span class='ocr_line' id='line_1_14' title="bbox 176 1795 1314 1893; baseline 0.002 -27"><span class='ocrx_word' id='word_1_101' title='bbox 176 1845 180 1852; x_wconf 83' lang='lat'>·</span> <span class='ocrx_word' id='word_1_102' title='bbox 273 1797 340 1867; x_wconf 90' lang='lat' dir='ltr'><strong>litis</strong></span> <span class='ocrx_word' id='word_1_103' title='bbox 364 1800 433 1893; x_wconf 88' lang='lat' dir='ltr'><strong>ejus</strong></span> <span class='ocrx_word' id='word_1_104' title='bbox 449 1813 621 1892; x_wconf 91' lang='lat' dir='ltr'><strong>acceptum</strong></span> <span class='ocrx_word' id='word_1_105' title='bbox 639 1798 691 1868; x_wconf 86' lang='lat' dir='ltr'><strong>l...</strong></span> <span class='ocrx_word' id='word_1_106' title='bbox 724 1800 831 1882; x_wconf 74' lang='lat' dir='ltr'><strong>Quim</strong></span> <span class='ocrx_word' id='word_1_107' title='bbox 855 1799 950 1868; x_wconf 91' lang='lat' dir='ltr'><strong>laetus</strong></span> <span class='ocrx_word' id='word_1_108' title='bbox 980 1798 1048 1868; x_wconf 87' lang='lat' dir='ltr'><strong>illic</strong></span> <span class='ocrx_word' id='word_1_109' title='bbox 1064 1798 1214 1869; x_wconf 88' lang='lat' dir='ltr'><strong>Christus</strong></span> <span class='ocrx_word' id='word_1_110' title='bbox 1242 1795 1314 1885; x_wconf 84' lang='lat' dir='ltr'><strong>fuit,</strong></span> 
     </span>
     <span class='ocr_line' id='line_1_15' title="bbox 273 1891 1318 2000; baseline 0.002 -26"><span class='ocrx_word' id='word_1_111' title='bbox 273 1907 374 2000; x_wconf 70' lang='lat' dir='ltr'><strong>quim</strong></span> <span class='ocrx_word' id='word_1_112' title='bbox 383 1891 492 2000; x_wconf 88' lang='lat' dir='ltr'><strong>liberis</strong></span> <span class='ocrx_word' id='word_1_113' title='bbox 504 1907 539 1974; x_wconf 91' lang='lat' dir='ltr'><strong>in</strong></span> <span class='ocrx_word' id='word_1_114' title='bbox 555 1905 676 1998; x_wconf 80' lang='lat' dir='ltr'><strong>talibus</strong></span> <span class='ocrx_word' id='word_1_115' title='bbox 691 1907 790 1976; x_wconf 91' lang='lat' dir='ltr'><strong>servis</strong></span> <span class='ocrx_word' id='word_1_116' title='bbox 804 1906 870 1976; x_wconf 92' lang='lat' dir='ltr'><strong>suis</strong></span> <span class='ocrx_word' id='word_1_117' title='bbox 883 1921 917 1976; x_wconf 89' lang='lat' dir='ltr'><strong>et</strong></span> <span class='ocrx_word' id='word_1_118' title='bbox 933 1907 1092 1998; x_wconf 88' lang='lat' dir='ltr'><strong>pugnavit</strong></span> <span class='ocrx_word' id='word_1_119' title='bbox 1106 1920 1139 1975; x_wconf 93' lang='lat' dir='ltr'><strong>et</strong></span> <span class='ocrx_word' id='word_1_120' title='bbox 1153 1906 1232 1976; x_wconf 90' lang='lat' dir='ltr'><strong>vicit</strong></span> <span class='ocrx_word' id='word_1_121' title='bbox 1245 1903 1318 1999; x_wconf 90' lang='lat' dir='ltr'><strong>pro·</strong></span> 
     </span>
     <span class='ocr_line' id='line_1_16' title="bbox 241 2013 1316 2108; baseline -0.001 -24"><span class='ocrx_word' id='word_1_122' title='bbox 241 2095 244 2101; x_wconf 29' lang='lat'><strong><em>¹</em></strong></span> <span class='ocrx_word' id='word_1_123' title='bbox 273 2028 379 2084; x_wconf 87' lang='lat' dir='ltr'><strong>tector</strong></span> <span class='ocrx_word' id='word_1_124' title='bbox 403 2013 480 2082; x_wconf 88' lang='lat' dir='ltr'><strong>fidei</strong></span> <span class='ocrx_word' id='word_1_125' title='bbox 494 2013 531 2082; x_wconf 84' lang='lat' dir='ltr'><strong>l..</strong></span> <span class='ocrx_word' id='word_1_126' title='bbox 556 2015 585 2082; x_wconf 93' lang='grc' dir='ltr'>Ο</span> <span class='ocrx_word' id='word_1_127' title='bbox 610 2013 740 2082; x_wconf 90' lang='lat' dir='ltr'><strong>beatam</strong></span> <span class='ocrx_word' id='word_1_128' title='bbox 761 2013 941 2084; x_wconf 84' lang='lat' dir='ltr'><strong>Ecclesiam</strong></span> <span class='ocrx_word' id='word_1_129' title='bbox 958 2029 1124 2101; x_wconf 89' lang='lat' dir='ltr'><strong>nostram,</strong></span> <span class='ocrx_word' id='word_1_130' title='bbox 1150 2038 1248 2108; x_wconf 91' lang='lat' dir='ltr'><strong>quam</strong></span> <span class='ocrx_word' id='word_1_131' title='bbox 1271 2014 1316 2083; x_wconf 93' lang='lat' dir='ltr'><strong>sic</strong></span> 
     </span>
     <span class='ocr_line' id='line_1_17' title="bbox 274 2117 1316 2214; baseline 0.001 -24"><span class='ocrx_word' id='word_1_132' title='bbox 274 2120 399 2191; x_wconf 90' lang='lat' dir='ltr'><strong>bonore</strong></span> <span class='ocrx_word' id='word_1_133' title='bbox 426 2117 546 2188; x_wconf 86' lang='lat' dir='ltr'><strong>divinae</strong></span> <span class='ocrx_word' id='word_1_134' title='bbox 565 2118 762 2210; x_wconf 84' lang='lat' dir='ltr'><strong>dignationis</strong></span> <span class='ocrx_word' id='word_1_135' title='bbox 777 2120 960 2207; x_wconf 88' lang='lat' dir='ltr'><strong>illuminat,</strong></span> <span class='ocrx_word' id='word_1_136' title='bbox 986 2146 1087 2214; x_wconf 91' lang='lat' dir='ltr'><strong>quarn</strong></span> <span class='ocrx_word' id='word_1_137' title='bbox 1115 2120 1316 2214; x_wconf 88' lang='lat' dir='ltr'><strong>temporibus</strong></span> 
     </span>
     <span class='ocr_line' id='line_1_18' title="bbox 273 2225 1144 2320; baseline -0.003 -24"><span class='ocrx_word' id='word_1_138' title='bbox 273 2227 391 2298; x_wconf 90' lang='lat' dir='ltr'><strong>nostris</strong></span> <span class='ocrx_word' id='word_1_139' title='bbox 408 2225 565 2320; x_wconf 89' lang='lat' dir='ltr'><strong>gloriosus</strong></span> <span class='ocrx_word' id='word_1_140' title='bbox 581 2241 764 2317; x_wconf 90' lang='lat' dir='ltr'><strong>martyrum</strong></span> <span class='ocrx_word' id='word_1_141' title='bbox 779 2229 910 2320; x_wconf 86' lang='lat' dir='ltr'><strong>sanguis</strong></span> <span class='ocrx_word' id='word_1_142' title='bbox 926 2227 1068 2298; x_wconf 89' lang='lat' dir='ltr'><strong>illustrat</strong></span> <span class='ocrx_word' id='word_1_143' title='bbox 1084 2231 1108 2296; x_wconf 87' lang='lat'><strong>¹.</strong></span> <span class='ocrx_word' id='word_1_144' title='bbox 1128 2256 1144 2293; x_wconf 82' lang='lat' dir='ltr'><strong>n</strong></span> 
     </span>
    </p>

    <p class='ocr_par' dir='ltr' id='par_1_3' title="bbox 274 2335 1315 2533">
     <span class='ocr_line' id='line_1_19' title="bbox 317 2335 1315 2428; baseline 0 -24"><span class='ocrx_word' id='word_1_145' title='bbox 317 2335 397 2418; x_wconf 83' lang='lat' dir='ltr'><strong>Quis</strong></span> <span class='ocrx_word' id='word_1_146' title='bbox 418 2337 437 2404; x_wconf 76' lang='grc' dir='ltr'>ὲ</span> <span class='ocrx_word' id='word_1_147' title='bbox 458 2335 540 2404; x_wconf 76' lang='lat' dir='ltr'><strong>fletu</strong></span> <span class='ocrx_word' id='word_1_148' title='bbox 565 2348 745 2426; x_wconf 89' lang='lat' dir='ltr'><strong>temperare</strong></span> <span class='ocrx_word' id='word_1_149' title='bbox 759 2335 881 2428; x_wconf 87' lang='lat' dir='ltr'><strong>poterit</strong></span> <span class='ocrx_word' id='word_1_150' title='bbox 904 2335 931 2404; x_wconf 92' lang='lat' dir='ltr'><strong>si</strong></span> <span class='ocrx_word' id='word_1_151' title='bbox 946 2335 1082 2404; x_wconf 86' lang='lat' dir='ltr'><strong>beatum</strong></span> <span class='ocrx_word' id='word_1_152' title='bbox 1107 2335 1315 2406; x_wconf 76' lang='lat' dir='ltr'><strong>Ambrosium</strong></span> 
     </span>
     <span class='ocr_line' id='line_1_20' title="bbox 274 2440 1193 2533; baseline 0 -23"><span class='ocrx_word' id='word_1_153' title='bbox 274 2440 386 2510; x_wconf 83' lang='lat' dir='ltr'><strong>audiat</strong></span> <span class='ocrx_word' id='word_1_154' title='bbox 401 2441 447 2510; x_wconf 79' lang='lat' dir='ltr'><strong>itt</strong></span> <span class='ocrx_word' id='word_1_155' title='bbox 466 2440 594 2533; x_wconf 88' lang='lat' dir='ltr'><strong>lapsum</strong></span> <span class='ocrx_word' id='word_1_156' title='bbox 615 2441 758 2532; x_wconf 84' lang='lat' dir='ltr'><strong>Virginis</strong></span> <span class='ocrx_word' id='word_1_157' title='bbox 774 2455 970 2511; x_wconf 72' lang='lat' dir='ltr'><strong>consecratae</strong></span> <span class='ocrx_word' id='word_1_158' title='bbox 992 2442 1193 2512; x_wconf 77' lang='lat' dir='ltr'><strong>deflentem?</strong></span> 
     </span>
    </p>

    <p class='ocr_par' dir='ltr' id='par_1_4' title="bbox 267 2546 1316 3833">
     <span class='ocr_line' id='line_1_21' title="bbox 321 2546 1315 2642; baseline 0.006 -29"><span class='ocrx_word' id='word_1_159' title='bbox 321 2575 338 2614; x_wconf 80' lang='lat' dir='ltr'><strong>u</strong></span> <span class='ocrx_word' id='word_1_160' title='bbox 354 2551 434 2616; x_wconf 85' lang='lat' dir='ltr'><strong>Eras</strong></span> <span class='ocrx_word' id='word_1_161' title='bbox 452 2547 545 2638; x_wconf 88' lang='lat' dir='ltr'><strong>virgo</strong></span> <span class='ocrx_word' id='word_1_162' title='bbox 566 2547 601 2614; x_wconf 92' lang='lat' dir='ltr'><strong>in</strong></span> <span class='ocrx_word' id='word_1_163' title='bbox 626 2546 776 2638; x_wconf 88' lang='lat' dir='ltr'><strong>paradiso</strong></span> <span class='ocrx_word' id='word_1_164' title='bbox 797 2548 872 2634; x_wconf 90' lang='lat' dir='ltr'><strong>Dei,</strong></span> <span class='ocrx_word' id='word_1_165' title='bbox 899 2549 1021 2642; x_wconf 75' lang='lat' dir='ltr'><strong>utique¹</strong></span> <span class='ocrx_word' id='word_1_166' title='bbox 1035 2549 1118 2618; x_wconf 87' lang='lat' dir='ltr'><strong>inter</strong></span> <span class='ocrx_word' id='word_1_167' title='bbox 1138 2550 1236 2620; x_wconf 89' lang='lat' dir='ltr'><strong>flores</strong></span> <span class='ocrx_word' id='word_1_168' title='bbox 1252 2553 1315 2619; x_wconf 84' lang='lat' dir='ltr'><strong>Ec·</strong></span> 
     </span>
     <span class='ocr_line' id='line_1_22' title="bbox 273 2653 1315 2749; baseline 0.003 -25"><span class='ocrx_word' id='word_1_169' title='bbox 273 2653 379 2724; x_wconf 88' lang='lat' dir='ltr'><strong>clesiae</strong></span> <span class='ocrx_word' id='word_1_170' title='bbox 398 2683 406 2724; x_wconf 89' lang='lat'>:</span> <span class='ocrx_word' id='word_1_171' title='bbox 425 2677 494 2724; x_wconf 88' lang='lat' dir='ltr'><strong>eras</strong></span> <span class='ocrx_word' id='word_1_172' title='bbox 516 2678 633 2748; x_wconf 88' lang='lat' dir='ltr'><strong>sponsa</strong></span> <span class='ocrx_word' id='word_1_173' title='bbox 650 2654 788 2740; x_wconf 71' lang='lat' dir='ltr'><strong>Christi,</strong></span> <span class='ocrx_word' id='word_1_174' title='bbox 803 2679 872 2725; x_wconf 89' lang='lat' dir='ltr'><strong>eras</strong></span> <span class='ocrx_word' id='word_1_175' title='bbox 892 2656 1052 2749; x_wconf 90' lang='lat' dir='ltr'><strong>templum</strong></span> <span class='ocrx_word' id='word_1_176' title='bbox 1069 2659 1139 2745; x_wconf 88' lang='lat' dir='ltr'><strong>Dei,</strong></span> <span class='ocrx_word' id='word_1_177' title='bbox 1159 2663 1240 2728; x_wconf 88' lang='lat' dir='ltr'><strong>Eras</strong></span> <span class='ocrx_word' id='word_1_178' title='bbox 1258 2659 1315 2727; x_wconf 89' lang='lat' dir='ltr'><strong>ba·</strong></span> 
     </span>
     <span class='ocr_line' id='line_1_23' title="bbox 272 2761 1316 2856; baseline 0.004 -24"><span class='ocrx_word' id='word_1_179' title='bbox 272 2761 457 2833; x_wconf 88' lang='lat' dir='ltr'><strong>bitaculum</strong></span> <span class='ocrx_word' id='word_1_180' title='bbox 477 2761 620 2856; x_wconf 72' lang='lat' dir='ltr'><strong>&#39;Spiritiis</strong></span> <span class='ocrx_word' id='word_1_181' title='bbox 644 2764 757 2832; x_wconf 90' lang='lat' dir='ltr'><strong>sancti.</strong></span> <span class='ocrx_word' id='word_1_182' title='bbox 780 2767 824 2833; x_wconf 86' lang='lat' dir='ltr'><strong>Et</strong></span> <span class='ocrx_word' id='word_1_183' title='bbox 846 2763 922 2834; x_wconf 79' lang='lat' dir='ltr'><strong>caim</strong></span> <span class='ocrx_word' id='word_1_184' title='bbox 938 2765 1012 2835; x_wconf 86' lang='lat' dir='ltr'><strong>dico</strong></span> <span class='ocrx_word' id='word_1_185' title='bbox 1034 2768 1129 2837; x_wconf 86' lang='lat' dir='ltr'><strong>toties</strong></span> <span class='ocrx_word' id='word_1_186' title='bbox 1141 2770 1239 2855; x_wconf 78' lang='lat' dir='ltr'><strong>Eros,</strong></span> <span class='ocrx_word' id='word_1_187' title='bbox 1259 2789 1316 2836; x_wconf 92' lang='lat' dir='ltr'><strong>ne-</strong></span> 
     </span>
     <span class='ocr_line' id='line_1_24' title="bbox 273 2861 1310 2970; baseline 0.002 -30"><span class='ocrx_word' id='word_1_188' title='bbox 273 2894 360 2941; x_wconf 87' lang='lat' dir='ltr'><strong>cesse</strong></span> <span class='ocrx_word' id='word_1_189' title='bbox 387 2885 435 2940; x_wconf 89' lang='lat' dir='ltr'><strong>est</strong></span> <span class='ocrx_word' id='word_1_190' title='bbox 466 2871 561 2940; x_wconf 88' lang='lat' dir='ltr'><strong>toties</strong></span> <span class='ocrx_word' id='word_1_191' title='bbox 586 2861 802 2961; x_wconf 87' lang='lat' dir='ltr'><strong>ingemiscas,</strong></span> <span class='ocrx_word' id='word_1_192' title='bbox 833 2873 1002 2965; x_wconf 87' lang='lat' dir='ltr'><strong>quianon</strong></span> <span class='ocrx_word' id='word_1_193' title='bbox 1029 2898 1062 2943; x_wconf 92' lang='lat' dir='ltr'><strong>es</strong></span> <span class='ocrx_word' id='word_1_194' title='bbox 1091 2873 1184 2970; x_wconf 92' lang='lat' dir='ltr'><strong>quod</strong></span> <span class='ocrx_word' id='word_1_195' title='bbox 1212 2872 1310 2944; x_wconf 87' lang='lat' dir='ltr'><strong>fuisti.</strong></span> 
     </span>
     <span class='ocr_line' id='line_1_25' title="bbox 272 2976 1314 3076; baseline 0.001 -28"><span class='ocrx_word' id='word_1_196' title='bbox 272 2977 452 3048; x_wconf 89' lang='lat' dir='ltr'><strong>Incedebas</strong></span> <span class='ocrx_word' id='word_1_197' title='bbox 476 2978 512 3044; x_wconf 92' lang='lat' dir='ltr'><strong>in</strong></span> <span class='ocrx_word' id='word_1_198' title='bbox 539 2976 686 3046; x_wconf 74' lang='lat' dir='ltr'><strong>Ecclesid</strong></span> <span class='ocrx_word' id='word_1_199' title='bbox 709 2979 866 3070; x_wconf 78' lang='lat' dir='ltr'><strong>tanqulm</strong></span> <span class='ocrx_word' id='word_1_200' title='bbox 894 2980 1048 3050; x_wconf 85' lang='lat' dir='ltr'><strong>columba</strong></span> <span class='ocrx_word' id='word_1_201' title='bbox 1068 2981 1150 3068; x_wconf 88' lang='lat' dir='ltr'><strong>illa,</strong></span> <span class='ocrx_word' id='word_1_202' title='bbox 1179 2983 1222 3051; x_wconf 90' lang='lat' dir='ltr'><strong>de</strong></span> <span class='ocrx_word' id='word_1_203' title='bbox 1251 2981 1314 3076; x_wconf 73' lang='lat' dir='ltr'><strong>qual</strong></span> 
     </span>
     <span class='ocr_line' id='line_1_26' title="bbox 270 3083 1313 3188; baseline 0.003 -31"><span class='ocrx_word' id='word_1_204' title='bbox 270 3088 430 3178; x_wconf 88' lang='lat' dir='ltr'><strong>scriptum</strong></span> <span class='ocrx_word' id='word_1_205' title='bbox 452 3099 527 3156; x_wconf 88' lang='lat' dir='ltr'><strong>est:</strong></span> <span class='ocrx_word' id='word_1_206' title='bbox 550 3085 689 3156; x_wconf 80' lang='lat' dir='ltr'><strong>Pennoe</strong></span> <span class='ocrx_word' id='word_1_207' title='bbox 709 3083 883 3157; x_wconf 80' lang='lat' dir='ltr'><strong>columbae</strong></span> <span class='ocrx_word' id='word_1_208' title='bbox 896 3086 1164 3188; x_wconf 68' lang='lat' dir='ltr'><strong>deargentate,</strong></span> <span class='ocrx_word' id='word_1_209' title='bbox 1184 3105 1219 3160; x_wconf 80' lang='lat' dir='ltr'><strong>et</strong></span> <span class='ocrx_word' id='word_1_210' title='bbox 1231 3114 1313 3184; x_wconf 83' lang='lat' dir='ltr'><strong>pos-</strong></span> 
     </span>
     <span class='ocr_line' id='line_1_27' title="bbox 271 3189 1311 3292; baseline 0.005 -29"><span class='ocrx_word' id='word_1_211' title='bbox 271 3195 407 3263; x_wconf 84' lang='lat' dir='ltr'><strong>teriora</strong></span> <span class='ocrx_word' id='word_1_212' title='bbox 432 3189 533 3262; x_wconf 78' lang='lat' dir='ltr'><strong>dorsi</strong></span> <span class='ocrx_word' id='word_1_213' title='bbox 555 3192 631 3287; x_wconf 77' lang='lat' dir='ltr'><strong>ejus</strong></span> <span class='ocrx_word' id='word_1_214' title='bbox 655 3194 692 3263; x_wconf 85' lang='lat' dir='ltr'><strong>in</strong></span> <span class='ocrx_word' id='word_1_215' title='bbox 715 3195 834 3286; x_wconf 77' lang='lat' dir='ltr'><strong>specie</strong></span> <span class='ocrx_word' id='word_1_216' title='bbox 849 3201 967 3268; x_wconf 59' lang='lat' dir='ltr'><strong>auria</strong></span> <span class='ocrx_word' id='word_1_217' title='bbox 991 3198 1191 3292; x_wconf 89' lang='lat' dir='ltr'><strong>Splendebas</strong></span> <span class='ocrx_word' id='word_1_218' title='bbox 1206 3215 1246 3270; x_wconf 92' lang='lat' dir='ltr'><strong>ut</strong></span> <span class='ocrx_word' id='word_1_219' title='bbox 1261 3223 1311 3268; x_wconf 89' lang='lat' dir='ltr'><strong>ar-</strong></span> 
     </span>
     <span class='ocr_line' id='line_1_28' title="bbox 270 3298 1311 3404; baseline 0.002 -32"><span class='ocrx_word' id='word_1_220' title='bbox 270 3315 423 3395; x_wconf 86' lang='lat' dir='ltr'><strong>gentum,</strong></span> <span class='ocrx_word' id='word_1_221' title='bbox 442 3298 592 3404; x_wconf 82' lang='lat' dir='ltr'><strong>fulgebas</strong></span> <span class='ocrx_word' id='word_1_222' title='bbox 612 3315 651 3370; x_wconf 91' lang='lat' dir='ltr'><strong>ut</strong></span> <span class='ocrx_word' id='word_1_223' title='bbox 674 3325 811 3391; x_wconf 83' lang='lat' dir='ltr'><strong>aurum,</strong></span> <span class='ocrx_word' id='word_1_224' title='bbox 830 3305 965 3398; x_wconf 84' lang='lat' dir='ltr'><strong>quandb</strong></span> <span class='ocrx_word' id='word_1_225' title='bbox 988 3330 1064 3376; x_wconf 93' lang='lat' dir='ltr'><strong>cum</strong></span> <span class='ocrx_word' id='word_1_226' title='bbox 1087 3307 1213 3377; x_wconf 77' lang='lat' dir='ltr'><strong>sincerat</strong></span> <span class='ocrx_word' id='word_1_227' title='bbox 1235 3331 1311 3377; x_wconf 88' lang='lat' dir='ltr'><strong>con·</strong></span> 
     </span>
     <span class='ocr_line' id='line_1_29' title="bbox 269 3407 1311 3510; baseline 0.001 -28"><span class='ocrx_word' id='word_1_228' title='bbox 269 3411 405 3482; x_wconf 74' lang='lat' dir='ltr'><strong>scientid</strong></span> <span class='ocrx_word' id='word_1_229' title='bbox 430 3407 641 3502; x_wconf 86' lang='lat' dir='ltr'><strong>procedebas.</strong></span> <span class='ocrx_word' id='word_1_230' title='bbox 673 3415 753 3482; x_wconf 89' lang='lat' dir='ltr'><strong>Eras</strong></span> <span class='ocrx_word' id='word_1_231' title='bbox 789 3416 958 3510; x_wconf 74' lang='lat' dir='ltr'><strong>tanquam.</strong></span> <span class='ocrx_word' id='word_1_232' title='bbox 981 3413 1082 3486; x_wconf 81' lang='lat' dir='ltr'><strong>stella</strong></span> <span class='ocrx_word' id='word_1_233' title='bbox 1104 3415 1243 3486; x_wconf 84' lang='lat' dir='ltr'><strong>radians</strong></span> <span class='ocrx_word' id='word_1_234' title='bbox 1277 3415 1311 3483; x_wconf 89' lang='lat' dir='ltr'><strong>in</strong></span> 
     </span>
     <span class='ocr_line' id='line_1_30' title="bbox 268 3517 1309 3614; baseline 0.001 -24"><span class='ocrx_word' id='word_1_235' title='bbox 268 3544 370 3591; x_wconf 89' lang='lat' dir='ltr'><strong>manu</strong></span> <span class='ocrx_word' id='word_1_236' title='bbox 399 3517 552 3609; x_wconf 79' lang='lat' dir='ltr'><strong>Domini3</strong></span> <span class='ocrx_word' id='word_1_237' title='bbox 581 3517 711 3589; x_wconf 91' lang='lat' dir='ltr'><strong>nullum</strong></span> <span class='ocrx_word' id='word_1_238' title='bbox 741 3536 898 3611; x_wconf 85' lang='lat' dir='ltr'><strong>ventum,</strong></span> <span class='ocrx_word' id='word_1_239' title='bbox 924 3521 1030 3594; x_wconf 85' lang='lat' dir='ltr'><strong>nullas</strong></span> <span class='ocrx_word' id='word_1_240' title='bbox 1057 3523 1139 3614; x_wconf 89' lang='lat' dir='ltr'><strong>belli</strong></span> <span class='ocrx_word' id='word_1_241' title='bbox 1173 3521 1309 3614; x_wconf 88' lang='lat' dir='ltr'><strong>nebulas</strong></span> 
     </span>
     <span class='ocr_line' id='line_1_31' title="bbox 267 3625 1309 3722; baseline 0.002 -24"><span class='ocrx_word' id='word_1_242' title='bbox 267 3626 518 3722; x_wconf 84' lang='lat' dir='ltr'><strong>pertimescebas</strong></span> <span class='ocrx_word' id='word_1_243' title='bbox 539 3629 564 3695; x_wconf 84' lang='lat'><strong>³.</strong></span> <span class='ocrx_word' id='word_1_244' title='bbox 584 3630 665 3708; x_wconf 84' lang='lat' dir='ltr'><strong>Quae</strong></span> <span class='ocrx_word' id='word_1_245' title='bbox 684 3625 745 3696; x_wconf 87' lang='lat' dir='ltr'><strong>ista</strong></span> <span class='ocrx_word' id='word_1_246' title='bbox 760 3629 930 3700; x_wconf 86' lang='lat' dir='ltr'><strong>subitanea</strong></span> <span class='ocrx_word' id='word_1_247' title='bbox 945 3633 1135 3702; x_wconf 77' lang='lat' dir='ltr'><strong>conversio?</strong></span> <span class='ocrx_word' id='word_1_248' title='bbox 1153 3637 1237 3716; x_wconf 87' lang='lat' dir='ltr'><strong>Quae</strong></span> <span class='ocrx_word' id='word_1_249' title='bbox 1250 3632 1309 3700; x_wconf 88' lang='lat' dir='ltr'><strong>ista</strong></span> 
     </span>
     <span class='ocr_line' id='line_1_32' title="bbox 267 3734 1308 3833; baseline 0.004 -29"><span class='ocrx_word' id='word_1_250' title='bbox 267 3737 439 3830; x_wconf 87' lang='lat' dir='ltr'><strong>repentina</strong></span> <span class='ocrx_word' id='word_1_251' title='bbox 453 3734 613 3804; x_wconf 78' lang='lat' dir='ltr'><strong>mutatio?</strong></span> <span class='ocrx_word' id='word_1_252' title='bbox 625 3739 673 3804; x_wconf 90' lang='lat' dir='ltr'><strong>De</strong></span> <span class='ocrx_word' id='word_1_253' title='bbox 684 3734 741 3803; x_wconf 87' lang='lat' dir='ltr'><strong>Dei</strong></span> <span class='ocrx_word' id='word_1_254' title='bbox 758 3736 893 3827; x_wconf 86' lang='lat' dir='ltr'><strong>virgine,</strong></span> <span class='ocrx_word' id='word_1_255' title='bbox 906 3739 992 3809; x_wconf 83' lang='lat' dir='ltr'><strong>facta</strong></span> <span class='ocrx_word' id='word_1_256' title='bbox 1010 3753 1058 3810; x_wconf 89' lang='lat' dir='ltr'><strong>est</strong></span> <span class='ocrx_word' id='word_1_257' title='bbox 1073 3741 1242 3833; x_wconf 90' lang='lat' dir='ltr'><strong>corruptio</strong></span> <span class='ocrx_word' id='word_1_258' title='bbox 1257 3763 1308 3808; x_wconf 92' lang='lat' dir='ltr'><strong>sa-</strong></span> 
     </span>
    </p>
   </div>
   <div class='ocr_carea' id='block_1_3' title="bbox 266 3881 1306 4038">
    <p class='ocr_par' dir='ltr' id='par_1_5' title="bbox 266 3881 1306 4038">
     <span class='ocr_line' id='line_1_33' title="bbox 303 3881 1306 3955; baseline 0 -17"><span class='ocrx_word' id='word_1_259' title='bbox 303 3886 349 3938; x_wconf 86' lang='lat' dir='ltr'><strong>¹S.</strong></span> <span class='ocrx_word' id='word_1_260' title='bbox 362 3888 433 3952; x_wconf 83' lang='lat' dir='ltr'><strong>cypr.</strong></span> <span class='ocrx_word' id='word_1_261' title='bbox 448 3883 525 3950; x_wconf 83' lang='lat' dir='ltr'><strong>Epist.</strong></span> <span class='ocrx_word' id='word_1_262' title='bbox 539 3898 565 3934; x_wconf 84' lang='lat' dir='ltr'><strong>x.</strong></span> <span class='ocrx_word' id='word_1_263' title='bbox 578 3906 611 3920; x_wconf 89' lang='lat'>-</span> <span class='ocrx_word' id='word_1_264' title='bbox 625 3881 710 3936; x_wconf 61' lang='lat' dir='ltr'><strong>arsat.</strong></span> <span class='ocrx_word' id='word_1_265' title='bbox 725 3899 799 3951; x_wconf 71' lang='lat' dir='ltr'><strong>srvat,</strong></span> <span class='ocrx_word' id='word_1_266' title='bbox 815 3881 852 3950; x_wconf 80' lang='lat' dir='ltr'><strong>¹l·</strong></span> <span class='ocrx_word' id='word_1_267' title='bbox 868 3881 921 3922; x_wconf 82' lang='lat'><strong>..3</strong></span> <span class='ocrx_word' id='word_1_268' title='bbox 934 3888 958 3938; x_wconf 89' lang='lat' dir='ltr'><strong>S.</strong></span> <span class='ocrx_word' id='word_1_269' title='bbox 973 3886 1085 3946; x_wconf 66' lang='lat' dir='ltr'><strong>Ambros,</strong></span> <span class='ocrx_word' id='word_1_270' title='bbox 1104 3887 1136 3940; x_wconf 83' lang='lat' dir='ltr'><strong>de</strong></span> <span class='ocrx_word' id='word_1_271' title='bbox 1154 3888 1233 3955; x_wconf 83' lang='lat' dir='ltr'><strong>Lapsu</strong></span> <span class='ocrx_word' id='word_1_272' title='bbox 1252 3884 1306 3938; x_wconf 81' lang='lat' dir='ltr'><strong>Vir·</strong></span> 
     </span>
     <span class='ocr_line' id='line_1_34' title="bbox 266 3965 676 4038; baseline -0.002 -17"><span class='ocrx_word' id='word_1_273' title='bbox 266 3965 316 4038; x_wconf 80' lang='lat' dir='ltr'><strong>gin.</strong></span> <span class='ocrx_word' id='word_1_274' title='bbox 334 3975 470 4024; x_wconf 83' lang='lat' dir='ltr'><strong>consecrat.</strong></span> <span class='ocrx_word' id='word_1_275' title='bbox 484 3984 540 4036; x_wconf 89' lang='lat' dir='ltr'><strong>cap.</strong></span> <span class='ocrx_word' id='word_1_276' title='bbox 555 3984 590 4035; x_wconf 88' lang='lat' dir='ltr'><strong>n,</strong></span> <span class='ocrx_word' id='word_1_277' title='bbox 607 3981 632 4020; x_wconf 87' lang='lat' dir='ltr'><strong>n.</strong></span> <span class='ocrx_word' id='word_1_278' title='bbox 650 3968 676 4020; x_wconf 90' lang='grc'><strong>6.</strong></span> 
     </span>
    </p>
   </div>
   <div class='ocr_carea' id='block_1_4' title="bbox 0 0 1470 4582">
    <p class='ocr_par' dir='ltr' id='par_1_6' title="bbox 0 0 1470 4582">
     <span class='ocr_line' id='line_1_35' title="bbox 0 0 1470 4582; baseline 0 3"><span class='ocrx_word' id='word_1_279' title='bbox 0 0 1470 4582; x_wconf 95' lang='lat' dir='ltr'><strong> </strong></span> 
     </span>
    </p>
   </div>
  </div>
 </body>
</html>
