2996 4598
207 387 309 434 aanor
332 392 377 435 vr.
403 392 444 434 ns
468 390 623 436 naraono
646 393 681 435 ru
705 395 911 438 concroumus
934 389 1099 440 tumeret.
1136 379 1177 440 97

20 575 22 586 Ι
141 504 241 560 matre
251 497 496 585 accepturosisi
508 493 698 565 futurorum
709 496 821 584 gratia,
834 495 923 566 unde
937 497 1181 590 scirepoterant

20 597 22 606 ’
93 611 95 614 ·
142 595 318 686 puerulum
334 599 368 671 in
383 599 559 670 cunabulis
570 601 762 686 adoratum,
780 625 990 696 eorumquae
1006 603 1078 672 tiam
1091 619 1181 696 gesta

140 717 230 790 sunt,
240 706 490 776 recordaturum
501 711 588 775 esset
601 704 736 788 Quodsi
751 720 854 774 mater
869 707 964 776 illum
975 707 1185 780 admonitura

140 822 221 896 erat,
231 810 392 902 supplicio
401 811 513 904 potiris
522 814 620 906 quim
630 811 765 904 praemio
775 810 867 902 digni
875 827 979 899 erant,
988 815 1045 906 qui
1054 816 1089 882 in
1097 840 1189 907 aper·

140 927 210 984 tum
226 917 413 1008 periculum
428 917 525 988 illum
540 917 765 1010 conjecissent.
788 917 916 986 Exinde
938 919 1026 988 enim
1042 921 1189 992 Herodes

140 1021 314 1109 turbatuS,
341 1025 514 1116 quaerebat
543 1021 657 1108 illum,
684 1023 912 1110 scrutabatur,
946 1039 980 1094 et
1005 1027 1190 1098 interlicere

117 1203 119 1210 y
139 1129 301 1197 tentabat.
323 1133 433 1222 Atque
453 1128 579 1222 ubique
592 1142 769 1214 terrarum,
781 1130 839 1221 qui
855 1130 1000 1223 aliquem
1019 1131 1188 1202 intenellal

111 1293 113 1298 Α
138 1246 236 1303 aetate
253 1234 437 1326 privatum,
466 1247 674 1325 regnaturum
691 1257 759 1304 esse
776 1233 884 1326 palam
900 1234 1107 1329 praedixerit,
1138 1239 1192 1308 ni·

139 1339 188 1408 hil
198 1341 292 1410 aliud
307 1342 392 1432 agit,
409 1343 507 1435 quim
519 1340 610 1434 quod
623 1342 731 1433 ipsum
754 1343 828 1412 neci
852 1342 978 1430 tradat,
1003 1344 1055 1414 vel
1072 1349 1187 1416 contra

134 1443 237 1514 illum
253 1445 340 1514 bella
362 1447 480 1516 excitet
503 1437 687 1518 innumera.
706 1449 868 1519 Vides-ne
883 1449 1013 1544 ¹quanta
1029 1453 1106 1522 hinc
1127 1441 1188 1522 ab·
1246 1483 1248 1488 ·

135 1553 242 1622 surda
257 1567 450 1643 nascantur,
468 1553 688 1626 sisecundtim
700 1579 810 1651 rerum
820 1558 1044 1628 humanarum
1055 1560 1186 1646 seriem,

135 1659 378 1754 vulgaremque
404 1685 530 1733 morem
556 1686 608 1732 res
624 1661 831 1756 exploretur?
851 1670 968 1759 Neque
982 1681 1094 1736 tamen
1114 1669 1187 1738 haec

135 1767 284 1854 tantum,
300 1767 473 1838 sedetiam
487 1767 595 1848 multo
611 1769 706 1861 plura
726 1771 792 1840 dici
808 1787 961 1864 possent,
992 1799 1067 1866 quae
1083 1777 1188 1867 majo·

135 1898 186 1944 res
199 1875 261 1960 iis,
279 1898 362 1968 quas
378 1874 649 1969 supradiximus,
669 1891 824 1968 parerent
839 1879 1048 1972 quaestiones.
1067 1879 1133 1950 Sed
1144 1899 1188 1948 ne

139 1980 352 2050 ‹litlicultates
375 1979 626 2053 difficultatibus
651 1997 835 2072 nectentes,
859 1985 895 2054 in
914 1983 1088 2076 caliginem
1108 1986 1187 2055 obs-

139 2089 380 2181 curitatemque
404 2111 462 2158 vos
483 2087 695 2182 dejiciamus,
719 2114 778 2182 age
809 2090 943 2160 demum
960 2091 1011 2162 ad·
1024 2093 1183 2186 quaesito·

137 2217 211 2264 rum
223 2193 421 2268 solutionem
437 2207 700 2286 properemus,et
716 2195 844 2268 ‘astella
860 2193 1019 2266 ducamus
1034 2198 1178 2268 initium.
1248 2243 1254 2256 -

140 2303 172 2371 Si
187 2300 277 2370 enim
290 2299 454 2370 discamus
469 2323 544 2393 quae
559 2300 613 2369 vel
626 2299 732 2394 qualis
755 2299 812 2370 illa
832 2303 896 2387 sit,
926 2327 968 2372 an
988 2327 1027 2372 ex
1041 2325 1180 2374 numero

138 2405 291 2492 aliarum,
309 2431 352 2476 an
372 2407 500 2476 diverso
525 2406 566 2476 ab
587 2404 673 2491 illis,
698 2429 741 2476 an
761 2409 880 2476 natural
903 2409 984 2500 sual,
1008 2432 1049 2478 an
1074 2411 1182 2501 specie

138 2513 269 2582 tantinn
291 2511 404 2597 stella,
432 2525 513 2582 tunc
533 2509 629 2608 facile
650 2527 767 2588 caetera
789 2513 900 2582 omnia
919 2514 1068 2584 sciemus.
1086 2515 1181 2586 Unde

138 2620 214 2710 ergo
224 2620 296 2688 haec
306 2618 565 2712 comperiamus?
574 2641 612 2686 ex
621 2618 690 2710 ipsa
704 2620 882 2711 Scriptum.
901 2619 997 2703 Quod
1007 2624 1094 2690 enim
1107 2623 1180 2694 haec

137 2724 227 2794 stella
243 2749 312 2795 non
327 2748 366 2793 cx
380 2747 519 2793 numero
529 2722 683 2807 aliarum,
696 2725 763 2794 imo
772 2747 814 2790 ne
824 2724 917 2796 stella
930 2727 1176 2818 quidemgcsset,

137 2845 174 2900 ut
193 2832 276 2900 mihi
289 2830 437 2925 ,quidem
451 2827 602 2918 videtur3
625 2829 682 2896 sed
698 2827 873 2898 invisibilis
882 2830 1035 2920 quaedam
1056 2832 1176 2918 virtus,

138 2961 210 3030 quae
222 2939 327 3008 stellae
349 2938 490 3030 speciem
505 2934 686 3030 praeferret,
704 2936 811 3033 primo
836 2936 878 3004 ab
900 2937 969 3028 ejus
993 2937 1108 3006 itinere
1124 2963 1177 3008 ar-

79 3125 81 3132 .
140 3048 259 3140 guitur.
280 3045 379 3118 Nulla
392 3045 479 3116 enim
490 3045 601 3128 ,nulla
616 3045 733 3138 utique
745 3041 838 3115 stella
849 3058 897 3113 est
908 3068 984 3137 quae
995 3043 1051 3113 tali
1063 3059 1178 3137 pergat

138 3149 1177 3237 vit:ntmetsotemettunam,et‚atiasomnessteltasatonente

140 3257 286 3346 ridemus
302 3259 345 3330 ad
361 3258 573 3328 Occidentem
591 3279 725 3350 pergere
745 3257 838 3324 :haec
851 3257 928 3325 vero
945 3256 1072 3326 stellati
1094 3263 1176 3351 Sep-¹

142 3366 303 3436 tentriono
323 3366 366 3436 ad
379 3364 552 3443 Meridiem
571 3361 737 3432 ferebatur
754 3391 762 3430 ε
781 3360 962 3430 Palaestinae
981 3363 1103 3456 quippe
1122 3366 1177 3434 hic
1242 3363 1243 3367 ’

144 3473 219 3544 situs
235 3483 301 3560 est,
312 3475 337 3544 si
349 3471 512 3556 Persidem
529 3485 665 3564 spectes.
683 3468 834 3540 Secundo
844 3467 929 3538 illud
941 3470 1038 3541 etiam
1058 3473 1178 3542 trem-

143 3603 219 3672 pore
234 3582 367 3675 probari
382 3595 490 3674 potest
508 3579 742 3672 :nequeenim
767 3591 869 3648 noctu
891 3591 1044 3670 apparet,
1069 3580 1126 3649 sed
1145 3581 1181 3650 in

145 3689 298 3774 meridie,
319 3689 450 3758 lucente
463 3685 548 3770 sole,
572 3708 672 3779 quam
688 3683 755 3754 vim
770 3707 832 3754 nec
841 3682 950 3771 stella,
965 3685 1031 3754 imd
1043 3709 1086 3754 nc
1101 3683 1181 3758 luna

146 3794 279 3885 quidem
293 3796 364 3888 ipsa
383 3795 508 3879 habet,
530 3816 606 3886 quae
625 3791 704 3862 licet
719 3789 829 3860 omnia
844 3804 928 3862 astra
943 3809 1093 3886 superet,
1109 3809 1181 3866 orto
1236 3828 1238 3832 ’

262 3935 299 3982 11.
1025 3923 1043 3978 t
