2930 4582
297 401 361 462 att
446 411 625 460 ιιιιτοιιοι
649 411 676 458 s.
702 407 856 472 aaaron,
881 407 959 456 atus
981 413 1027 472 11,
1052 402 1136 456 seer.
1154 415 1179 456 1.

229 551 232 560 r
292 515 372 588 (Ιίαι
388 511 501 583 uerba
528 535 610 604 qaae
636 533 710 580 non
738 507 822 580 licet
848 505 1052 580 bominibus
1076 508 1336 602 loqui13inbis

290 623 444 695 omnibus
460 643 535 691 non
558 617 762 717 gloriatur,
789 619 861 688 nisi
874 620 913 688 in
939 616 1209 714 infirmitatibus
1231 621 1333 688 suist
1451 692 1452 714 ,

296 729 362 802 Sed
384 730 456 798 haec
480 727 616 813 Paulus,
639 727 722 795 etsi
748 725 806 818 qui
828 722 914 796 sorte
945 727 1080 798 suntin
1106 727 1225 818 spiritu
1250 727 1338 796 simi·

292 836 340 908 les
350 837 412 905 ei³.
433 863 450 904 u

336 942 423 1014 Cirm
448 954 559 1010 autem
579 951 754 1010 occurrant
777 937 814 1005 in
837 937 935 1008 sacris
952 938 1129 1032 scripturis
1154 939 1339 1010 testimonia

294 1073 371 1144 quae
382 1049 522 1138 longiori
530 1044 681 1138 indigent
688 1045 971 1136 interpretatione,
984 1045 1102 1138 saepibs
1112 1046 1201 1138 apud
1214 1061 1339 1117 sanctos
1452 1035 1453 1044 ἵ

296 1163 407 1228 Patres
418 1153 619 1226 adhibentur
633 1151 769 1246 quidam
780 1165 887 1221 textus
899 1151 1112 1244 particulares
1127 1153 1258 1223 veritati
1272 1155 1340 1224 cui·

294 1264 371 1334 dam
385 1261 618 1332 confirmandae
628 1259 784 1354 prolixius
800 1259 1048 1329 accommodati.
1065 1261 1118 1330 Sic
1133 1259 1225 1330 verbi
1241 1261 1341 1351 gratil

296 1373 412 1442 beatus
435 1373 640 1461 Augustinus
664 1392 703 1438 ex
730 1367 897 1460 Scriptum
912 1367 1152 1455 demonstrans,
1171 1369 1338 1439 victoriam

293 1478 360 1571 qual
374 1489 544 1568 peceatum
562 1475 718 1559 vincitur,
731 1473 814 1542 nihil
829 1472 921 1542 aliud
935 1497 1003 1543 esse
1021 1475 1122 1567 quim
1141 1474 1268 1544 donum
1284 1475 1340 1544 Dei

265 1625 270 1642 ι
291 1585 328 1654 in
340 1583 404 1654 isto
424 1582 605 1652 certamine
620 1581 806 1675 adjuvantis
824 1581 968 1650 liberum
988 1581 1188 1653 arbitrium:
1207 1582 1338 1669 «Dicit,

292 1691 429 1781 inquit,
452 1679 596 1758 coelestis
620 1688 803 1778 Magister:
831 1685 999 1786 Vigilate
1024 1702 1060 1757 et
1079 1702 1199 1776 orate,
1225 1711 1272 1759 ne
1287 1691 1339 1758 in·
1449 1745 1450 1754 ,

295 1797 396 1866 tretis
413 1797 452 1866 in
467 1795 707 1866 tentationem
721 1797 746 1864 ⁴.
766 1797 856 1887 Ergo
875 1795 1103 1890 uuusquisque
1121 1799 1237 1866 contria
1251 1821 1340 1867 suam

268 1985 271 1990 ¹
294 1903 596 1998 concupiscentiam
616 1903 777 1972 dimicans
808 1918 901 1991 oret,
927 1927 969 1972 ne
996 1906 1098 1977 intret
1118 1906 1155 1974 in
1185 1908 1340 1975 tentatio-

294 2036 392 2097 nem,
411 2011 446 2080 id
462 2026 523 2095 est,
542 2034 584 2080 ne
596 2011 637 2080 sit
653 2009 695 2078 ab
711 2009 768 2076 itte
783 2010 964 2080 abstractus
979 2025 1013 2079 et
1028 2011 1170 2082 illectus.
1190 2015 1264 2084 Non
1282 2037 1340 2082 aa·

294 2132 361 2186 tem
377 2119 480 2186 intrat
500 2118 767 2186 intentationem
781 2169 790 2201 ‚
803 2117 830 2184 si
843 2115 1014 2188 voluntate
1033 2119 1123 2188 bonai
1138 2121 1247 2190 vincat
1261 2144 1340 2190 eon-

296 2225 531 2317 cupiscentiam
547 2222 679 2292 malam.
695 2227 762 2292 Neo
780 2237 892 2292 tamen
906 2225 1028 2294 sullicit
1043 2227 1217 2296 arbitrium
1227 2227 1341 2298 volun·

294 2331 369 2402 tatis
384 2332 539 2400 humanae
551 2383 561 2416 ,
575 2329 637 2398 nisi
656 2331 676 2398 b
691 2329 833 2400 Domino
848 2331 984 2400 victoria
1001 2333 1203 2402 concedatur·
1215 2334 1338 2420 oranti,

267 2511 277 2528 ,
296 2463 338 2508 ne
355 2439 456 2508 intret
472 2439 507 2506 in
526 2438 753 2508 tentationem.
770 2437 859 2520 Quid
873 2440 952 2508 verb
968 2438 1152 2510 evidentius
1167 2444 1271 2535 quam
1285 2443 1341 2512 Dei
1452 2519 1453 2522 Ἴ

296 2543 479 2614 ostenditur
506 2545 627 2632 gratia,
656 2543 716 2610 ubi
740 2541 832 2634 quod
851 2559 964 2630 oratur
988 2547 1171 2638 accipitur?
1197 2550 1232 2618 Si
1254 2549 1340 2618 enim

297 2651 427 2718 dixisset
444 2648 592 2720 Salvator
607 2662 718 2719 noster
735 2678 742 2718 :
766 2647 947 2745 Vigilate,
960 2677 1006 2720 ne
1022 2653 1160 2724 intretis
1172 2656 1211 2723 in
1226 2669 1341 2726 tenta·

300 2757 448 2842 tionem,
468 2757 675 2827 admonuisse
700 2757 932 2828 tantummodo
948 2759 1114 2846 videretur
1127 2763 1271 2832 hominis
1286 2787 1340 2833 vo·

296 2863 459 2934 luntatem
476 2865 583 2934 :Gbm
599 2866 678 2934 verb
700 2861 827 2930 addidit
848 2862 925 2932 :Et
939 2880 1063 2954 orate,
1080 2871 1226 2940 ostendit
1238 2873 1340 2940 Deum

298 2972 452 3066 adjuvare
465 2995 507 3040 ne
520 2972 668 3040 intretur*
674 2972 710 3038 in
723 2971 937 3040 tentationem
956 2976 978 3042 ⁵.
1000 3002 1016 3039 u

351 3078 444 3147 Idem
463 3077 498 3144 in
514 3075 630 3144 eodem
653 3079 807 3144 Tractatu
831 3079 966 3166 gratiam
989 3080 1048 3149 Dei
1072 3103 1141 3150 non
1160 3082 1341 3152 seeundum

299 3184 415 3254 merita
435 3189 544 3252 nostra
566 3180 636 3250 dari
652 3181 697 3250 sic
715 3182 917 3254 Psalmorum
933 3187 1119 3257 testimonio
1141 3190 1339 3260 confirmat:

302 3296 541 3382 «Quapropter
557 3311 618 3358 nec
641 3290 776 3382 quandb
799 3292 937 3384 coeperit
959 3293 1059 3363 homo
1082 3295 1205 3364 habere
1228 3295 1342 3364 merita

299 3399 399 3482 bona,
418 3395 519 3466 debet
532 3395 593 3464 sibi
606 3395 750 3465 tribuere
759 3397 827 3484 illa,
841 3397 898 3468 sed
906 3403 986 3486 Deo,
1003 3401 1057 3470 cui
1068 3399 1189 3472 dieitur
1204 3402 1241 3470 in
1253 3399 1342 3472 Psal-

300 3530 356 3576 mo
371 3502 553 3600 :Adjator
562 3528 663 3574 meus
672 3519 760 3591 esto,
770 3529 816 3574 ne
827 3504 1057 3598 derelinquas
1067 3532 1125 3578 me
1134 3511 1159 3578 ⁶.
1172 3510 1340 3580 Dicendoa

339 3701 349 3728 ¹
368 3704 384 3740 2
401 3693 455 3742 Gor.
470 3705 518 3754 ιιι,
542 3687 593 3754 ad.
608 3713 639 3725 —
653 3698 665 3728 ⁸
679 3688 741 3738 lbid.
756 3689 781 3740 5.
798 3715 830 3726 -
848 3687 859 3728 ³
876 3693 902 3742 S.
922 3694 1021 3756 august.
1043 3696 1122 3746 serm.
1142 3694 1229 3744 laedit.
1249 3693 1341 3759 vulgat.

304 3776 320 3824 ὰ
333 3775 431 3824 Parent
444 3773 587 3824 Desbarres
594 3771 667 3824 Nobis
680 3774 808 3826 edentibus
823 3790 854 3826 an
869 3774 944 3840 1836,
957 3777 1034 3827 Serm.
1049 3794 1091 3828 mr
1103 3777 1134 3829 de
1143 3780 1168 3827 S.
1184 3778 1259 3830 Paulo
1270 3793 1343 3843 apor-
1362 3799 1365 3804 r

303 3860 401 3907 toto-
415 3856 428 3905 l
442 3858 526 3907 ttattb.
538 3874 603 3921 xxva,
617 3853 658 3922 4¹·
674 3882 705 3915 -,
718 3855 769 3910 ⁵8.
784 3862 883 3926 augus
897 3857 940 3910 lib.
955 3859 987 3910 de
1000 3863 1069 3911 Grat.
1084 3868 1113 3914 et
1126 3861 1169 3912 lib.
1186 3863 1282 3914 lrbitr.
1293 3860 1343 3914 ιι.8
1451 3831 1452 3870 t

304 3949 330 3994 et
342 3961 366 4008 9.
387 3938 440 3978 -ὓ
454 3940 513 3992 Paul.
529 3957 598 4003 xxm,
612 3957 637 4004 9.
