2996 4598
259 471 365 523 orror
385 475 437 522 ιιι.
461 471 504 520 ιι
526 468 777 520 emersuros!
798 469 843 520 tn
862 467 1129 534 ιοιιιιοιιιπιιι.
1176 450 1221 522 48

180 589 255 663 tur,
273 587 308 646 et
326 587 410 646 estu
427 573 601 665 ingruente
616 569 734 644 laciem
751 569 940 668 frequenter
958 574 1161 666 immergunt
1170 573 1222 646 la-

181 682 313 769 ticihus,
327 681 476 752 aestiuum
491 678 635 750 calorem
647 677 821 770 depellunt
834 693 868 749 et
877 681 955 767 sitis,
969 681 1035 775 qni
1045 695 1221 770 vexantur,

181 789 269 860 melo
283 787 477 874 medentur,
500 786 581 858 duim
597 785 660 856 illis
675 784 717 855 dc
730 785 916 882 propinquo
930 788 1022 858 fonte
1041 789 1224 862 remedium

181 895 327 988 suppetit
350 923 359 965 ι
385 895 432 964 sic
452 892 511 986 qui
534 914 699 963 sacrarum
719 889 804 962 sonti
821 889 1064 986 scripturarum
1085 893 1222 984 assidet,

181 1107 335 1178 laticibus
358 1106 422 1176 illis
449 1103 652 1198 perfuderit,
668 1097 776 1178 'facile
803 1104 971 1174 flammam
985 1103 1115 1200 repellit
1133 1133 1141 1177 ι
1158 1107 1226 1182 slve
1282 1173 1289 1193 ,

181 1215 309 1286 fervida
324 1211 460 1282 infestet
473 1207 651 1296 iracundia,
669 1235 744 1306 quae
758 1213 917 1306 tanqulm
928 1233 1121 1282 succensum
1132 1211 1225 1282 lebe-

181 1335 251 1392 tem
265 1343 323 1391 σοι
338 1313 534 1404 inflammat,
551 1319 576 1386 si
592 1317 760 1390 modicum
779 1317 1034 1414 aquaemanile,
1051 1315 1225 1390 consestlm

182 1430 244 1498 irae
264 1425 545 1518 importunitatem
572 1440 760 1518 compescet
785 1455 794 1498 ι
822 1439 856 1496 et
878 1449 920 1494 ex
940 1425 1094 1495 omnibus
1116 1425 1225 1518 pratis

183 1531 434 1622 cogitationibus
452 1527 594 1600 animam
611 1533 771 1626 tanquam
784 1556 825 1602 ex
842 1530 948 1604 modis
962 1531 1095 1602 flammi
1110 1532 1226 1626 eripiet

181 1661 347 1709 sacrarum
358 1635 455 1707 lectio
472 1639 726 1730 scripturarum.

229 1775 245 1811 »
265 1751 371 1828 Quam
388 1744 433 1814 ob
448 1767 579 1837 causam
594 1743 693 1815 etiam
708 1767 848 1838 magnus
860 1745 917 1816 ille
927 1747 1088 1840 propheta
1103 1731 1225 1834 David,

181 1852 260 1924 eum
281 1851 386 1945 probe
408 1851 516 1938 sciret,
542 1865 666 1945 quanta
689 1874 728 1921 ox
750 1851 892 1922 lectione
914 1853 1089 1946 scripturae
1114 1867 1226 1929 manet

181 1959 319 2045 utilitas,
337 1981 435 2043 eum,
464 1957 523 2052 qui
550 1958 725 2052 Scripturis
748 1959 908 2052 perpetue
932 1959 973 2028 sit
998 1959 1171 2046 intentus,
1191 1973 1226 2038 et

183 2087 295 2136 earum
312 2063 480 2159 colloquio
493 2063 634 2152 fruatur,
653 2089 730 2136 cum
743 2065 857 2158 planti
870 2073 1040 2158 comparat
1052 2089 1128 2160 quae
1144 2083 1226 2136 sem·
1339 2065 1346 2076 ’

183 2176 392 2268 perfloreat,
407 2175 503 2267 juxte
518 2175 604 2244 rivos
620 2197 780 2267 aquarum
794 2174 872 2258 sita,
886 2173 967 2243 duim
982 2174 1028 2244 ist
1047 2173 1196 2269 loquitur
1213 2205 1222 2246 ι

184 2281 326 2352 Beatus
341 2281 410 2366 uir,
427 2279 491 2370 qui
503 2302 577 2348 non
588 2277 680 2348 abrit
694 2281 732 2348 in
750 2277 900 2350 consilio
916 2281 1122 2372 impiorum,
1141 2293 1176 2350 et
1187 2281 1226 2350 ln

185 2389 247 2457 cici
255 2399 493 2480 peccatorum
509 2386 708 2473 constetit,
721 2398 757 2454 et
769 2385 809 2454 in
823 2383 1003 2455 catlzedrd
1011 2384 1226 2479 pestilentie

185 2517 258 2564 non
281 2490 375 2563 sedit
401 2517 411 2561 .·
439 2489 510 2562 scd
529 2493 567 2562 in
597 2489 677 2588 lege
702 2489 857 2564 Domini
878 2489 1047 2566 voluntas
1073 2493 1167 2588 ejus,
1193 2508 1229 2564 et

187 2601 225 2670 in
236 2597 314 2694 Iege
324 2597 401 2695 ejus
416 2595 651 2668 meditabitur
660 2594 718 2667 die
733 2601 780 2668 isc
791 2612 915 2670 nocte:
927 2611 964 2668 et
973 2599 1041 2670 enit
1050 2599 1227 2692 tanqudm

187 2703 337 2800 lignum,
348 2701 657 2797 quodplantatum
667 2691 1224 2798 estsectlsdecureusoquamm¹.

188 2813 231 2880 Ut
242 2809 330 2895 enim
342 2808 469 2900 lignum
478 2807 563 2879 illud
572 2807 664 2880 secde
680 2826 840 2901 uquarum
853 2808 1009 2880 decursus
1024 2811 1226 2902 plantatum,

188 2939 226 2986 ex
236 2919 331 3010 juxti
347 2919 432 2994 nvos
447 2915 557 3002 situm,
575 2914 657 2984 dum
676 2912 813 3009 perenni
828 2936 988 3008 uquarum
1005 2917 1100 3008 copis
1113 2915 1229 3009 irrigu-

187 3037 258 3110 tur‚
272 3022 366 3094 nulli
380 3023 573 3116 intemperie
586 3023 669 3092 airis
682 3021 760 3092 laedi
774 3034 901 3116 potest,
915 3036 949 3092 et
963 3045 1072 3118 neque
1089 3021 1166 3094 solis
1181 3045 1231 3096 ra-

188 3130 259 3203 dios
274 3131 380 3202 acrids
399 3130 632 3202 incalescentes
650 3111 854 3217 reiolmidat,
871 3153 981 3226 neque
996 3133 1135 3224 graviori
1149 3147 1232 3207 aestu

189 3238 377 3308 sevientem
397 3238 741 3342 alitemlpertimescim
758 3237 835 3310 cium
854 3239 943 3309 enim
958 3238 1124 3311 inclusum
1138 3241 1185 3334 in⁴
1197 3263 1232 3311 se
1291 3257 1293 3262 ·

189 3344 407 3414 sufficientem
421 3344 596 3414 humorem
610 3344 749 3431 habeat,
767 3365 901 3414 omnem
916 3343 999 3416 radii
1014 3347 1127 3416 solaris
1142 3362 1232 3418 ente·

119 3489 124 3498 ·
189 3452 256 3520 riuis
271 3453 479 3542 ingruentem
496 3449 648 3522 ardorem
670 3450 779 3520 statim
795 3448 932 3543 depellit
950 3474 988 3521 ac
1007 3450 1166 3525 discutite
1185 3453 1232 3526 ilc

190 3557 288 3626 etiam
306 3557 430 3642 anima,
453 3580 528 3650 quae
543 3557 637 3650 juxte
651 3579 816 3627 sacrarum
831 3557 917 3627 rivos
932 3559 1171 3655 scripturarum
1184 3583 1233 3631 se·

190 3664 258 3747 det,
273 3685 311 3731 ec
325 3666 485 3755 perpetuo
497 3663 640 3755 rigatur,
652 3661 733 3734 dum
744 3662 857 3734 latices
867 3661 952 3751 illos,
970 3687 1145 3760 roremque
1161 3669 1232 3762 llpi·

177 3769 271 3864 ritfis
290 3769 327 3838 in
345 3770 517 3863 semetipse
535 3765 677 3862 colligit,
700 3771 855 3842 omnibus
876 3795 987 3844 rerum
1009 3773 1230 3846 humanarum
1333 3837 1335 3845 .

190 3874 406 3945 incommodis
415 3863 688 3968 resistet'invictu3
699 3875 766 3948 sive
778 3878 927 3966 morbus,
937 3879 1005 3951 eive
1015 3873 1243 3969 contumelia,

228 4001 315 4055 ‘Psel
328 4019 347 4070 a,
362 4003 419 4054 1-3.
897 4013 901 4022 ‘
