2982 4584
240 437 342 484 ctrur
365 438 479 485 vunnu
502 437 658 482 uurnono
681 421 717 481 iu
732 435 939 484 concremans
954 430 1121 480 tuntum.
1148 417 1208 482 441

219 545 282 610 Ill.
294 544 342 609 De
359 538 607 623 resonarint
619 537 712 628 cujus
727 535 915 604 encomium
927 526 1075 606 versatur
1090 539 1209 623 oratio,

62 699 65 708 .
172 647 218 716 sic
230 645 412 735 elegantem
427 641 613 712 deducebat
635 638 898 726 conclusionem,
917 639 993 709 eum
1004 643 1124 712 mortui
1140 647 1213 714 Cae-

172 751 245 821 sani
265 750 374 820 fratris
390 749 504 820 laudes
518 738 714 832 concinens,
739 747 816 814 hinc
836 746 854 813 ὲ
870 747 999 814 terrena
1015 747 1157 818 vanitate
1169 749 1213 818 ad

171 857 339 928 coelestem
358 857 550 928 felicitatem
575 875 609 922 sc
642 851 856 954 convertendi
886 875 998 922 ansam
1027 854 1213 924 assumebat

171 965 281 1036 dicens
300 995 323 1036 :¹

216 1118 233 1155 «
252 1089 385 1158 Utinam
397 1082 595 1173 ,Membrca'
608 1107 689 1176 quae
700 1108 810 1178 super
824 1097 960 1154 terram
972 1098 1074 1171 sunt,
1087 1089 1212 1156 morti-

168 1197 271 1278 ficem
284 1197 316 1260 ¹!
344 1193 472 1261 utinam
495 1193 604 1264 omnia
624 1215 682 1284 per
700 1193 856 1284 Spiritum
873 1193 1064 1277 absumam‚
1092 1195 1214 1263 Arctci

168 1303 234 1370 vali
242 1355 255 1387 ,
270 1314 305 1369 et
321 1302 397 1390 quai
406 1301 521 1392 pauci
531 1289 795 1394 'grudr'untur²,
814 1323 883 1370 non
898 1313 1008 1368 autem
1022 1297 1103 1370 latri
1118 1316 1151 1371 ct
1166 1301 1214 1374 la·

169 1405 224 1476 cili
240 1405 415 1474 incedens!
434 1411 553 1494 Magna
570 1406 658 1496 enim
672 1405 821 1497 profectd
837 1419 871 1474 et
880 1405 1051 1475 luculenta
1066 1421 1144 1477 sunt
1159 1432 1209 1494 ea,

169 1536 245 1606 quae
259 1514 375 1604 postea
388 1526 594 1606 sequuntur,
612 1535 650 1580 ac
665 1535 736 1603 spes
753 1512 908 1580 meritum
924 1525 1073 1598 nostrum
1090 1527 1124 1582 et
1139 1515 1212 1605 dig·

168 1619 305 1688 nitatem
317 1617 453 1687 excedit.
469 1614 571 1712 Quid
583 1631 636 1686 est
651 1614 770 1704 homo,
783 1614 881 1708 quaid
888 1641 1026 1687 memor
1039 1643 1077 1688 es
1089 1619 1166 1716 ejus
1177 1621 1212 1690 ³4²

168 1723 342 1807 Quodnam
358 1725 422 1794 hoc
432 1746 555 1795 novum
572 1723 696 1793 circum
708 1730 761 1792 me
770 1725 988 1813 mysterium?
1001 1730 1124 1794 Parvus
1136 1749 1210 1795 sum

166 1843 200 1898 et
217 1851 376 1919 magnus,
405 1827 538 1898 humilis
552 1843 586 1898 et
601 1827 764 1912 excelsus,
782 1829 928 1898 mortalis
940 1845 973 1899 et
992 1831 1207 1918 immortalis,

166 1949 315 2004 terrenus
331 1928 365 2004 et
388 1935 540 2004 coelestis.
558 1933 619 2004 llla
635 1958 711 2004 cum
726 1933 874 2006 inferiori
889 1937 953 2006 hoc
968 1939 1116 2027 mundo,
1138 1939 1210 2008 haec

166 2065 241 2111 cunr
261 2047 349 2130 Deo,
367 2041 423 2110 illa
439 2063 516 2110 cum
534 2065 648 2127 carne,
667 2043 739 2110 haec
759 2065 835 2112 cum
850 2043 977 2134 spiritu.
997 2045 1135 2135 Oportet
1156 2067 1211 2114 me

165 2172 243 2219 cum
258 2131 390 2219 Christo
406 2149 552 2240 sepeliri,
569 2170 647 2217 cum
662 2148 792 2218 Christo
811 2171 996 2239 resurgere,
1014 2151 1137 2220 Christi
1153 2174 1210 2221 co-

166 2253 331 2323 haeredem
347 2276 437 2340 esse,
454 2251 560 2322 filium
575 2255 635 2324 Dei
645 2255 735 2339 fieri,
755 2268 854 2346 atque
869 2255 951 2324 adeo
960 2260 1066 2324 Deum
1082 2258 1204 2349 ipsum.

165 2361 283 2430 Videte
298 2362 366 2454 qud
388 2384 447 2430 nos
468 2361 571 2430 oratio
587 2360 798 2452 progrediens
816 2360 950 2442 tandem
970 2363 1123 2431 evexerit.
1144 2368 1209 2434 Pa-

164 2468 238 2536 rirm
250 2467 355 2553 abest,
370 2469 453 2560 quin
464 2467 641 2537 calamitati
653 2467 771 2558 gratias
783 2467 880 2536 etiam
896 2467 1048 2553 habeam,
1066 2469 1100 2536 in
1114 2473 1208 2563 cnjus

165 2574 301 2664 gratiam
316 2575 388 2642 hacc
404 2574 557 2658 disserui,
577 2585 610 2641 et
624 2595 699 2666 quae
718 2570 800 2640 mihi
817 2573 921 2665 majus
934 2595 974 2640 ex
987 2573 1050 2642 haic
1062 2574 1129 2642 vira
1146 2577 1207 2644 mi·

164 2677 281 2769 grandi
296 2675 493 2745 desiderium
505 2677 627 2767 injecit.
645 2679 717 2744 Hoc
730 2679 825 2744 nobis
842 2701 1000 2766 magnum
1015 2677 1100 2746 illud
1115 2703 1206 2769 mys-

164 2783 284 2850 terium
300 2781 447 2871 designat
466 2811 474 2850 :
495 2782 560 2850 hoc
580 2779 675 2849 nobis
697 2785 802 2866 Deus,
821 2783 879 2872 qui
906 2783 1017 2850 nostra
1033 2786 1131 2850 causat
1146 2785 1207 2853 hu·

163 2887 355 2968 manitatem
375 2886 533 2979 suscepit,
560 2909 598 2955 ac
621 2907 748 2978 pauper
767 2883 873 2954 factus
889 2899 937 2954 est
949 2940 969 2971 ,.
985 2900 1024 2956 ut
1041 2889 1205 2980 jacentem

161 3016 294 3064 carnem
311 2993 469 3084 erigeret,
488 3007 521 3062 et
540 2992 800 3062 incolumitatem
822 2993 958 3084 imagini
981 2994 1132 3081 afferret,
1147 2996 1206 3066 ho-

161 3103 351 3194 minemque
366 3101 580 3181 instauraret,
604 3113 657 3186 ut,
680 3097 814 3170 Omnes
826 3122 937 3168 unum
952 3099 1152 3196 efficimur
1167 3104 1204 3172 r'r'r

166 3205 310 3276 Chrr'sto
321 3207 355 3292 ⁴,
379 3207 438 3299 qui
453 3205 597 3298 perfecte
612 3205 718 3275 lactus
734 3218 783 3273 est
801 3204 837 3272 in
853 3205 1008 3274 omnibus
1023 3209 1118 3276 nobis
1133 3231 1204 3278 om·

160 3316 215 3384 nia
231 3335 450 3408 quaecumque
464 3313 534 3404 ipse
557 3325 627 3400 est,
653 3324 692 3378 ut
702 3313 771 3402 jhm
785 3332 855 3378 non
870 3311 986 3398 simus,
1011 3309 1202 3384 Masculus

160 3437 197 3493 et
209 3423 373 3520 foemina
383 3475 396 3508 ,
420 3417 600 3490 barbarus
625 3430 661 3485 et
679 3415 837 3510 Scytha,
865 3439 985 3490 seruus
1007 3433 1042 3488 ct
1069 3417 1200 3508 Ir'ber·⁵,

93 3576 96 3581 -
159 3545 326 3625 quaesunt
339 3530 444 3600 carnis
460 3527 599 3618 insignia
614 3535 648 3596 et
665 3523 873 3612 discrimina,
892 3525 951 3594 sed
966 3526 1070 3596 solam
1086 3527 1164 3614 Dei,
1183 3531 1203 3596 a

159 3661 228 3732 quo
244 3651 277 3706 ct
292 3638 336 3706 ob
352 3660 452 3730 quem
467 3635 568 3706 creati
587 3656 722 3720 sumus,
739 3645 853 3703 notam
867 3635 903 3701 in
921 3634 1016 3702 nobis
1030 3657 1198 3728 geramus,

195 3851 304 3904 ¹Goloss,
318 3868 356 3918 nr,
368 3851 394 3904 5.
404 3877 435 3890 -
445 3861 456 3889 ²
467 3851 553 3904 matth.
567 3867 611 3916 ru,
624 3831 710 3903 rass-
724 3846 806 3901 ³Psal.
816 3849 869 3916 riu,
883 3847 908 3902 5.
923 3847 979 3900 -l
997 3849 1049 3904 Gal.
1063 3866 1099 3916 nr,
1114 3851 1157 3903 28.
1168 3875 1199 3888 -

160 3937 172 3974 ⁵
191 3955 201 3988 r
217 3939 271 3990 Gor.
286 3953 337 4001 xnr,
351 3952 375 4000 7.
1244 3931 1249 3938 ’
