2984 4580
204 410 305 457 staur
321 414 367 458 vr.
386 413 428 456 nu
451 411 608 455 uernooo
631 397 666 454 ru
689 411 897 454 concinamus
920 404 1086 454 loomim.
1114 390 1178 454 365

138 515 221 582 hunt
236 512 279 580 ad
304 511 442 580 ruinam.
463 510 495 580 Si
510 510 579 594 vis,
597 521 635 576 ut
654 521 758 578 mater
783 529 856 578 mea
876 510 941 594 sis,
959 531 1036 579 cura
1048 511 1178 601 placere

139 617 277 689 Christo.
297 621 372 688 Nou
384 638 524 706 agnosco
540 628 680 682 matrem
689 636 763 706 meo
779 614 921 682 Domino
935 613 1176 706 displicentem.

140 724 299 818 Loquitur
323 723 379 794 illa
403 737 437 792 et
461 721 524 792 alia
551 720 656 790 multa
671 743 746 814 quae
762 733 876 806 taceo,
895 736 928 792 et
943 745 1003 814 pro
1018 735 1051 792 te
1066 722 1180 791 Domi·

140 856 219 904 num
233 833 392 923 rogat1...
413 859 429 896 u

182 940 264 1022 Quis.
275 952 386 1008 autem
402 921 470 1006 nori
493 935 631 1026 miretur
650 933 819 1028 quomodd
840 949 972 1004 sanctus
990 934 1183 1005 Ambrosius

140 1045 220 1112 miri
230 1042 464 1134 Prosopopoeiat
476 1043 563 1110 hanc
578 1039 723 1133 explicet
734 1065 847 1112 vocem
863 1043 1060 1141 Prophetae:
1083 1041 1183 1114 Tuus

141 1174 218 1219 sum
235 1174 316 1245 ege,-
328 1147 434 1220 sulen
446 1171 516 1234 me,
533 1147 696 1218 Domine·
706 1153 730 1216 2.

187 1283 203 1322 a
230 1251 311 1340 llle,
333 1254 457 1346 inquit,
481 1253 587 1323 dicit:
611 1253 710 1324 Tuus
732 1277 830 1339 sum,
848 1254 907 1346 qui
923 1267 1029 1345 potest
1046 1251 1181 1325 dicere:

139 1360 242 1432 Eece
257 1359 382 1430 omnia
404 1353 613 1448 reliquimus
629 1373 664 1428 et
680 1361 794 1432 secuti
806 1383 928 1430 sumus
945 1373 979 1430 te
1000 1362 1026 1428 ³·
1044 1366 1186 1452 Aposto-

141 1466 251 1538 lorum
271 1467 381 1558 itaque
403 1488 467 1538 vox
490 1466 552 1534 ista
569 1479 636 1550 est,
662 1489 724 1534 nec
747 1467 896 1536 omnium
919 1480 1030 1536 tamen
1052 1481 1185 1558 aposto·
1262 1506 1265 1510 ·

142 1574 263 1644 lorum.
276 1575 359 1644 rum
375 1585 408 1640 et
420 1575 439 1640 J
442 1570 523 1640 udas
536 1571 701 1662 apostolus
714 1568 789 1657 fuit,
808 1586 841 1642 et
857 1573 892 1642 in
905 1573 1055 1644 convivio
1066 1574 1187 1644 Christi

141 1680 228 1756 inter
244 1677 407 1770 apostolos
431 1676 656 1746 recumbebat.
676 1677 815 1746 Dicebat
829 1692 862 1748 et
876 1679 945 1770 ipse
966 1677 1066 1750 Tuus
1081 1703 1182 1766 sum,

142 1783 199 1854 sed
210 1805 302 1868 voce,
320 1783 508 1870 concorde.
522 1783 623 1850 Venit
633 1795 667 1850 et
678 1783 838 1852 introivit
849 1785 887 1852 in
903 1808 986 1854 eum
995 1800 1150 1856 satanas
1160 1789 1185 1874 ⁴,

143 1903 175 1960 et
192 1890 293 1982 coepit
305 1889 433 1963 dicere:
450 1893 524 1958 Non
540 1901 695 1968 esttuus,
714 1891 811 1974 Jesu,
825 1889 882 1960 sed
900 1913 991 1960 meus
1009 1906 1068 1961 est.
1087 1895 1188 1964 Deni-
1238 1925 1244 1940 ,

144 1997 209 2089 que
232 2019 361 2088 eaquae
376 2018 449 2064 mea
468 2007 546 2064 sunt
565 1995 704 2084 cogitat,
721 2019 797 2089 quae
815 2018 885 2066 mea
907 1999 1034 2066 suntin
1056 2012 1189 2090 pectore

144 2126 203 2172 suo
222 2099 355 2172 volvit:
380 2115 491 2172 tecum
508 2097 683 2192 epulatur,
707 2116 740 2169 et
770 2125 901 2170 mecum
925 2106 1091 2194 pascitur:
1116 2109 1136 2174 i
1156 2119 1189 2174 te

144 2230 263 2300 panem
284 2206 421 2297 accipit,
439 2209 459 2274 b
481 2229 534 2274 me
555 2207 729 2298 pecuniam
755 2236 762 2276 :
787 2221 897 2276 tecum
921 2209 1028 2301 bibit,
1054 2211 1190 2284 etmihi
1301 2299 1304 2304 Ι

145 2329 240 2384 tuum
257 2313 452 2404 sanguinem
467 2311 582 2382 vendit
600 2342 607 2382 :
626 2327 702 2382 tuus
719 2328 767 2384 est
783 2315 966 2408 apostolus,
989 2331 1023 2386 et
1034 2340 1126 2388 meus
1142 2331 1207 2390 esto

144 2422 382 2494 mercenarius..
1021 2509 1024 2516 .

190 2555 206 2592 a
231 2531 307 2598 Non
333 2539 442 2618 potest
467 2525 576 2594 dicere
603 2525 767 2596 saecularis
794 2555 802 2597 :
834 2526 933 2596 Tuus
955 2552 1062 2612 sum3¹
1080 2530 1191 2622 plures

145 2635 235 2704 enim'
250 2633 402 2702 dominos
415 2633 528 2700 habet.
544 2632 643 2700 Venit
658 2631 763 2702 libido
778 2647 812 2702 et
823 2633 922 2704 dicit:
939 2639 1033 2706 Meus
1049 2659 1094 2722 cs,
1113 2639 1191 2730 quia

145 2766 182 2810 ea
192 2764 271 2834 quae
283 2753 361 2810 sunt
376 2739 532 2830 corporis,
545 2739 747 2829 concupiscis
768 2767 775 2807 :
793 2740 828 2808 in
840 2740 926 2825 illius
940 2741 1192 2814 adolescentulae

147 2868 260 2916 amore
276 2858 308 2914 te
325 2845 406 2912 mibi
427 2841 625 2932 vendidisti,
649 2845 684 2912 in
707 2843 795 2914 illius
816 2845 995 2916 concubitu
1015 2849 1193 2935 meretricis
1272 2839 1275 2847 Κ

146 2954 293 3046 pretium
308 2975 368 3044 pro
384 2965 417 3020 te
437 2951 661 3020 annumeravi.
681 2951 781 3020 Venit
797 2951 943 3037 avaritia,
961 2967 994 3022 et
1010 2953 1089 3022 dicit
1108 2959 1192 3026 :Ar-

148 3074 286 3150 gentum
302 3073 336 3126 et
350 3081 470 3126 aurum
483 3057 573 3152 quod
587 3057 699 3142 babes,
715 3057 879 3128 servitutis
894 3073 960 3129 tuae
971 3061 1113 3152 pretium
1126 3076 1190 3132 cst.

150 3165 307 3259 possessio
323 3182 422 3256 quam
435 3177 525 3232 tenes
537 3217 545 3248 ,
556 3164 638 3256 juris
654 3163 703 3232 tui
717 3163 854 3256 emptio,
873 3163 1017 3234 venditio
1033 3165 1193 3240 libertatis
1234 3199 1237 3206 ¹

66 3277 69 3281 ’
150 3287 217 3342 tuae
225 3286 287 3342 est.
300 3269 401 3340 Venit
414 3268 556 3352 luxuria,
568 3283 600 3337 et
616 3269 696 3338 dicit
712 3297 719 3336 ι
735 3273 829 3338 Meus
845 3291 897 3358 cs,
915 3274 1012 3340 unius
1028 3272 1094 3342 diei
1113 3297 1193 3344 oon-

96 3379 100 3382 ’
150 3380 276 3454 vivium
292 3379 434 3470 pretium
448 3375 606 3460 tuaevitae
622 3389 671 3442 est
688 3373 766 3446 :ille
777 3389 926 3468 sumptus
941 3379 1126 3470 epularum,
1144 3381 1194 3450 mi

153 3487 268 3577 capitis
283 3483 434 3566 licitatio,
454 3481 501 3549 tui
517 3494 566 3548 est
581 3503 707 3547 summa
723 3481 930 3572 contractis,
946 3498 978 3552 et
994 3483 1085 3576 quod
1101 3487 1193 3580 pejus

152 3606 218 3677 cst,
242 3605 318 3660 caro
338 3582 466 3682 emptus
490 3611 544 3676 cs,
571 3585 664 3654 vilior
682 3587 755 3656 cibo
774 3610 807 3659 es
832 3603 890 3658 tuo
916 3619 925 3658 :
950 3593 1120 3682 pretiosior
1146 3609 1195 3664 est

155 3699 254 3768 unius
270 3697 334 3768 diei
346 3720 468 3782 mensa,
485 3697 586 3790 quim
602 3695 703 3764 totius
715 3695 870 3787 temporis
885 3697 961 3766 vita.
980 3703 1069 3770 Inter
1082 3700 1196 3772 calices

192 3853 201 3884 ι
215 3847 242 3896 s,
259 3843 358 3896 flierou.
375 3835 452 3906 opst.
468 3856 527 3894 uu.
547 3865 577 3876 -
597 3812 783 3904 murino,
800 3843 841 3908 87.
861 3869 893 3880 -
914 3842 1024 3900 ³Matur.
1038 3864 1089 3914 xrs,
1106 3862 1149 3914 27.
1164 3873 1195 3888 -

158 3925 249 3979 troan.
264 3945 302 3990 ru,
318 3941 357 3990 17.
404 3933 408 3940 '
545 3947 547 3950 ·
