2992 4590
236 420 339 465 carun
361 421 406 463 vr.
435 419 474 462 ne
497 415 653 461 naraono
675 413 934 460 rn‘concronmus
950 407 1116 457 Auamma.
1134 395 1208 456 ⁸185

169 519 234 591 itta
250 517 502 616 oblr'tafuerr't,
517 539 584 612 ego
599 531 723 586 tamen
742 539 816 584 non
836 513 1031 585 obliviscar
1042 513 1104 582 tut.
1133 515 1210 584 Non
1321 513 1324 520 ’

168 627 300 720 expedit
324 625 465 719 prorsus.
487 625 555 695 Scis
582 623 643 692 ubi
669 645 789 706 verser,
812 623 871 690 ubi
893 623 1031 714 jaccam,
1048 621 1109 690 ubi
1131 617 1210 689 reli-

167 735 276 828 queris
297 755 371 822 me3
389 755 457 803 non
477 730 599 823 estqui
614 729 759 820 porrigat
774 747 921 796 manum.
939 725 992 795 nd
1007 749 1105 796 omne
1117 725 1210 822 quod

167 841 343 926 emerserit,
361 839 499 932 respicio
521 835 564 907 ad
585 833 760 906 Girardum
776 846 816 903 ut
831 855 1076 919 consueveram,
1094 847 1127 904 et
1141 859 1211 905 non.

166 963 226 1017 est.
245 947 340 1016 Heu!
359 961 441 1016 tunc
467 942 647 1036 ingemisco
672 942 779 1027 miser,
796 942 881 1010 sicut
902 941 1003 1010 homo
1029 941 1098 1009 sine
1114 940 1210 1033 adju-

166 1055 261 1125 torio.
277 1059 385 1138 Quem
401 1049 570 1122 consulam
585 1050 621 1117 in
633 1047 813 1138 ambiguis?
828 1047 883 1116 cui
893 1048 927 1115 in
939 1045 1081 1116 adversis
1092 1043 1212 1116 fidam?

165 1163 239 1255 quis
264 1160 412 1252 portabit
438 1157 560 1228 onera?
581 1156 654 1248 quis
676 1153 823 1248 pericula
846 1145 1073 1247 propulsabit?
1093 1155 1211 1223 Nonne

164 1269 291 1361 ubique
326 1288 453 1357 gressus
481 1286 570 1332 meos
598 1260 726 1331 Girardi
752 1259 841 1330 oculi
875 1259 1064 1330 anteibant?
1092 1261 1211 1331 nonna

163 1389 275 1457 tuum,
303 1371 451 1457 Girarde,
469 1384 582 1462 pectus
605 1391 693 1438 curae
716 1391 799 1437 meae
825 1367 946 1452 notilrs,
971 1369 1073 1460 quarn
1097 1389 1210 1436 meum

165 1481 268 1572 ipsius
298 1478 480 1562 habebant,
508 1474 696 1546 familiaritas
722 1475 951 1559 incursabant,
980 1473 1086 1542 acriits
1109 1495 1210 1566 urge·

165 1586 395 1656 bantPNonne
409 1585 444 1652 in
458 1582 572 1674 lingua
586 1585 645 1652 tua
659 1581 716 1650 illa
732 1581 886 1674 placabili
897 1595 931 1652 et
944 1580 1084 1674 potenti,
1101 1603 1209 1650 meam

162 1695 183 1762 a
198 1692 403 1762 sermonibus
426 1689 538 1760 saeculi
553 1689 816 1782 frequentissime
835 1687 1038 1774 vindicabas,
1056 1701 1090 1758 et
1104 1689 1210 1759 amico

161 1796 323 1867 reddebas
349 1796 498 1866 silentio?
520 1795 680 1865 Dominus
695 1793 831 1864 dederat
853 1793 901 1864 illi
924 1794 1072 1886 linguam
1096 1796 1209 1865 erudi·

161 1917 248 1990 tarn,
269 1918 308 1972 ut
329 1903 425 1973 sciret
451 1901 587 1995 quandb
609 1903 747 1971 deberet
767 1901 914 1994 proferre
937 1923 1133 1972 sermonem.
1159 1905 1209 1972 lta

160 2011 306 2104 deniqu'e
321 2011 357 2080 in
373 2008 549 2102 prudentia
564 2031 806 2101 responsorum,
825 2022 858 2078 et
881 2007 917 2077 in
940 2008 1042 2098 gratia
1055 2003 1210 2078 datat‘sibi

161 2121 315 2212 desuper,
332 2131 365 2188 et
377 2117 561 2188 domesticis
577 2115 796 2201 satisfaciebat
812 2130 844 2185 et
860 2117 975 2185 exteris
988 2169 997 2202 ,
1009 2130 1048 2185 ut
1058 2116 1143 2210 pene
1156 2139 1209 2187 me

161 2249 260 2295 nemo
287 2225 485 2319 requireret,
512 2225 566 2298 cui
595 2224 684 2315 prior
709 2223 794 2292 sorte
819 2221 975 2292 Girardus
1002 2223 1205 2292 occurrisset.

160 2332 367 2402 Occurrebat
379 2344 490 2400 autem
506 2329 773 2414 adventantibus,
790 2351 959 2422 opponens
975 2353 1026 2417 se,
1041 2353 1084 2398 ne
1098 2329 1208 2398 subitd

159 2463 273 2510 meum
289 2441 395 2509 otium
406 2439 623 2508 incursarent.
641 2438 673 2508 Si
688 2437 809 2532 quibus
820 2430 898 2506 sane
909 2461 968 2530 per
980 2461 1013 2508 se
1025 2437 1208 2508 satisfacere

159 2571 230 2617 non
245 2547 380 2641 quibat,
394 2548 455 2615 hos
474 2545 678 2637 perducebat
694 2547 737 2615 ad
754 2569 819 2631 me,
832 2560 967 2615 caeteros
982 2545 1164 2616 emittebat.
1177 2547 1207 2618 0

159 2654 269 2723 virum
286 2652 545 2738 industriumlb
562 2652 704 2722 amicum
719 2652 867 2720 fidelem!
887 2666 921 2720 et
942 2653 1047 2722 amico
1073 2653 1208 2745 gerebat

159 2784 301 2846 morem,
314 2774 348 2828 et
362 2759 479 2829 officiis
494 2759 661 2827 charitatis
673 2780 742 2826 non
757 2756 880 2824 deerat.
899 2757 979 2838 Quis
992 2761 1097 2826 vacua
1112 2760 1155 2828 ab
1166 2781 1206 2830 eo

159 2868 292 2938 recessit
306 2870 427 2936 manu?
444 2867 477 2937 Si
492 2865 594 2951 dives,
612 2864 804 2954 consilium,
821 2864 848 2932 si
869 2887 1007 2956 pauper,
1022 2863 1206 2934 subsidium

159 2974 362 3067 reportabat.
377 2977 445 3044 Nec
467 2972 637 3066 quaerebat
661 2995 737 3064 quae
759 2995 818 3040 sua
840 2984 934 3056 sunt,
951 2970 1010 3065 qui
1033 2995 1067 3040 se
1089 2972 1205 3041 mediis

159 3081 333 3174 ingerebat
355 3083 453 3166 curis,
476 3094 515 3149 ut
538 3101 598 3170 ego
622 3103 784 3149 vacarem.
813 3079 971 3172 Sperabat
994 3081 1094 3168 enim,
1120 3081 1205 3151 sicut

159 3187 456 3272 erathumillimus,
468 3188 622 3280 majorem
634 3184 676 3254 de
688 3189 799 3256 nostra
811 3187 921 3280 quiete
933 3186 1203 3282 sructutn,quam

159 3297 185 3366 si
209 3307 341 3381 vacaret
363 3295 443 3386 ipse.
463 3293 635 3362 Interdum
662 3307 775 3362 tamen
797 3293 987 3385 postulabat
1010 3297 1147 3382 absolvi,
1170 3312 1204 3366 et

159 3403 253 3472 alteri
276 3399 408 3486 cedere,
427 3399 520 3494 quasi
545 3400 603 3492 qui
625 3397 741 3467 melitis
761 3399 958 3490 provideret.
979 3400 1043 3470 Sed
1067 3402 1125 3470 ubi
1147 3403 1206 3472 ille

158 3510 380 3580 inveniretur?
395 3512 462 3579 Nec
472 3506 634 3599 petulanti
650 3506 761 3600 aliquo
777 3513 836 3593 (ut
851 3505 1036 3598 assolet)in
1052 3532 1091 3577 eo
1103 3509 1204 3578 officii

159 3615 369 3686 detinebatur
385 3613 508 3683 affectu
520 3667 529 3699 ‚
542 3613 599 3682 sed
614 3611 683 3682 solo
698 3612 824 3682 intuitu
838 3612 1015 3682 charitatis.
1033 3613 1203 3707 Siquidem

157 3723 232 3816 plus
255 3723 409 3792 omnibus
431 3720 618 3806 laborabat,
643 3735 677 3788 et
701 3721 809 3790 mimis
828 3721 982 3792 omnibus
1008 3722 1200 3815 accipiebat,

157 3831 203 3899 ita
217 3844 257 3899 ut
271 3831 371 3922 saepe,
388 3828 466 3898 clam
483 3825 551 3897 aliis
575 3827 755 3896 necessaria
771 3827 981 3916 ministraret,
999 3844 1110 3921 egeret
1133 3831 1203 3924 ipse

159 3937 194 4006 in
208 3937 371 4030 pluribus,
388 3935 481 4005 verbi
497 3936 604 4020 causat,
620 3934 697 4006 cibo
716 3947 773 4004 aut
787 3951 888 4006 veste.
908 3936 1057 4031 Denique
1072 3937 1149 4007 cbm
1165 3959 1199 4006 se
