2992 4590
222 458 324 506 otrus
348 463 393 506 vr.
412 463 454 505 nu
471 458 628 504 uurnooo
652 459 687 501 ur
709 459 915 502 concrorusos
938 455 1104 504 nouimus.
1132 443 1192 503 1³1

160 559 230 648 syrii
244 561 341 652 primi
352 573 448 630 erunt
467 589 474 629 :
492 553 764 651 quandoquidem
776 569 809 623 et
824 557 884 648 ipsi
901 559 997 648 primi
1012 582 1070 650 pcr
1084 563 1197 648 Magos

160 687 231 733 eum
247 651 476 760 adoravdrunt.
496 662 644 754 AEgyptii
664 663 742 729 verb
757 673 832 752 post
855 663 1022 750 Assyrios,
1042 664 1196 757 quando·

160 769 289 862 quidem
318 772 425 864 ipsum
454 768 593 840 Herodis
616 766 747 835 insidias
778 764 959 854 fugientem
986 771 1194 860 excepdrunt.

160 862 323 947 Postremo
335 881 413 948 verd
425 878 499 947 loco
513 885 706 944 numeratur
718 872 828 955 lsrael,
843 874 1112 967 quandoquidem
1123 887 1198 967 post

161 1007 332 1075 ascensum¹
342 987 411 1078 ejus
426 1009 465 1052 ex
480 983 624 1052 Jordane
638 980 708 1048 tum
723 977 855 1048 demum
869 1001 928 1071 per
939 980 1112 1072 Apostolos
1123 994 1200 1050 euttt

160 1093 372 1181 agnovebunt.
401 1097 568 1180 Ingressus
594 1101 642 1157 est
666 1099 775 1156 autem
801 1088 984 1179 AEgyptum
1007 1089 1201 1158 concutiens

159 1200 295 1290 AEgypti
320 1196 528 1282 manufacta,
554 1217 619 1264 non
643 1215 779 1286 quoquo
803 1193 918 1278 modo,
945 1193 1003 1262 sed
1025 1197 1201 1288 postqubm

159 1305 296 1395 AEgypti
334 1303 496 1372 vestibula
532 1299 692 1371 conclusit
724 1301 859 1368 interitu
896 1301 1198 1392 primogenitorum.

161 1413 339 1502 Propterei
363 1411 516 1500 tanquam
533 1407 768 1500 primogenitus
777 1393 881 1475 'bodie
905 1409 1067 1498 ingressus
1082 1423 1147 1496 est,
1165 1421 1204 1479 ut

161 1519 307 1608 antiqnae
332 1516 490 1584 moestitiae
514 1514 642 1584 luctum
667 1513 817 1584 solveret.
845 1516 1102 1605 Primogenitum
1124 1519 1202 1588 verb

160 1623 225 1692 dici
243 1625 406 1693 Christum
418 1637 553 1692 testatur
569 1621 667 1692 bodie
680 1628 784 1691 Lucas
800 1623 996 1714 evangelista
1012 1623 1088 1693 citm
1101 1625 1201 1696 dicit:

158 1727 198 1800 E
200 1745 214 1798 t
220 1733 362 1822 peperit
362 1727 484 1824 filium
493 1753 596 1800 sunm
604 1729 897 1824 primogenitum,
908 1743 943 1798 et
949 1733 1084 1821 pannis
1097 1729 1204 1802 invol-

121 1857 126 1867 '
160 1839 208 1910 vit
223 1860 317 1924 enm,
332 1851 366 1906 et
382 1835 577 1908 acclinavit
594 1861 675 1905 cum
688 1837 725 1904 in
735 1837 926 1928 praesepio,
937 1839 1024 1925 quia
1037 1861 1109 1908 non
1122 1854 1204 1909 erat

160 1945 210 2013 eis
228 1941 327 2022 locus
349 1945 386 2012 in
403 1943 598 2047 dr'rqrsorio
612 1945 636 2011 ¹.
660 1945 828 2033 Ingressus
844 1957 891 2010 est
907 1944 1006 2034 igitur
1020 1947 1205 2038 AEgyptbm

86 2063 91 2071 '
159 2065 198 2120 ut
214 2053 360 2144 antiquae
382 2050 546 2119 moestitiae
567 2043 696 2118 luctum
712 2048 873 2118 solveret:
892 2063 925 2118 et
940 2049 1111 2142 plagarum
1130 2051 1205 2124 loco

160 2161 316 2249 gaudium
337 2159 473 2244 invexit,
486 2171 518 2227 et
534 2157 608 2226 loco
623 2157 728 2226 noctis
744 2167 844 2249 atquo
855 2159 1077 2245 tenebrarum,
1092 2159 1206 2256 lumen

160 2267 272 2336 salutis
288 2267 426 2358 largitus
442 2279 502 2334 est.
522 2265 751 2335 Contaminata
770 2277 851 2333 tunc
871 2265 936 2336 luit
959 2289 1043 2358 aqua
1060 2267 1204 2338 ssuminis

160 2373 345 2442 immaturae
361 2373 465 2442 aetatis
480 2370 658 2441 infantium
675 2366 765 2439 caede
782 2397 789 2439 :
808 2371 971 2461 ingressus
994 2385 1042 2442 est
1054 2373 1154 2465 igitur
1169 2377 1206 2445 in

160 2485 344 2572 AEgyptum
358 2481 404 2564 is,
424 2479 481 2572 qni
497 2499 616 2570 aquarn
633 2476 767 2546 rubram
788 2475 997 2564 reddiderat,
1012 2493 1045 2548 et
1061 2480 1206 2554 fluminis

160 2585 295 2656 fluentis
310 2587 375 2655 rim
390 2583 546 2675 gignendi
560 2583 699 2652 salutem
716 2582 852 2670 indidit,
872 2607 1053 2679 eorumque
1064 2587 1205 2681 impuri·

160 2707 261 2763 tatem
279 2718 316 2763 ac
327 2695 438 2763 sordes
458 2691 595 2782 Spiritus
610 2691 732 2760 virtute
747 2693 911 2781 purgavit.
930 2693 1052 2764 Alllicti
1069 2696 1205 2768 ludrunt

160 2803 324 2894 AEgyptii,
342 2813 376 2869 et
391 2798 503 2868 surore
518 2797 659 2888 correpti
675 2801 780 2865 Deum
799 2799 1017 2886 abnegarunt.
1037 2805 1205 2892 Ingressus

160 2923 208 2978 est
228 2909 330 3000 igitur
347 2908 381 2974 in
397 2907 601 2997 AEgyptum,
621 2901 784 2992 religiosas
800 2902 924 2971 animas
945 2905 1132 2993 cognitione
1146 2911 1204 2978 oei

160 3014 347 3106 complens,
364 3011 475 3081 effecit
489 3023 527 3080 ut
542 3009 668 3079 flumen
685 3007 908 3109 loecundiores
926 3009 1022 3103 spicis
1046 3027 1204 3104 martyres

160 3122 274 3190 aleret.
303 3117 366 3192 Sed
389 3133 523 3212 propter
544 3119 708 3209 angustias
739 3115 894 3209 temporis
918 3117 983 3189 hoc
1008 3119 1083 3190 loco
1105 3123 1206 3192 statui

159 3229 262 3297 finem
278 3227 385 3298 lacere
401 3227 547 3311 dicendi,
565 3223 656 3317 quod
672 3219 836 3316 reliquum
855 3235 904 3293 est
919 3227 1041 3316 nogotii
1060 3229 1152 3300 vobis
1170 3231 1205 3300 in

159 3335 248 3404 diem
267 3346 458 3428 sequentem
475 3345 694 3401 reservaturus
713 3358 721 3400 ι
745 3331 798 3398 htc
815 3343 925 3398 autem
945 3333 1084 3424 orationi
1103 3337 1204 3404 finem

158 3442 350 3534 imponam,
368 3439 427 3509 ubi
438 3441 502 3508 hoc
517 3435 709 3529 explevero,
730 3459 798 3528 quo
814 3449 912 3526 pacto
928 3433 1104 3526 nimirum,
1126 3441 1203 3510 cum
1281 3436 1284 3445 ¹

159 3547 345 3642 impatibile
357 3547 504 3616 Verbum
520 3557 620 3628 esset,
634 3563 710 3611 caro
723 3539 847 3610 sactum
867 3543 920 3626 sit,
937 3541 1110 3613 immutati
1129 3569 1201 3616 ma-

158 3671 263 3734 nente
278 3655 407 3724 naturit.
427 3651 515 3736 Quid
537 3649 663 3734 dicam,
686 3661 743 3718 aut
758 3647 840 3742 quid
855 3647 995 3742 loquar?
1011 3651 1156 3720 Fabrum
1171 3667 1205 3724 et

159 3783 309 3854 praesepe
322 3759 434 3845 video,
459 3771 492 3828 et
505 3756 679 3842 infantem,
698 3767 730 3824 et
745 3777 906 3824 cunarum
931 3753 1062 3843 fascias,
1084 3771 1115 3828 et
1127 3761 1203 3830 Vir·
1320 3793 1322 3796 ·
1354 3773 1368 3866 x·

162 3867 247 3960 ginis
269 3879 400 3960 parturn
423 3863 521 3934 rebus
546 3861 731 3936 necessariis
748 3860 959 3947 destitutum,
987 3864 1096 3934 omnia
1112 3887 1204 3958 eges·-

202 4003 209 4032 ¹
223 3999 326 4056 Lucu,
341 4010 364 4055 7.
