<?xml version="1.0" encoding="UTF-8"?>
<!DOCTYPE html PUBLIC "-//W3C//DTD XHTML 1.0 Transitional//EN"
    "http://www.w3.org/TR/xhtml1/DTD/xhtml1-transitional.dtd">
<html xmlns="http://www.w3.org/1999/xhtml" xml:lang="en" lang="en">
 <head>
  <title>
</title>
<meta http-equiv="Content-Type" content="text/html;charset=utf-8" />
  <meta name='ocr-system' content='tesseract 3.04.00' />
  <meta name='ocr-capabilities' content='ocr_page ocr_carea ocr_par ocr_line ocrx_word'/>
</head>
<body>
  <div class='ocr_page' id='page_1' title='image "./rhetoricasancto00cailgoog_0367.png"; bbox 0 0 2984 4580; ppageno 0'>
   <div class='ocr_carea' id='block_1_1' title="bbox 290 395 1329 601">
    <p class='ocr_par' dir='ltr' id='par_1_1' title="bbox 290 395 1329 601">
     <span class='ocr_line' id='line_1_1' title="bbox 294 395 1247 475; baseline -0.008 -19"><span class='ocrx_word' id='word_1_1' title='bbox 294 395 356 456; x_wconf 79' lang='grc'>368</span> <span class='ocrx_word' id='word_1_2' title='bbox 441 402 845 475; x_wconf 68' lang='lat' dir='ltr'>uusuoa1cts.rtuauu,</span> <span class='ocrx_word' id='word_1_3' title='bbox 871 405 947 452; x_wconf 82' lang='lat' dir='ltr'>raas</span> <span class='ocrx_word' id='word_1_4' title='bbox 971 410 1016 467; x_wconf 88' lang='lat'>11,</span> <span class='ocrx_word' id='word_1_5' title='bbox 1041 407 1125 452; x_wconf 80' lang='lat' dir='ltr'>sucu.</span> <span class='ocrx_word' id='word_1_6' title='bbox 1151 408 1176 450; x_wconf 90' lang='lat' dir='ltr'>r.</span> <span class='ocrx_word' id='word_1_7' title='bbox 1242 410 1247 418; x_wconf 89' lang='lat'><em>·</em></span> 
     </span>
     <span class='ocr_line' id='line_1_2' title="bbox 290 505 1329 601; baseline -0.004 -21"><span class='ocrx_word' id='word_1_8' title='bbox 290 510 398 580; x_wconf 82' lang='lat' dir='ltr'>mimis</span> <span class='ocrx_word' id='word_1_9' title='bbox 417 509 508 579; x_wconf 87' lang='lat' dir='ltr'>oravi</span> <span class='ocrx_word' id='word_1_10' title='bbox 528 509 629 601; x_wconf 76' lang='lat' dir='ltr'>qnam</span> <span class='ocrx_word' id='word_1_11' title='bbox 646 505 760 576; x_wconf 89' lang='lat' dir='ltr'>debui.</span> <span class='ocrx_word' id='word_1_12' title='bbox 779 506 860 588; x_wconf 86' lang='lat' dir='ltr'>Quis</span> <span class='ocrx_word' id='word_1_13' title='bbox 875 507 955 576; x_wconf 90' lang='lat' dir='ltr'>mibi</span> <span class='ocrx_word' id='word_1_14' title='bbox 977 506 1094 600; x_wconf 80' lang='lat' dir='ltr'><strong>reddet</strong></span> <span class='ocrx_word' id='word_1_15' title='bbox 1113 508 1204 578; x_wconf 90' lang='lat' dir='ltr'>hunc</span> <span class='ocrx_word' id='word_1_16' title='bbox 1224 505 1329 596; x_wconf 72' lang='lat' dir='ltr'>dem,</span> 
     </span>
    </p>
   </div>
   <div class='ocr_carea' id='block_1_2' title="bbox 115 611 917 728">
    <p class='ocr_par' dir='ltr' id='par_1_2' title="bbox 9 559 917 728">
     <span class='ocr_line' id='line_1_3' title="bbox 115 611 917 728; baseline -0.006 -46.584"><span class='ocrx_word' id='word_1_17' title='bbox 115 661 157 728; x_wconf 71' lang='lat'>.&#39;</span> <span class='ocrx_word' id='word_1_18' title='bbox 229 679 231 682; x_wconf 94' lang='lat'>.</span> <span class='ocrx_word' id='word_1_19' title='bbox 291 639 390 710; x_wconf 93' lang='lat' dir='ltr'>quem</span> <span class='ocrx_word' id='word_1_20' title='bbox 405 613 526 686; x_wconf 86' lang='lat' dir='ltr'>fabulis</span> <span class='ocrx_word' id='word_1_21' title='bbox 540 615 576 682; x_wconf 92' lang='lat' dir='ltr'>in</span> <span class='ocrx_word' id='word_1_22' title='bbox 591 613 682 683; x_wconf 80' lang='lat' dir='ltr'>vatris</span> <span class='ocrx_word' id='word_1_23' title='bbox 698 611 828 704; x_wconf 89' lang='lat' dir='ltr'>perdidi</span> <span class='ocrx_word' id='word_1_24' title='bbox 844 614 855 652; x_wconf 81' lang='lat'><strong>1</strong></span> <span class='ocrx_word' id='word_1_25' title='bbox 870 615 884 681; x_wconf 73' lang='lat' dir='ltr'>l</span> <span class='ocrx_word' id='word_1_26' title='bbox 901 640 917 676; x_wconf 80' lang='lat' dir='ltr'>u</span> 
     </span>
    </p>
   </div>
   <div class='ocr_carea' id='block_1_3' title="bbox 245 713 1410 2726">
    <p class='ocr_par' dir='ltr' id='par_1_3' title="bbox 291 713 1333 914">
     <span class='ocr_line' id='line_1_4' title="bbox 334 713 1333 812; baseline 0 -22"><span class='ocrx_word' id='word_1_27' title='bbox 334 722 415 806; x_wconf 87' lang='lat' dir='ltr'>Quis</span> <span class='ocrx_word' id='word_1_28' title='bbox 430 713 498 792; x_wconf 86' lang='lat' dir='ltr'>non</span> <span class='ocrx_word' id='word_1_29' title='bbox 508 732 695 790; x_wconf 87' lang='lat' dir='ltr'>moveretur</span> <span class='ocrx_word' id='word_1_30' title='bbox 708 718 963 810; x_wconf 88' lang='lat' dir='ltr'>pulcherrimam</span> <span class='ocrx_word' id='word_1_31' title='bbox 971 719 1057 790; x_wconf 89' lang='lat' dir='ltr'>banc</span> <span class='ocrx_word' id='word_1_32' title='bbox 1064 717 1167 790; x_wconf 86' lang='lat' dir='ltr'>sancti</span> <span class='ocrx_word' id='word_1_33' title='bbox 1176 720 1333 812; x_wconf 80' lang='lat' dir='ltr'>prraem</span> 
     </span>
     <span class='ocr_line' id='line_1_5' title="bbox 291 825 925 914; baseline -0.003 -16"><span class='ocrx_word' id='word_1_34' title='bbox 291 849 367 898; x_wconf 85' lang='lat' dir='ltr'>uum</span> <span class='ocrx_word' id='word_1_35' title='bbox 383 832 452 896; x_wconf 88' lang='lat' dir='ltr'>Deo</span> <span class='ocrx_word' id='word_1_36' title='bbox 463 825 773 896; x_wconf 78' lang='lat' dir='ltr'><strong>sermocinationem</strong></span> <span class='ocrx_word' id='word_1_37' title='bbox 788 825 897 914; x_wconf 90' lang='lat' dir='ltr'>legens</span> <span class='ocrx_word' id='word_1_38' title='bbox 917 853 925 896; x_wconf 73' lang='grc' dir='ltr'><strong>ι</strong></span> 
     </span>
    </p>

    <p class='ocr_par' dir='ltr' id='par_1_4' title="bbox 245 929 1410 2726">
     <span class='ocr_line' id='line_1_6' title="bbox 338 929 1332 1024; baseline 0.002 -26"><span class='ocrx_word' id='word_1_39' title='bbox 338 961 354 998; x_wconf 75' lang='lat' dir='ltr'>a</span> <span class='ocrx_word' id='word_1_40' title='bbox 378 935 450 1024; x_wconf 82' lang='lat' dir='ltr'>Ego</span> <span class='ocrx_word' id='word_1_41' title='bbox 466 932 622 1022; x_wconf 84' lang='lat' dir='ltr'>Ephraem</span> <span class='ocrx_word' id='word_1_42' title='bbox 639 943 808 1021; x_wconf 88' lang='lat' dir='ltr'>peccator,</span> <span class='ocrx_word' id='word_1_43' title='bbox 834 931 971 1021; x_wconf 88' lang='lat' dir='ltr'>ignavus</span> <span class='ocrx_word' id='word_1_44' title='bbox 993 953 1030 998; x_wconf 91' lang='lat' dir='ltr'>ac</span> <span class='ocrx_word' id='word_1_45' title='bbox 1050 929 1143 1022; x_wconf 86' lang='lat' dir='ltr'>piger</span> <span class='ocrx_word' id='word_1_46' title='bbox 1169 930 1205 998; x_wconf 93' lang='lat' dir='ltr'>in</span> <span class='ocrx_word' id='word_1_47' title='bbox 1227 943 1332 1000; x_wconf 89' lang='lat' dir='ltr'>certa-</span> 
     </span>
     <span class='ocr_line' id='line_1_7' title="bbox 291 1036 1334 1132; baseline -0.003 -23"><span class='ocrx_word' id='word_1_48' title='bbox 291 1041 380 1110; x_wconf 85' lang='lat' dir='ltr'>mine</span> <span class='ocrx_word' id='word_1_49' title='bbox 404 1038 585 1132; x_wconf 80' lang='lat' dir='ltr'>spirituali,</span> <span class='ocrx_word' id='word_1_50' title='bbox 608 1039 643 1106; x_wconf 91' lang='lat' dir='ltr'>in</span> <span class='ocrx_word' id='word_1_51' title='bbox 667 1061 733 1130; x_wconf 91' lang='lat' dir='ltr'>quo</span> <span class='ocrx_word' id='word_1_52' title='bbox 754 1037 882 1106; x_wconf 73' lang='lat' dir='ltr'>assidue</span> <span class='ocrx_word' id='word_1_53' title='bbox 903 1037 947 1108; x_wconf 91' lang='lat' dir='ltr'>ob</span> <span class='ocrx_word' id='word_1_54' title='bbox 971 1036 1205 1128; x_wconf 81' lang='lat' dir='ltr'>negligentiam</span> <span class='ocrx_word' id='word_1_55' title='bbox 1227 1060 1334 1106; x_wconf 88' lang='lat' dir='ltr'>meam</span> 
     </span>
     <span class='ocr_line' id='line_1_8' title="bbox 292 1143 1334 1240; baseline -0.006 -22"><span class='ocrx_word' id='word_1_56' title='bbox 292 1148 456 1240; x_wconf 87' lang='lat' dir='ltr'>animique</span> <span class='ocrx_word' id='word_1_57' title='bbox 471 1160 638 1238; x_wconf 89' lang='lat' dir='ltr'>torporem</span> <span class='ocrx_word' id='word_1_58' title='bbox 653 1145 779 1230; x_wconf 87' lang='lat' dir='ltr'>vincor,</span> <span class='ocrx_word' id='word_1_59' title='bbox 797 1145 907 1228; x_wconf 88' lang='lat' dir='ltr'>vobis,</span> <span class='ocrx_word' id='word_1_60' title='bbox 929 1145 1053 1216; x_wconf 88' lang='lat' dir='ltr'>strenui</span> <span class='ocrx_word' id='word_1_61' title='bbox 1069 1143 1195 1236; x_wconf 84' lang='lat' dir='ltr'>pugiles</span> <span class='ocrx_word' id='word_1_62' title='bbox 1209 1143 1334 1236; x_wconf 90' lang='lat' dir='ltr'>Deique</span> 
     </span>
     <span class='ocr_line' id='line_1_9' title="bbox 291 1250 1334 1344; baseline -0.006 -20"><span class='ocrx_word' id='word_1_63' title='bbox 291 1253 504 1324; x_wconf 87' lang='lat' dir='ltr'>amantissimi</span> <span class='ocrx_word' id='word_1_64' title='bbox 520 1257 669 1336; x_wconf 77' lang='lat' dir='ltr'>Fratres,</span> <span class='ocrx_word' id='word_1_65' title='bbox 686 1252 853 1340; x_wconf 88' lang='lat' dir='ltr'>ingentem</span> <span class='ocrx_word' id='word_1_66' title='bbox 869 1250 970 1320; x_wconf 91' lang='lat' dir='ltr'>animi</span> <span class='ocrx_word' id='word_1_67' title='bbox 988 1251 1052 1320; x_wconf 92' lang='lat' dir='ltr'>mei</span> <span class='ocrx_word' id='word_1_68' title='bbox 1068 1251 1220 1320; x_wconf 91' lang='lat' dir='ltr'>timorem</span> <span class='ocrx_word' id='word_1_69' title='bbox 1236 1265 1334 1344; x_wconf 90' lang='lat' dir='ltr'>atque</span> 
     </span>
     <span class='ocr_line' id='line_1_10' title="bbox 292 1344 1410 1451; baseline -0.005 -21"><span class='ocrx_word' id='word_1_70' title='bbox 292 1375 480 1445; x_wconf 90' lang='lat' dir='ltr'>tremorem,</span> <span class='ocrx_word' id='word_1_71' title='bbox 499 1359 557 1451; x_wconf 92' lang='lat' dir='ltr'>qui</span> <span class='ocrx_word' id='word_1_72' title='bbox 568 1358 714 1450; x_wconf 88' lang='lat' dir='ltr'>quodam</span> <span class='ocrx_word' id='word_1_73' title='bbox 726 1357 781 1426; x_wconf 87' lang='lat' dir='ltr'>die</span> <span class='ocrx_word' id='word_1_74' title='bbox 789 1381 842 1426; x_wconf 91' lang='lat' dir='ltr'>me</span> <span class='ocrx_word' id='word_1_75' title='bbox 858 1358 1012 1428; x_wconf 91' lang='lat' dir='ltr'>miserum</span> <span class='ocrx_word' id='word_1_76' title='bbox 1028 1372 1127 1451; x_wconf 90' lang='lat' dir='ltr'>atque</span> <span class='ocrx_word' id='word_1_77' title='bbox 1142 1344 1335 1428; x_wconf 90' lang='lat' dir='ltr'>distractum</span> <span class='ocrx_word' id='word_1_78' title='bbox 1406 1405 1410 1414; x_wconf 77' lang='lat'><strong>·</strong></span> 
     </span>
     <span class='ocr_line' id='line_1_11' title="bbox 291 1462 1335 1554; baseline -0.005 -19"><span class='ocrx_word' id='word_1_79' title='bbox 291 1467 427 1554; x_wconf 91' lang='lat' dir='ltr'>invasit,</span> <span class='ocrx_word' id='word_1_80' title='bbox 448 1487 599 1534; x_wconf 90' lang='lat' dir='ltr'>enarrare</span> <span class='ocrx_word' id='word_1_81' title='bbox 621 1462 709 1535; x_wconf 88' lang='lat' dir='ltr'>volo.</span> <span class='ocrx_word' id='word_1_82' title='bbox 741 1463 838 1553; x_wconf 78' lang='lat' dir='ltr'>Solus¹</span> <span class='ocrx_word' id='word_1_83' title='bbox 854 1463 1009 1534; x_wconf 87' lang='lat' dir='ltr'>sedebam</span> <span class='ocrx_word' id='word_1_84' title='bbox 1030 1464 1066 1532; x_wconf 90' lang='lat' dir='ltr'>in</span> <span class='ocrx_word' id='word_1_85' title='bbox 1091 1463 1166 1534; x_wconf 88' lang='lat' dir='ltr'>loco</span> <span class='ocrx_word' id='word_1_86' title='bbox 1190 1462 1335 1554; x_wconf 87' lang='lat' dir='ltr'>quodam</span> 
     </span>
     <span class='ocr_line' id='line_1_12' title="bbox 291 1567 1335 1668; baseline -0.008 -25"><span class='ocrx_word' id='word_1_87' title='bbox 291 1573 421 1668; x_wconf 87' lang='lat' dir='ltr'>quieto,</span> <span class='ocrx_word' id='word_1_88' title='bbox 439 1570 621 1665; x_wconf 92' lang='lat' dir='ltr'>tranquillo</span> <span class='ocrx_word' id='word_1_89' title='bbox 646 1585 746 1662; x_wconf 91' lang='lat' dir='ltr'>atque</span> <span class='ocrx_word' id='word_1_90' title='bbox 773 1568 923 1655; x_wconf 87' lang='lat' dir='ltr'>sublimi,</span> <span class='ocrx_word' id='word_1_91' title='bbox 950 1584 984 1637; x_wconf 93' lang='lat' dir='ltr'>et</span> <span class='ocrx_word' id='word_1_92' title='bbox 1007 1567 1119 1638; x_wconf 91' lang='lat' dir='ltr'>inanes</span> <span class='ocrx_word' id='word_1_93' title='bbox 1140 1569 1240 1662; x_wconf 87' lang='lat' dir='ltr'>hujus</span> <span class='ocrx_word' id='word_1_94' title='bbox 1259 1569 1335 1637; x_wconf 88' lang='lat' dir='ltr'>vitae</span> 
     </span>
     <span class='ocr_line' id='line_1_13' title="bbox 291 1673 1347 1772; baseline -0.008 -22"><span class='ocrx_word' id='word_1_95' title='bbox 291 1704 397 1766; x_wconf 90' lang='lat' dir='ltr'>curas,</span> <span class='ocrx_word' id='word_1_96' title='bbox 413 1678 577 1749; x_wconf 90' lang='lat' dir='ltr'>tumultus</span> <span class='ocrx_word' id='word_1_97' title='bbox 592 1700 629 1746; x_wconf 89' lang='lat' dir='ltr'>ac</span> <span class='ocrx_word' id='word_1_98' title='bbox 645 1676 909 1768; x_wconf 76' lang='lat' dir='ltr'>perturbationes</span> <span class='ocrx_word' id='word_1_99' title='bbox 927 1689 1038 1744; x_wconf 90' lang='lat' dir='ltr'>mente</span> <span class='ocrx_word' id='word_1_100' title='bbox 1054 1673 1263 1744; x_wconf 90' lang='lat' dir='ltr'>revolvebam</span> <span class='ocrx_word' id='word_1_101' title='bbox 1276 1705 1286 1763; x_wconf 78' lang='lat'>3</span> <span class='ocrx_word' id='word_1_102' title='bbox 1302 1686 1347 1772; x_wconf 66' lang='lat' dir='ltr'>et,</span> 
     </span>
     <span class='ocr_line' id='line_1_14' title="bbox 290 1780 1405 1878; baseline -0.008 -20"><span class='ocrx_word' id='word_1_103' title='bbox 290 1789 499 1878; x_wconf 84' lang='lat' dir='ltr'>illacrymans</span> <span class='ocrx_word' id='word_1_104' title='bbox 522 1786 673 1854; x_wconf 90' lang='lat' dir='ltr'>dicebam</span> <span class='ocrx_word' id='word_1_105' title='bbox 702 1782 906 1866; x_wconf 86' lang='lat' dir='ltr'>:Quomodb</span> <span class='ocrx_word' id='word_1_106' title='bbox 930 1783 997 1852; x_wconf 88' lang='lat' dir='ltr'>vita</span> <span class='ocrx_word' id='word_1_107' title='bbox 1013 1783 1085 1852; x_wconf 84' lang='lat' dir='ltr'>baec</span> <span class='ocrx_word' id='word_1_108' title='bbox 1104 1780 1197 1850; x_wconf 88' lang='lat' dir='ltr'>velut</span> <span class='ocrx_word' id='word_1_109' title='bbox 1217 1781 1334 1850; x_wconf 87' lang='lat' dir='ltr'>umbra</span> <span class='ocrx_word' id='word_1_110' title='bbox 1404 1822 1405 1826; x_wconf 63' lang='lat'><em>=</em></span> 
     </span>
     <span class='ocr_line' id='line_1_15' title="bbox 245 1889 1333 1989; baseline -0.01 -20"><span class='ocrx_word' id='word_1_111' title='bbox 245 1933 250 1948; x_wconf 92' lang='lat'><strong>·</strong></span> <span class='ocrx_word' id='word_1_112' title='bbox 291 1896 388 1989; x_wconf 83' lang='lat' dir='ltr'>sugit,</span> <span class='ocrx_word' id='word_1_113' title='bbox 403 1909 437 1966; x_wconf 89' lang='lat' dir='ltr'>et</span> <span class='ocrx_word' id='word_1_114' title='bbox 453 1896 555 1964; x_wconf 92' lang='lat' dir='ltr'>instar</span> <span class='ocrx_word' id='word_1_115' title='bbox 566 1891 760 1963; x_wconf 83' lang='lat' dir='ltr'>velocissimi</span> <span class='ocrx_word' id='word_1_116' title='bbox 776 1890 914 1970; x_wconf 86' lang='lat' dir='ltr'>cursoris</span> <span class='ocrx_word' id='word_1_117' title='bbox 926 1889 1118 1982; x_wconf 89' lang='lat' dir='ltr'>pertransit,</span> <span class='ocrx_word' id='word_1_118' title='bbox 1134 1891 1333 1982; x_wconf 81' lang='lat' dir='ltr'>ettanquam</span> 
     </span>
     <span class='ocr_line' id='line_1_16' title="bbox 291 1995 1332 2089; baseline -0.01 -15"><span class='ocrx_word' id='word_1_119' title='bbox 291 2006 351 2076; x_wconf 87' lang='lat' dir='ltr'>llos</span> <span class='ocrx_word' id='word_1_120' title='bbox 371 2003 552 2078; x_wconf 88' lang='lat' dir='ltr'>matutinus</span> <span class='ocrx_word' id='word_1_121' title='bbox 568 1998 756 2068; x_wconf 77' lang='lat' dir='ltr'>marcescit?</span> <span class='ocrx_word' id='word_1_122' title='bbox 777 1997 954 2089; x_wconf 83' lang='lat' dir='ltr'>rursirsque</span> <span class='ocrx_word' id='word_1_123' title='bbox 979 2019 1054 2066; x_wconf 90' lang='lat' dir='ltr'>cum</span> <span class='ocrx_word' id='word_1_124' title='bbox 1076 1995 1252 2066; x_wconf 85' lang='lat' dir='ltr'>doloreac</span> <span class='ocrx_word' id='word_1_125' title='bbox 1275 2020 1332 2086; x_wconf 87' lang='lat' dir='ltr'>ge-</span> 
     </span>
     <span class='ocr_line' id='line_1_17' title="bbox 290 2103 1332 2197; baseline -0.01 -17"><span class='ocrx_word' id='word_1_126' title='bbox 290 2113 394 2180; x_wconf 88' lang='lat' dir='ltr'>mitu:</span> <span class='ocrx_word' id='word_1_127' title='bbox 412 2105 599 2192; x_wconf 81' lang='lat' dir='ltr'>Quomodb,</span> <span class='ocrx_word' id='word_1_128' title='bbox 617 2107 770 2197; x_wconf 89' lang='lat' dir='ltr'>inquam,</span> <span class='ocrx_word' id='word_1_129' title='bbox 785 2103 941 2172; x_wconf 87' lang='lat' dir='ltr'>saeculum</span> <span class='ocrx_word' id='word_1_130' title='bbox 956 2104 1020 2172; x_wconf 85' lang='lat' dir='ltr'>hoc</span> <span class='ocrx_word' id='word_1_131' title='bbox 1034 2116 1217 2194; x_wconf 85' lang='lat' dir='ltr'>praetereat,</span> <span class='ocrx_word' id='word_1_132' title='bbox 1235 2104 1332 2192; x_wconf 88' lang='lat' dir='ltr'>igno-</span> 
     </span>
     <span class='ocr_line' id='line_1_18' title="bbox 290 2208 1332 2302; baseline -0.01 -16"><span class='ocrx_word' id='word_1_133' title='bbox 290 2239 411 2286; x_wconf 87' lang='lat' dir='ltr'>ramus.</span> <span class='ocrx_word' id='word_1_134' title='bbox 433 2213 541 2297; x_wconf 80' lang='lat' dir='ltr'>Quare</span> <span class='ocrx_word' id='word_1_135' title='bbox 566 2209 694 2301; x_wconf 86' lang='lat' dir='ltr'>ignavia</span> <span class='ocrx_word' id='word_1_136' title='bbox 710 2211 874 2302; x_wconf 89' lang='lat' dir='ltr'>rebusque</span> <span class='ocrx_word' id='word_1_137' title='bbox 887 2231 931 2288; x_wconf 68' lang='lat' dir='ltr'>‚ac</span> <span class='ocrx_word' id='word_1_138' title='bbox 957 2208 1210 2299; x_wconf 83' lang='lat' dir='ltr'>cogitationibus</span> <span class='ocrx_word' id='word_1_139' title='bbox 1230 2208 1332 2276; x_wconf 92' lang='lat' dir='ltr'>inuti·</span> 
     </span>
     <span class='ocr_line' id='line_1_19' title="bbox 289 2313 1331 2406; baseline -0.01 -14"><span class='ocrx_word' id='word_1_140' title='bbox 289 2322 377 2392; x_wconf 92' lang='lat' dir='ltr'>libus</span> <span class='ocrx_word' id='word_1_141' title='bbox 397 2319 627 2396; x_wconf 71' lang='lat' dir='ltr'>distrahimur?</span> <span class='ocrx_word' id='word_1_142' title='bbox 645 2320 723 2384; x_wconf 92' lang='lat' dir='ltr'>Haec</span> <span class='ocrx_word' id='word_1_143' title='bbox 739 2313 819 2384; x_wconf 81' lang='lat' dir='ltr'>dum</span> <span class='ocrx_word' id='word_1_144' title='bbox 835 2338 964 2384; x_wconf 90' lang='lat' dir='ltr'>mecum</span> <span class='ocrx_word' id='word_1_145' title='bbox 993 2315 1167 2406; x_wconf 79' lang='lat' dir='ltr'>expendo,</span> <span class='ocrx_word' id='word_1_146' title='bbox 1199 2314 1331 2406; x_wconf 78' lang='lat' dir='ltr'>repente</span> 
     </span>
     <span class='ocr_line' id='line_1_20' title="bbox 290 2421 1329 2514; baseline -0.011 -14"><span class='ocrx_word' id='word_1_147' title='bbox 290 2431 403 2502; x_wconf 91' lang='lat' dir='ltr'>oculos</span> <span class='ocrx_word' id='word_1_148' title='bbox 423 2430 458 2497; x_wconf 94' lang='lat' dir='ltr'>in</span> <span class='ocrx_word' id='word_1_149' title='bbox 481 2426 605 2496; x_wconf 86' lang='lat' dir='ltr'>coelum</span> <span class='ocrx_word' id='word_1_150' title='bbox 627 2423 764 2506; x_wconf 89' lang='lat' dir='ltr'>sustuli,</span> <span class='ocrx_word' id='word_1_151' title='bbox 787 2436 820 2492; x_wconf 90' lang='lat' dir='ltr'>et</span> <span class='ocrx_word' id='word_1_152' title='bbox 838 2422 922 2514; x_wconf 78' lang='lat' dir='ltr'>pene</span> <span class='ocrx_word' id='word_1_153' title='bbox 944 2425 962 2490; x_wconf 79' lang='lat' dir='ltr'>a</span> <span class='ocrx_word' id='word_1_154' title='bbox 983 2422 1131 2492; x_wconf 89' lang='lat' dir='ltr'>sensibus</span> <span class='ocrx_word' id='word_1_155' title='bbox 1148 2421 1329 2508; x_wconf 75' lang='lat' dir='ltr'>alienatam,</span> 
     </span>
     <span class='ocr_line' id='line_1_21' title="bbox 288 2525 1331 2623; baseline -0.008 -19"><span class='ocrx_word' id='word_1_156' title='bbox 288 2557 408 2623; x_wconf 88' lang='lat' dir='ltr'>magno</span> <span class='ocrx_word' id='word_1_157' title='bbox 435 2534 552 2600; x_wconf 92' lang='lat' dir='ltr'>timore</span> <span class='ocrx_word' id='word_1_158' title='bbox 577 2529 774 2619; x_wconf 77' lang='lat' dir='ltr'>perculsuS,</span> <span class='ocrx_word' id='word_1_159' title='bbox 798 2525 901 2596; x_wconf 89' lang='lat' dir='ltr'>oculis</span> <span class='ocrx_word' id='word_1_160' title='bbox 923 2528 1031 2596; x_wconf 89' lang='lat' dir='ltr'>cordis</span> <span class='ocrx_word' id='word_1_161' title='bbox 1058 2527 1123 2596; x_wconf 89' lang='lat' dir='ltr'>mei</span> <span class='ocrx_word' id='word_1_162' title='bbox 1155 2527 1331 2596; x_wconf 90' lang='lat' dir='ltr'>Dominum</span> 
     </span>
     <span class='ocr_line' id='line_1_22' title="bbox 289 2631 1331 2726; baseline -0.01 -18"><span class='ocrx_word' id='word_1_163' title='bbox 289 2639 417 2708; x_wconf 70' lang='lat' dir='ltr'>summa</span> <span class='ocrx_word' id='word_1_164' title='bbox 432 2637 467 2703; x_wconf 92' lang='lat' dir='ltr'>in</span> <span class='ocrx_word' id='word_1_165' title='bbox 483 2633 586 2726; x_wconf 68' lang='lat' dir='ltr'>gloria</span> <span class='ocrx_word' id='word_1_166' title='bbox 601 2632 768 2700; x_wconf 89' lang='lat' dir='ltr'>sedentem</span> <span class='ocrx_word' id='word_1_167' title='bbox 781 2633 943 2723; x_wconf 81' lang='lat' dir='ltr'>prospexi,</span> <span class='ocrx_word' id='word_1_168' title='bbox 958 2645 991 2700; x_wconf 92' lang='lat' dir='ltr'>et</span> <span class='ocrx_word' id='word_1_169' title='bbox 1006 2631 1051 2700; x_wconf 92' lang='lat' dir='ltr'>sic</span> <span class='ocrx_word' id='word_1_170' title='bbox 1067 2632 1209 2700; x_wconf 90' lang='lat' dir='ltr'>animam</span> <span class='ocrx_word' id='word_1_171' title='bbox 1225 2655 1331 2699; x_wconf 90' lang='lat' dir='ltr'>meam</span> 
     </span>
    </p>
   </div>
   <div class='ocr_carea' id='block_1_4' title="bbox 178 2735 1407 2835">
    <p class='ocr_par' dir='ltr' id='par_1_5' title="bbox 178 2735 1407 2835">
     <span class='ocr_line' id='line_1_23' title="bbox 178 2735 1407 2835; baseline -0.01 -20"><span class='ocrx_word' id='word_1_172' title='bbox 178 2745 185 2752; x_wconf 70' lang='grc'><em>’</em></span> <span class='ocrx_word' id='word_1_173' title='bbox 289 2741 542 2835; x_wconf 89' lang='lat' dir='ltr'>compellantem</span> <span class='ocrx_word' id='word_1_174' title='bbox 564 2737 675 2808; x_wconf 89' lang='lat' dir='ltr'>audivi</span> <span class='ocrx_word' id='word_1_175' title='bbox 699 2767 706 2806; x_wconf 89' lang='lat'>:</span> <span class='ocrx_word' id='word_1_176' title='bbox 733 2738 861 2821; x_wconf 84' lang='lat' dir='ltr'>Gur,d</span> <span class='ocrx_word' id='word_1_177' title='bbox 885 2737 1024 2822; x_wconf 77' lang='lat' dir='ltr'>Anima,</span> <span class='ocrx_word' id='word_1_178' title='bbox 1048 2735 1215 2805; x_wconf 90' lang='lat' dir='ltr'>coelestem</span> <span class='ocrx_word' id='word_1_179' title='bbox 1236 2749 1331 2805; x_wconf 90' lang='lat' dir='ltr'>tuum</span> <span class='ocrx_word' id='word_1_180' title='bbox 1401 2822 1407 2827; x_wconf 87' lang='lat'>.</span> 
     </span>
    </p>
   </div>
   <div class='ocr_carea' id='block_1_5' title="bbox 253 2843 1339 3367">
    <p class='ocr_par' dir='ltr' id='par_1_6' title="bbox 253 2843 1330 3058">
     <span class='ocr_line' id='line_1_24' title="bbox 289 2843 1330 2935; baseline -0.012 -13"><span class='ocrx_word' id='word_1_181' title='bbox 289 2850 470 2922; x_wconf 88' lang='lat' dir='ltr'>thalamum</span> <span class='ocrx_word' id='word_1_182' title='bbox 477 2848 605 2916; x_wconf 90' lang='lat' dir='ltr'>lumine</span> <span class='ocrx_word' id='word_1_183' title='bbox 613 2845 724 2935; x_wconf 88' lang='lat' dir='ltr'>gloriae</span> <span class='ocrx_word' id='word_1_184' title='bbox 736 2843 873 2935; x_wconf 92' lang='lat' dir='ltr'>plenum</span> <span class='ocrx_word' id='word_1_185' title='bbox 885 2845 1086 2931; x_wconf 76' lang='lat' dir='ltr'>contemnis?</span> <span class='ocrx_word' id='word_1_186' title='bbox 1095 2867 1166 2928; x_wconf 87' lang='lat' dir='ltr'>cur,</span> <span class='ocrx_word' id='word_1_187' title='bbox 1179 2845 1199 2912; x_wconf 87' lang='grc' dir='ltr'><strong>ὂ</strong></span> <span class='ocrx_word' id='word_1_188' title='bbox 1213 2845 1330 2912; x_wconf 71' lang='lat' dir='ltr'>Anima</span> 
     </span>
     <span class='ocr_line' id='line_1_25' title="bbox 253 2940 1329 3058; baseline -0.009 -32"><span class='ocrx_word' id='word_1_189' title='bbox 253 3047 256 3058; x_wconf 31' lang='grc'>1</span> <span class='ocrx_word' id='word_1_190' title='bbox 287 2940 405 3052; x_wconf 74' lang='lat' dir='ltr'>sponsa</span> <span class='ocrx_word' id='word_1_191' title='bbox 420 2979 514 3040; x_wconf 88' lang='lat' dir='ltr'>mea,</span> <span class='ocrx_word' id='word_1_192' title='bbox 532 2975 585 3021; x_wconf 85' lang='lat' dir='ltr'>me</span> <span class='ocrx_word' id='word_1_193' title='bbox 605 2949 853 3019; x_wconf 90' lang='lat' dir='ltr'>immaculatum</span> <span class='ocrx_word' id='word_1_194' title='bbox 877 2963 910 3018; x_wconf 89' lang='lat' dir='ltr'>et</span> <span class='ocrx_word' id='word_1_195' title='bbox 932 2948 1150 3017; x_wconf 87' lang='lat' dir='ltr'>immortalem</span> <span class='ocrx_word' id='word_1_196' title='bbox 1174 2973 1329 3042; x_wconf 89' lang='lat' dir='ltr'>sponsum</span> 
     </span>
    </p>

    <p class='ocr_par' dir='ltr' id='par_1_7' title="bbox 287 3055 1339 3367">
     <span class='ocr_line' id='line_1_26' title="bbox 288 3055 1329 3148; baseline -0.011 -14"><span class='ocrx_word' id='word_1_197' title='bbox 288 3081 384 3134; x_wconf 90' lang='lat' dir='ltr'>tuum</span> <span class='ocrx_word' id='word_1_198' title='bbox 402 3061 517 3130; x_wconf 78' lang='lat' dir='ltr'>odisti?</span> <span class='ocrx_word' id='word_1_199' title='bbox 533 3082 604 3142; x_wconf 89' lang='lat' dir='ltr'>cur,</span> <span class='ocrx_word' id='word_1_200' title='bbox 623 3058 642 3124; x_wconf 82' lang='lat'>6</span> <span class='ocrx_word' id='word_1_201' title='bbox 658 3057 788 3138; x_wconf 75' lang='lat' dir='ltr'>Anima,</span> <span class='ocrx_word' id='word_1_202' title='bbox 807 3057 931 3146; x_wconf 89' lang='lat' dir='ltr'>spernis</span> <span class='ocrx_word' id='word_1_203' title='bbox 947 3055 1002 3123; x_wconf 92' lang='lat' dir='ltr'>illa</span> <span class='ocrx_word' id='word_1_204' title='bbox 1018 3055 1105 3123; x_wconf 91' lang='lat' dir='ltr'>bona</span> <span class='ocrx_word' id='word_1_205' title='bbox 1122 3080 1198 3148; x_wconf 86' lang='lat' dir='ltr'>quae</span> <span class='ocrx_word' id='word_1_206' title='bbox 1220 3079 1281 3147; x_wconf 89' lang='lat' dir='ltr'>ego</span> <span class='ocrx_word' id='word_1_207' title='bbox 1296 3057 1329 3124; x_wconf 91' lang='lat' dir='ltr'>in</span> 
     </span>
     <span class='ocr_line' id='line_1_27' title="bbox 287 3155 1339 3256; baseline -0.01 -19"><span class='ocrx_word' id='word_1_208' title='bbox 287 3155 413 3239; x_wconf 89' lang='lat' dir='ltr'>lumine</span> <span class='ocrx_word' id='word_1_209' title='bbox 433 3168 509 3234; x_wconf 86' lang='lat' dir='ltr'>vitae</span> <span class='ocrx_word' id='word_1_210' title='bbox 527 3161 811 3256; x_wconf 81' lang='lat' dir='ltr'>praeparavitibi?</span> <span class='ocrx_word' id='word_1_211' title='bbox 828 3186 900 3245; x_wconf 85' lang='lat' dir='ltr'>cur,</span> <span class='ocrx_word' id='word_1_212' title='bbox 917 3163 936 3230; x_wconf 89' lang='grc' dir='ltr'>ὂ</span> <span class='ocrx_word' id='word_1_213' title='bbox 953 3161 1088 3246; x_wconf 77' lang='lat' dir='ltr'>Anima,</span> <span class='ocrx_word' id='word_1_214' title='bbox 1106 3175 1139 3230; x_wconf 90' lang='lat' dir='ltr'>te</span> <span class='ocrx_word' id='word_1_215' title='bbox 1161 3163 1179 3230; x_wconf 78' lang='lat' dir='ltr'>a</span> <span class='ocrx_word' id='word_1_216' title='bbox 1202 3185 1256 3229; x_wconf 91' lang='lat' dir='ltr'>me</span> <span class='ocrx_word' id='word_1_217' title='bbox 1272 3183 1339 3252; x_wconf 86' lang='lat' dir='ltr'>per·</span> 
     </span>
     <span class='ocr_line' id='line_1_28' title="bbox 288 3267 1325 3367; baseline -0.01 -23"><span class='ocrx_word' id='word_1_218' title='bbox 288 3297 338 3344; x_wconf 90' lang='lat' dir='ltr'>res</span> <span class='ocrx_word' id='word_1_219' title='bbox 359 3271 638 3367; x_wconf 79' lang='lat' dir='ltr'>cogitationesque</span> <span class='ocrx_word' id='word_1_220' title='bbox 662 3267 849 3361; x_wconf 82' lang='lat' dir='ltr'>indecentes</span> <span class='ocrx_word' id='word_1_221' title='bbox 868 3267 1037 3336; x_wconf 73' lang='lat' dir='ltr'>alienasti?</span> <span class='ocrx_word' id='word_1_222' title='bbox 1062 3293 1133 3353; x_wconf 91' lang='lat' dir='ltr'>cur,</span> <span class='ocrx_word' id='word_1_223' title='bbox 1157 3268 1325 3354; x_wconf 69' lang='lat' dir='ltr'>dalaima,</span> 
     </span>
    </p>
   </div>
   <div class='ocr_carea' id='block_1_6' title="bbox 188 3371 1400 3465">
    <p class='ocr_par' dir='ltr' id='par_1_8' title="bbox 188 3371 1400 3465">
     <span class='ocr_line' id='line_1_29' title="bbox 188 3371 1400 3465; baseline -0.013 -11"><span class='ocrx_word' id='word_1_224' title='bbox 188 3383 192 3395; x_wconf 76' lang='grc'><strong>“</strong></span> <span class='ocrx_word' id='word_1_225' title='bbox 287 3381 377 3453; x_wconf 91' lang='lat' dir='ltr'>omni</span> <span class='ocrx_word' id='word_1_226' title='bbox 397 3401 473 3449; x_wconf 89' lang='lat' dir='ltr'>cum</span> <span class='ocrx_word' id='word_1_227' title='bbox 489 3375 599 3446; x_wconf 87' lang='lat' dir='ltr'>studio</span> <span class='ocrx_word' id='word_1_228' title='bbox 615 3373 793 3454; x_wconf 83' lang='lat' dir='ltr'>adventum</span> <span class='ocrx_word' id='word_1_229' title='bbox 810 3395 921 3441; x_wconf 91' lang='lat' dir='ltr'>meum</span> <span class='ocrx_word' id='word_1_230' title='bbox 938 3397 1006 3442; x_wconf 91' lang='lat' dir='ltr'>non</span> <span class='ocrx_word' id='word_1_231' title='bbox 1021 3371 1324 3465; x_wconf 78' lang='lat' dir='ltr'>praestolaristcur,</span> <span class='ocrx_word' id='word_1_232' title='bbox 1397 3421 1400 3430; x_wconf 25' lang='grc' dir='ltr'><em>κ</em></span> 
     </span>
    </p>
   </div>
   <div class='ocr_carea' id='block_1_7' title="bbox 283 3477 1325 3892">
    <p class='ocr_par' dir='ltr' id='par_1_9' title="bbox 283 3477 1325 3892">
     <span class='ocr_line' id='line_1_30' title="bbox 287 3477 1325 3574; baseline -0.009 -17"><span class='ocrx_word' id='word_1_233' title='bbox 287 3491 307 3558; x_wconf 86' lang='grc' dir='ltr'>ὂ</span> <span class='ocrx_word' id='word_1_234' title='bbox 322 3489 452 3570; x_wconf 80' lang='lat' dir='ltr'>Anima,</span> <span class='ocrx_word' id='word_1_235' title='bbox 470 3483 656 3574; x_wconf 85' lang='lat' dir='ltr'>lampadem</span> <span class='ocrx_word' id='word_1_236' title='bbox 672 3494 764 3548; x_wconf 89' lang='lat' dir='ltr'>tuam</span> <span class='ocrx_word' id='word_1_237' title='bbox 780 3483 847 3548; x_wconf 87' lang='lat' dir='ltr'>non</span> <span class='ocrx_word' id='word_1_238' title='bbox 860 3477 963 3564; x_wconf 89' lang='lat' dir='ltr'>tenes,</span> <span class='ocrx_word' id='word_1_239' title='bbox 978 3493 1151 3574; x_wconf 86' lang='lat' dir='ltr'>expectans</span> <span class='ocrx_word' id='word_1_240' title='bbox 1161 3479 1242 3548; x_wconf 75' lang='lat' dir='ltr'>diam</span> <span class='ocrx_word' id='word_1_241' title='bbox 1259 3478 1325 3548; x_wconf 89' lang='lat' dir='ltr'>cla-</span> 
     </span>
     <span class='ocr_line' id='line_1_31' title="bbox 285 3581 1325 3678; baseline -0.011 -14"><span class='ocrx_word' id='word_1_242' title='bbox 285 3616 412 3664; x_wconf 90' lang='lat' dir='ltr'>morem</span> <span class='ocrx_word' id='word_1_243' title='bbox 431 3589 525 3658; x_wconf 93' lang='lat' dir='ltr'>illum</span> <span class='ocrx_word' id='word_1_244' title='bbox 547 3587 686 3656; x_wconf 88' lang='lat' dir='ltr'>audias:</span> <span class='ocrx_word' id='word_1_245' title='bbox 710 3582 811 3654; x_wconf 87' lang='lat' dir='ltr'>Ecce</span> <span class='ocrx_word' id='word_1_246' title='bbox 831 3609 983 3678; x_wconf 84' lang='lat' dir='ltr'>sponsus</span> <span class='ocrx_word' id='word_1_247' title='bbox 1005 3586 1238 3672; x_wconf 73' lang='lat' dir='ltr'>oenr&#39;t,eoe1&#39;te</span> <span class='ocrx_word' id='word_1_248' title='bbox 1262 3581 1325 3653; x_wconf 89' lang='lat' dir='ltr'>ob-</span> 
     </span>
     <span class='ocr_line' id='line_1_32' title="bbox 287 3689 1325 3776; baseline -0.013 -6"><span class='ocrx_word' id='word_1_249' title='bbox 287 3701 382 3770; x_wconf 76' lang='lat' dir='ltr'>viam</span> <span class='ocrx_word' id='word_1_250' title='bbox 399 3698 539 3765; x_wconf 80' lang='lat' dir='ltr'>ei²cum</span> <span class='ocrx_word' id='word_1_251' title='bbox 558 3691 689 3760; x_wconf 70' lang='lat' dir='ltr'>laetitia?</span> <span class='ocrx_word' id='word_1_252' title='bbox 705 3714 776 3774; x_wconf 87' lang='lat' dir='ltr'>cur,</span> <span class='ocrx_word' id='word_1_253' title='bbox 797 3693 816 3759; x_wconf 87' lang='grc' dir='ltr'><strong><em>ὂ</em></strong></span> <span class='ocrx_word' id='word_1_254' title='bbox 837 3694 972 3776; x_wconf 77' lang='lat' dir='ltr'>Anima,</span> <span class='ocrx_word' id='word_1_255' title='bbox 994 3716 1061 3760; x_wconf 91' lang='lat' dir='ltr'>non</span> <span class='ocrx_word' id='word_1_256' title='bbox 1077 3692 1248 3762; x_wconf 84' lang='lat' dir='ltr'>contendis</span> <span class='ocrx_word' id='word_1_257' title='bbox 1266 3689 1325 3760; x_wconf 89' lang='lat' dir='ltr'>tibi</span> 
     </span>
     <span class='ocr_line' id='line_1_33' title="bbox 283 3797 1324 3892; baseline -0.012 -16"><span class='ocrx_word' id='word_1_258' title='bbox 283 3819 405 3877; x_wconf 87' lang='lat' dir='ltr'>vestem</span> <span class='ocrx_word' id='word_1_259' title='bbox 428 3803 470 3872; x_wconf 94' lang='lat' dir='ltr'>ad</span> <span class='ocrx_word' id='word_1_260' title='bbox 489 3802 620 3892; x_wconf 86' lang='lat' dir='ltr'>nuptias</span> <span class='ocrx_word' id='word_1_261' title='bbox 641 3797 772 3886; x_wconf 87' lang='lat' dir='ltr'>dignam</span> <span class='ocrx_word' id='word_1_262' title='bbox 798 3801 933 3889; x_wconf 80' lang='lat' dir='ltr'>parare?</span> <span class='ocrx_word' id='word_1_263' title='bbox 953 3821 1033 3884; x_wconf 88' lang='lat' dir='ltr'>cur,</span> <span class='ocrx_word' id='word_1_264' title='bbox 1059 3799 1232 3884; x_wconf 68' lang='lat' dir='ltr'>damma,</span> <span class='ocrx_word' id='word_1_265' title='bbox 1250 3819 1324 3867; x_wconf 90' lang='lat' dir='ltr'>cum</span> 
     </span>
    </p>
   </div>
   <div class='ocr_carea' id='block_1_8' title="bbox 320 3909 1206 3990">
    <p class='ocr_par' dir='ltr' id='par_1_10' title="bbox 320 3909 1206 3990">
     <span class='ocr_line' id='line_1_34' title="bbox 320 3909 1206 3990; baseline -0.008 -9"><span class='ocrx_word' id='word_1_266' title='bbox 320 3930 417 3982; x_wconf 82' lang='lat' dir='ltr'>¹Falsus</span> <span class='ocrx_word' id='word_1_267' title='bbox 436 3927 523 3979; x_wconf 85' lang='lat' dir='ltr'>Euseb.</span> <span class='ocrx_word' id='word_1_268' title='bbox 539 3925 620 3976; x_wconf 83' lang='lat' dir='ltr'>Eruiss.</span> <span class='ocrx_word' id='word_1_269' title='bbox 636 3924 723 3974; x_wconf 86' lang='lat' dir='ltr'>llornil.</span> <span class='ocrx_word' id='word_1_270' title='bbox 738 3924 802 3974; x_wconf 80' lang='lat' dir='ltr'>rxad</span> <span class='ocrx_word' id='word_1_271' title='bbox 812 3923 922 3975; x_wconf 74' lang='lat' dir='ltr'>Munaclr.</span> <span class='ocrx_word' id='word_1_272' title='bbox 937 3949 966 3959; x_wconf 92' lang='lat'><em>-</em></span> <span class='ocrx_word' id='word_1_273' title='bbox 987 3935 997 3959; x_wconf 86' lang='lat'>²</span> <span class='ocrx_word' id='word_1_274' title='bbox 1012 3909 1101 3976; x_wconf 82' lang='lat' dir='ltr'>llattlr.·</span> <span class='ocrx_word' id='word_1_275' title='bbox 1111 3941 1169 3990; x_wconf 77' lang='lat' dir='ltr'>xxv,</span> <span class='ocrx_word' id='word_1_276' title='bbox 1180 3927 1206 3974; x_wconf 80' lang='lat' dir='ltr'>s.</span> 
     </span>
    </p>
   </div>
   <div class='ocr_carea' id='block_1_9' title="bbox 0 0 1496 4580">
    <p class='ocr_par' dir='ltr' id='par_1_11' title="bbox 0 0 1496 4580">
     <span class='ocr_line' id='line_1_35' title="bbox 0 0 1496 4580; baseline 0 1"><span class='ocrx_word' id='word_1_277' title='bbox 0 0 1496 4580; x_wconf 95' lang='lat' dir='ltr'> </span> 
     </span>
    </p>
   </div>
  </div>
 </body>
</html>
