2982 4584
274 419 377 468 carna
399 422 446 468 vr.
464 419 506 464 oa
521 419 678 464 narnono
702 417 738 464 ur
758 415 967 462 conmortuus
990 409 1159 459 tumr-rt.
1186 393 1247 460 521

208 523 318 590 net¹i
333 517 419 602 Quid
429 518 506 590 terh
522 513 700 607 discipuli?
715 517 833 584 Nonne
848 511 997 582 eamdem
1013 513 1189 584 servabant
1201 512 1253 581 le-

208 651 296 720 gem,
308 627 344 697 in
352 635 534 720 pauperum
548 620 669 691 domos
677 619 893 710 diversantes3
911 619 993 688 alius
1005 619 1142 712 quidem
1161 619 1253 712 apud

206 749 370 820 sutorem,
396 732 479 802 alius
501 727 592 819 apud
606 726 894 798 tabernaculorum
918 725 1090 818 opificem,
1107 741 1141 796 et
1162 727 1253 819 apud

205 838 459 935 purpurariam?
473 837 549 904 Non
565 828 787 904 enim'domtis
798 831 1028 926 splendorem,
1050 832 1111 903 sed
1124 833 1252 902 anima-

155 965 158 974 ’
203 973 278 1020 rum
293 949 432 1019 virtutes
447 941 654 1036 quaerebant.
666 946 734 1014 Hos
746 939 858 1034 itaque
867 953 902 1010 ct
912 963 971 1012 nos
983 939 1167 1010 imitemur:
1179 938 1254 1033 pul-

203 1053 426 1127 chritudinem
443 1048 671 1121 columnarum
686 1062 932 1120 etmarmorum
942 1059 1252 1140 praetercurrentes,

203 1182 337 1252 superas
353 1161 431 1230 verb
446 1155 633 1227 mansiones
647 1169 850 1251 quaerentes3
861 1168 895 1224 et
910 1177 1042 1224 omnem
1055 1151 1177 1224 fastum
1188 1155 1254 1223 hu·

203 1271 340 1336 manum
355 1264 519 1334 calcemus
534 1287 612 1334 cum
626 1263 842 1358 pecuniarum
860 1259 1062 1354 cupiditate,
1080 1260 1252 1355 altumque

203 1395 336 1443 sensum
352 1395 567 1447 assumamus.
582 1371 615 1442 si
627 1371 714 1441 enim
729 1371 892 1464 sapienter
908 1367 1130 1455 attendamus,
1142 1391 1252 1464 neque

202 1479 348 1550 mundus
364 1480 418 1550 hic
439 1479 535 1558 nobis
551 1480 670 1571 dignus
686 1493 752 1565 est,
771 1477 897 1548 nedum
912 1477 1059 1568 porticus
1074 1491 1108 1546 et
1130 1476 1251 1546 ambu-

201 1589 301 1659 lacra.
314 1589 555 1674 Quamobrem,
561 1611 653 1679 rogo,
668 1587 812 1656 animam
827 1597 973 1653 nostram
985 1605 1153 1669 ornemus,
1163 1584 1251 1654 hanc

200 1698 337 1766 domum
348 1719 566 1790 apparemus,
584 1697 651 1789 qud
667 1695 767 1763 etiam
783 1691 916 1785 accepta
930 1691 1010 1762 hine
1021 1691 1248 1784 migrabimus,

120 1868 124 1875 Χ
198 1817 377 1896 utaeterna
402 1803 492 1874 bona
513 1823 774 1894 consequamur,
793 1799 896 1890 gratia
911 1812 946 1868 et
960 1799 1162 1890 benignitate
1180 1803 1250 1870 Do-

199 1909 282 1978 mini
296 1909 400 1980 nostri
424 1911 503 1978 Jesu
522 1907 655 1993 Christi,
669 1907 724 1977 cui
743 1929 820 1976 cum
834 1911 928 1976 Patre
945 1919 979 1976 et
992 1907 1117 1999 Spiritu
1135 1919 1250 2002 sancto

102 2022 105 2026 '
142 2017 145 2024 ’
200 2015 325 2108 gloria,
343 2002 518 2106 imperium
535 2028 568 2084 et
582 1999 689 2084 honor
700 2014 735 2082 in
751 2013 862 2084 omnia
877 2011 1008 2083 saecula.
1023 2017 1130 2083 Amen
1138 2018 1164 2082 2.
1184 2041 1201 2080 s

132 2166 134 2175 ι
241 2126 336 2192 VIII.
353 2120 465 2190 Alium·
481 2121 683 2215 quandoque
696 2119 896 2191 terminandi
912 2119 1094 2190 orationem
1110 2117 1248 2190 modum

199 2226 359 2298 adhihent
374 2228 479 2298 sancti
494 2233 662 2313 Doctores,
676 2227 735 2320 qui
748 2226 784 2294 in
795 2249 835 2296 eo
844 2223 993 2296 versatur
1004 2226 1096 2320 qubd
1104 2229 1248 2318 Exopta-

199 2336 304 2404 tiones
319 2335 401 2403 fiant
416 2356 477 2426 pro
491 2333 530 2404 iis
546 2335 604 2428 qui
626 2333 777 2405 concioni
797 2331 1040 2418 interfuerunt,
1054 2333 1148 2424 juxta
1162 2331 1248 2404 illud

190 2447 236 2516 S.
250 2442 398 2533 Gregorii
419 2442 613 2515 Nazianzeni
635 2446 670 2512 in
685 2439 845 2535 Apologid
867 2463 970 2535 quam
993 2439 1112 2510 habuit
1128 2463 1189 2534 pro
1213 2463 1248 2512 se
1310 2487 1312 2493 ι

198 2551 281 2640 ipso,
289 2549 367 2618 cium
376 2551 601 2641 episcopatum
610 2549 739 2641 lugiens
747 2547 1244 2637 secessissetinrontnmnnde,
1364 2623 1368 2629 ,

198 2653 277 2723 licet
291 2638 433 2738 invitus,
450 2653 595 2746 deniqu'e
610 2653 725 2738 redux,
741 2655 787 2722 sic
802 2654 978 2744 perorabat
996 2682 1005 2723 :
1276 2741 1278 2748 .

245 2789 263 2828 e
278 2759 367 2844 Quid
381 2759 522 2852 longiori
535 2761 683 2831 oratione
695 2761 790 2830 nobis
804 2761 971 2854 opusestl
987 2761 1122 2830 Habetis
1136 2784 1208 2848 nos,
1224 2764 1246 2831 d

199 2872 348 2938 Pastores
363 2880 396 2936 et
411 2866 554 2958 Collegae
571 2867 696 2938 :habes
710 2889 782 2956 nos,
793 2869 814 2939 ὂ
827 2857 912 2938 C'rex
924 2880 1047 2954 sancte,
1064 2891 1102 2938 ac
1113 2869 1245 2943 Christo

198 2988 368 3072 pastorum
383 2975 532 3068 principe
552 2973 672 3066 digne:
687 2977 811 3062 habes,
829 2977 849 3046 ὂ
867 2981 975 3061 Pater,
993 2973 1037 3044 ad
1048 2974 1158 3044 omnia
1173 2975 1245 3054 vic-

197 3097 271 3153 tum
279 3135 292 3170 ,
309 3083 480 3178 magisque
494 3083 678 3155 secundum
699 3084 821 3156 Christi
840 3083 929 3176 leges
951 3085 1053 3176 quim
1073 3096 1243 3172 externas,

196 3204 264 3260 tuae
276 3191 430 3282 potestati
445 3191 642 3284 subjectum.
657 3191 889 3262 Obedientiam
901 3190 1020 3282 habes,
1038 3190 1246 3263 benedictio·

196 3319 274 3366 nem
290 3293 404 3365 redde.
419 3299 491 3365 Duc
506 3310 545 3364 tu
560 3297 694 3390 quoque
709 3295 864 3388 precihus
880 3296 962 3382 tuis,
980 3297 1060 3388 praei
1076 3319 1243 3386 sermone,

196 3401 278 3472 sulci
289 3401 417 3495 spiritu:
435 3399 649 3472 Benedictio
665 3402 899 3497 eni’mfirmat
914 3398 1241 3498 domorfiltbrum³.

195 3512 307 3603 Atque
321 3509 449 3578 utinlm
469 3508 655 3596 firmemur,
672 3511 741 3578 tam
757 3530 817 3599 ego
832 3510 934 3602 quim
949 3507 1150 3602 spiritualis
1165 3509 1245 3584 hoec

195 3614 348 3695 domur*
366 3639 478 3709 quam
494 3613 609 3714 elegi,
628 3640 794 3711 quamque
805 3617 888 3686 mihi
903 3619 1062 3710 requiem
1078 3619 1116 3689 in
1127 3642 1242 3690 scren-

110 3729 115 3739 '
196 3721 270 3793 lum
280 3721 421 3794 soeeultt
431 3725 501 3794 fieri
511 3738 602 3817 opto,
618 3723 661 3794 ab
672 3723 734 3798 hac
747 3724 892 3796 Ecclesia
904 3727 947 3796 ad
959 3725 1126 3798 coelestem
1135 3742 1241 3798 trans-

229 3875 239 3904 ¹
252 3867 339 3920 llatth.
355 3881 414 3931 rur,
427 3879 470 3920 ao.
481 3891 514 3906 -
527 3879 537 3905 ¹
551 3871 577 3921 S.
596 3869 719 3930 chrysost.
731 3867 758 3920 in
768 3869 845 3936 Epist.
857 3887 876 3936 1,
889 3869 920 3922 ad
936 3872 992 3924 Cor.
1009 3871 1098 3924 Homil.
1121 3887 1192 3939 xxrv,
1214 3888 1240 3926 n.
1261 3859 1263 3861 ¹

193 3949 221 4018 l,
235 3949 260 4007 5.
272 3975 303 3990 ·-
316 3947 327 3990 ³
339 3947 462 4018 boehm,
478 3968 518 4006 11.
532 3951 589 4002 -l
607 3955 700 4007 rPetr.
710 3968 738 4020 rr,
751 3950 776 4007 5.
792 3979 824 3996 ·-
840 3952 927 4008 trial.
938 3970 1018 4024 cxxxi,
1036 3955 1077 4023 al.
1104 3963 1108 3975 “
1200 3947 1203 3950 ’
