2984 4580
224 485 326 533 carun
350 489 396 533 vr.
422 487 464 531 nu
487 465 644 529 nerbono
659 486 695 529 ru
711 485 920 530 coucrournus
942 481 1107 530 anamma.
1135 467 1200 530 403

160 584 203 658 ad
218 609 279 658 nos
294 584 523 678 attinet,qdicet
533 584 669 678 aliquis?
681 583 734 653 Ad
744 607 802 654 vos
815 583 950 677 quidem
962 586 1050 654 certe
1061 585 1200 654 maxime

57 747 58 750 ,
92 719 94 722 ·
158 691 288 780 attinet,
299 693 357 787 qui
372 692 505 762 noneos
519 690 651 776 curatis,
664 711 732 759 nou
747 690 980 778 adhortamini,
991 689 1203 762 nonconsilio

156 801 293 893 juvatis,
311 799 354 870 ad
368 823 426 872 vos
438 797 498 892 qui
513 797 738 868 necessitatem
753 819 823 868 non
842 797 1030 891 imponitis,
1047 821 1157 891 neque
1168 797 1203 868 ri
1309 815 1320 822 ·

158 907 365 999 pertrahitis,
383 920 417 975 et
432 906 474 975 ab
489 903 547 974 illa
571 905 700 974 summi
714 901 912 996 negligentii
935 905 1105 976 revocatis.
1130 897 1206 976 Non

154 1015 246 1086 'enim
264 1015 395 1085 tantbm
410 1012 506 1082 nobis
521 1011 676 1104 prodesse
698 1033 760 1080 nos
774 1011 915 1099 debere,
936 1009 993 1082 sed
1014 1025 1048 1082 et
1068 1009 1202 1098 multis,

159 1121 304 1194 ostendit
319 1117 579 1206 Christus,ci1m
595 1117 696 1189 salem
712 1139 791 1205 nos,
810 1141 848 1190 ac
863 1118 1083 1207 lermentum,
1103 1133 1137 1188 et
1151 1117 1207 1188 lu·
1231 1207 1233 1216 J

160 1251 234 1300 cem
245 1226 386 1300 vocavit.
400 1229 481 1296 Haec
503 1225 591 1294 enim
601 1223 671 1296 aliis
683 1223 776 1295 utilia
785 1239 865 1295 sunt
876 1239 910 1296 et
921 1225 1107 1296 commoda.
1121 1227 1206 1298 Nam

159 1335 295 1406 lucerna
306 1335 380 1405 ‘non
394 1333 458 1404 sibi
474 1331 584 1420 lucet,
603 1347 637 1403 at
652 1332 722 1404 aliis
736 1331 795 1428 qui
811 1329 926 1403 sedent
940 1333 975 1402 in
990 1331 1135 1404 tenebris
1150 1359 1158 1402 ε
1172 1345 1207 1402 et
1312 1373 1315 1378 ·

160 1457 199 1512 tu
213 1441 348 1512 lucerna
362 1465 416 1526 es,
434 1463 502 1512 non
525 1455 569 1510 ut·
584 1440 709 1510 lumine
727 1439 816 1511 solus
831 1439 970 1528 fruaris,
988 1441 1046 1511 sed
1057 1453 1096 1510 ut
1109 1439 1206 1510 illum

161 1561 324 1618 errantem
340 1547 487 1618 reducas.
508 1545 596 1630 Quid
610 1548 755 1641 namque
771 1545 905 1640 prodest
918 1547 1053 1618 lucerna
1070 1547 1206 1642 quandd

161 1655 195 1724 in
208 1653 350 1723 tenebris
365 1651 491 1724 sedenti
511 1675 580 1724 non
594 1653 707 1724 lucet?
722 1677 799 1746 quae
818 1656 918 1748 porrd
941 1653 1065 1726 utilitas
1088 1655 1203 1727 Chris-

161 1761 258 1847 tiani,
277 1761 411 1854 quando
423 1761 589 1830 neminem
603 1761 770 1849 lucratur,
788 1785 850 1832 nec
872 1761 915 1831 ad
928 1763 1085 1833 virtutem
1100 1766 1204 1860 redu-

152 1867 362 1938 citillursiis
377 1891 445 1938 non
465 1867 608 1960 seipsum
624 1869 774 1961 astringit
794 1867 841 1938 sal
853 1881 1003 1956 tantum,
1017 1870 1075 1940 sed
1087 1884 1206 1942 etcor-

160 2000 240 2070 pora
256 1999 333 2070 quae
344 1990 603 2069 corrumpuntur
613 1976 757 2061 cohibet,
769 1997 878 2071 neque
890 1976 1041 2047 diffluere
1049 2001 1087 2048 ac
1096 1973 1203 2072 perire

161 2081 333 2177 permittit.
352 2084 404 2154 Sic
424 2097 463 2152 tu
488 2083 642 2178 quoqud,
669 2083 940 2178 quandoquidem
956 2085 1159 2178 spiritualem
1173 2099 1207 2156 te

162 2190 263 2260 salem
289 2195 378 2283 Deus
400 2191 533 2276 effecit,
550 2191 698 2260 membra
716 2205 889 2284 corrupta,
918 2191 982 2263 hoc
1006 2206 1055 2262 est
1079 2191 1207 2264 desides

161 2294 290 2380 fratres,
312 2297 419 2389 etqui
438 2297 642 2366 mechanicas
657 2311 810 2366 exercent
825 2312 910 2368 artes
926 2299 1066 2389 astringe
1086 2311 1120 2368 et
1139 2296 1207 2368 col·

162 2403 247 2496 liga,
269 2401 459 2498 desidiaque
484 2405 643 2499 tanquam
666 2403 777 2475 ulcere
793 2406 950 2499 quopiam
965 2406 1101 2498 putrido
1119 2404 1206 2474 lihe-
1254 2443 1258 2446 ·

163 2525 271 2581 ratum
288 2535 365 2582 cum
380 2511 508 2605 reliquo
523 2511 679 2582 Ecclesia
694 2533 831 2606 corpore
848 2512 1014 2607 copulato.
1027 2513 1205 2606 Propterea
1333 2521 1337 2530 '

66 2613 70 2622 ’
163 2632 197 2687 te
208 2619 407 2696 fermentum
417 2619 594 2710 appellavit
606 2649 614 2690 ι
627 2619 790 2712 siquidem
805 2617 1004 2691 fermentum
1017 2619 1116 2691 etiarn
1136 2641 1206 2692 non

164 2742 204 2794 se·
214 2725 323 2816 ipsum
335 2721 522 2808 fermentat,
535 2723 592 2792 sed
607 2724 768 2816 reliquam
780 2746 930 2810 massam,
944 2728 1112 2816 ingentem
1127 2725 1205 2798 licbt

164 2844 199 2900 et
212 2831 424 2916 immensam,
441 2830 550 2922 ipsum
565 2851 703 2922 parvum
720 2830 797 2900 crim
806 2831 847 2901 sit
862 2848 895 2902 et
907 2834 1018 2904 breve.
1039 2835 1091 2905 Sic
1102 2835 1203 2903 nimi-

163 2936 239 3008 ritm
254 2961 312 3007 vos
327 2937 462 3030 quoque
487 2940 679 3030 quanquam
700 2961 839 3009 numero
855 2931 952 3032 pauci
980 2941 1076 3028 estis,
1104 2939 1202 3010 multi

163 3059 277 3114 tamen
298 3067 336 3112 ac
356 3056 507 3136 potentes
522 3055 625 3114 estote
639 3045 706 3114 fide
721 3068 759 3116 ac
774 3045 883 3117 studio
898 3050 974 3140 erga
990 3048 1118 3118 cultum
1129 3047 1201 3119 Dei.

165 3153 210 3220 Ut
229 3149 331 3242 igitur
346 3149 546 3218 termentum
570 3164 705 3243 propter
723 3151 931 3244 exiguitatem
950 3153 1116 3226 imbecille
1135 3177 1204 3226 non

165 3269 235 3341 est,
258 3254 316 3325 sed
338 3267 472 3347 propter
490 3256 661 3327 insitnml
686 3259 804 3327 natura
830 3259 972 3330 calorem
997 3287 1036 3332 ac
1049 3263 1206 3333 virtutem
1280 3341 1287 3349 ,

101 3394 103 3399 ·
165 3361 331 3456 qualitatis
355 3365 534 3452 exuperat:
552 3363 599 3430 sie
612 3384 670 3432 vos
685 3363 842 3432 nimirum
855 3365 963 3436 multb
977 3368 1087 3459 plures
1108 3384 1205 3462 pote-

160 3468 236 3538 ritis
247 3467 289 3538 ad
304 3467 460 3538 eumdem
470 3465 633 3537 fervorem
648 3491 686 3538 ac
697 3467 846 3539 studium
856 3471 1023 3560 reducere,
1041 3474 1068 3544 si
1084 3475 1200 3546 velitis.

168 3574 264 3658 Quod
285 3575 313 3644 si
332 3587 478 3646 aestatem
493 3572 695 3666 obtendant,
715 3575 878 3670 siquidem
904 3579 968 3650 hoc
985 3580 1119 3674 quoque
1133 3581 1207 3652 illos

167 3680 269 3752 audio
285 3679 446 3752 dicentes:
458 3682 642 3751 Vehemens
656 3687 865 3774 nunclaestus
881 3699 940 3771 est,
966 3699 1066 3780 atque
1083 3687 1206 3758 intole-

161 3781 265 3859 randi
280 3787 401 3858 calores
416 3819 425 3878 ς
442 3811 512 3858 non
527 3811 700 3880 possumus
716 3792 873 3861 coarctari
888 3806 922 3860 et
943 3793 979 3861 in
1002 3797 1093 3864 tanta
1109 3795 1207 3866 turba

169 3895 363 3990 comprimi,
380 3893 528 3988 undiquc
541 3895 660 3990 sudore
674 3896 880 3985 diffluentes,
898 3913 982 3969 aestu
996 3903 1118 3990 gravati
1129 3903 1208 3973 etin

171 4005 336 4097 angustias
359 4002 617 4095 redacti.„Pudet
637 4027 691 4075 me
705 4004 856 4092 illorum,
874 4008 957 4076 mihi
974 4008 1114 4105 credite3
1132 4023 1208 4082 sunt

1037 4121 1087 4180 26.
