<?xml version="1.0" encoding="UTF-8"?>
<!DOCTYPE html PUBLIC "-//W3C//DTD XHTML 1.0 Transitional//EN"
    "http://www.w3.org/TR/xhtml1/DTD/xhtml1-transitional.dtd">
<html xmlns="http://www.w3.org/1999/xhtml" xml:lang="en" lang="en">
 <head>
  <title>
</title>
<meta http-equiv="Content-Type" content="text/html;charset=utf-8" />
  <meta name='ocr-system' content='tesseract 3.04.00' />
  <meta name='ocr-capabilities' content='ocr_page ocr_carea ocr_par ocr_line ocrx_word'/>
</head>
<body>
  <div class='ocr_page' id='page_1' title='image "./rhetoricasancto00cailgoog_0407.png"; bbox 0 0 2984 4580; ppageno 0'>
   <div class='ocr_carea' id='block_1_1' title="bbox 178 364 1231 456">
    <p class='ocr_par' dir='ltr' id='par_1_1' title="bbox 178 364 1231 456">
     <span class='ocr_line' id='line_1_1' title="bbox 178 364 1231 456; baseline 0.04 -29"><span class='ocrx_word' id='word_1_1' title='bbox 178 370 182 378; x_wconf 87' lang='lat'>·</span> <span class='ocrx_word' id='word_1_2' title='bbox 233 364 307 450; x_wconf 77' lang='lat' dir='ltr'>no</span> <span class='ocrx_word' id='word_1_3' title='bbox 390 375 1178 456; x_wconf 58' lang='lat' dir='ltr'>interemtus.1³.trn11n‚et112112tw·¹·&#39;v</span> <span class='ocrx_word' id='word_1_4' title='bbox 1228 397 1231 404; x_wconf 83' lang='grc'><strong>’</strong></span> 
     </span>
    </p>
   </div>
   <div class='ocr_carea' id='block_1_2' title="bbox 198 493 1294 1880">
    <p class='ocr_par' dir='ltr' id='par_1_2' title="bbox 198 493 1294 1880">
     <span class='ocr_line' id='line_1_2' title="bbox 241 493 1284 588; baseline -0.007 -17"><span class='ocrx_word' id='word_1_5' title='bbox 241 497 387 584; x_wconf 88' lang='lat' dir='ltr'>dientes,</span> <span class='ocrx_word' id='word_1_6' title='bbox 405 493 488 569; x_wconf 88' lang='lat' dir='ltr'>nihil</span> <span class='ocrx_word' id='word_1_7' title='bbox 503 517 618 570; x_wconf 72' lang='lat' dir='ltr'>eorsum</span> <span class='ocrx_word' id='word_1_8' title='bbox 637 506 846 588; x_wconf 72' lang='lat' dir='ltr'>prestamus,</span> <span class='ocrx_word' id='word_1_9' title='bbox 867 516 945 588; x_wconf 87' lang='lat' dir='ltr'>quac</span> <span class='ocrx_word' id='word_1_10' title='bbox 960 493 1129 568; x_wconf 81' lang='lat' dir='ltr'>dicuntur.</span> <span class='ocrx_word' id='word_1_11' title='bbox 1146 496 1191 566; x_wconf 81' lang='lat' dir='ltr'>Et</span> <span class='ocrx_word' id='word_1_12' title='bbox 1205 495 1284 564; x_wconf 72' lang='lat' dir='ltr'>verli</span> 
     </span>
     <span class='ocr_line' id='line_1_3' title="bbox 240 597 1284 700; baseline -0.007 -21"><span class='ocrx_word' id='word_1_13' title='bbox 240 606 344 698; x_wconf 87' lang='lat' dir='ltr'>majus</span> <span class='ocrx_word' id='word_1_14' title='bbox 359 601 559 700; x_wconf 89' lang='lat' dir='ltr'>supplicium</span> <span class='ocrx_word' id='word_1_15' title='bbox 574 599 758 693; x_wconf 86' lang='lat' dir='ltr'>imminere,</span> <span class='ocrx_word' id='word_1_16' title='bbox 774 597 854 672; x_wconf 90' lang='lat' dir='ltr'>audi</span> <span class='ocrx_word' id='word_1_17' title='bbox 868 623 936 694; x_wconf 93' lang='lat' dir='ltr'>quo</span> <span class='ocrx_word' id='word_1_18' title='bbox 957 613 1054 694; x_wconf 88' lang='lat' dir='ltr'>pacto</span> <span class='ocrx_word' id='word_1_19' title='bbox 1066 599 1216 688; x_wconf 81' lang='lat' dir='ltr'>Christus</span> <span class='ocrx_word' id='word_1_20' title='bbox 1230 601 1284 672; x_wconf 91' lang='lat' dir='ltr'>in-</span> 
     </span>
     <span class='ocr_line' id='line_1_4' title="bbox 240 704 1286 803; baseline -0.006 -19"><span class='ocrx_word' id='word_1_21' title='bbox 240 709 328 784; x_wconf 82' lang='lat' dir='ltr'><strong>dicet</strong></span> <span class='ocrx_word' id='word_1_22' title='bbox 347 739 355 782; x_wconf 82' lang='lat'>:</span> <span class='ocrx_word' id='word_1_23' title='bbox 372 708 416 786; x_wconf 85' lang='lat' dir='ltr'>Si</span> <span class='ocrx_word' id='word_1_24' title='bbox 422 733 497 780; x_wconf 87' lang='lat' dir='ltr'>non</span> <span class='ocrx_word' id='word_1_25' title='bbox 511 708 689 782; x_wconf 74' lang='lat' dir='ltr'>venissem</span> <span class='ocrx_word' id='word_1_26' title='bbox 696 761 709 796; x_wconf 94' lang='lat'>,</span> <span class='ocrx_word' id='word_1_27' title='bbox 728 720 766 796; x_wconf 85' lang='lat' dir='ltr'>et</span> <span class='ocrx_word' id='word_1_28' title='bbox 778 704 927 786; x_wconf 75' lang='lat' dir='ltr'>loeutus,</span> <span class='ocrx_word' id='word_1_29' title='bbox 932 707 1094 803; x_wconf 85' lang='lat' dir='ltr'>fuissem</span> <span class='ocrx_word' id='word_1_30' title='bbox 1110 708 1162 777; x_wconf 88' lang='lat' dir='ltr'>eis</span> <span class='ocrx_word' id='word_1_31' title='bbox 1168 761 1182 798; x_wconf 86' lang='lat'>,</span> <span class='ocrx_word' id='word_1_32' title='bbox 1200 731 1286 800; x_wconf 84' lang='lat' dir='ltr'>pec·</span> 
     </span>
     <span class='ocr_line' id='line_1_5' title="bbox 240 810 1287 898; baseline 0 -10"><span class='ocrx_word' id='word_1_33' title='bbox 240 831 365 892; x_wconf 84' lang='lat' dir='ltr'>cotum</span> <span class='ocrx_word' id='word_1_34' title='bbox 379 837 454 890; x_wconf 85' lang='lat' dir='ltr'>non</span> <span class='ocrx_word' id='word_1_35' title='bbox 469 810 646 888; x_wconf 80' lang='lat' dir='ltr'>haberent</span> <span class='ocrx_word' id='word_1_36' title='bbox 657 829 668 886; x_wconf 82' lang='grc'>’.·</span> <span class='ocrx_word' id='word_1_37' title='bbox 684 827 916 898; x_wconf 74' lang='lat' dir='ltr'>annuentem</span> <span class='ocrx_word' id='word_1_38' title='bbox 928 816 1202 888; x_wconf 75' lang='lat' dir='ltr'>cremationem</span> <span class='ocrx_word' id='word_1_39' title='bbox 1213 839 1287 888; x_wconf 86' lang='lat' dir='ltr'>non</span> 
     </span>
     <span class='ocr_line' id='line_1_6' title="bbox 241 917 1288 1017; baseline -0.002 -23"><span class='ocrx_word' id='word_1_40' title='bbox 241 920 379 998; x_wconf 81' lang='lat' dir='ltr'>habent</span> <span class='ocrx_word' id='word_1_41' title='bbox 403 917 449 998; x_wconf 84' lang='lat' dir='ltr'>de</span> <span class='ocrx_word' id='word_1_42' title='bbox 473 933 628 1017; x_wconf 84' lang='lat' dir='ltr'>peccato</span> <span class='ocrx_word' id='word_1_43' title='bbox 648 923 747 993; x_wconf 79' lang='lat' dir='ltr'>sn01.</span> <span class='ocrx_word' id='word_1_44' title='bbox 776 923 821 992; x_wconf 87' lang='lat' dir='ltr'>Et</span> <span class='ocrx_word' id='word_1_45' title='bbox 845 920 1049 1016; x_wconf 83' lang='lat' dir='ltr'><strong>Apostolus:</strong></span> <span class='ocrx_word' id='word_1_46' title='bbox 1075 917 1167 996; x_wconf 85' lang='lat' dir='ltr'>Non</span> <span class='ocrx_word' id='word_1_47' title='bbox 1192 922 1288 992; x_wconf 83' lang='lat' dir='ltr'>enim</span> 
     </span>
     <span class='ocr_line' id='line_1_7' title="bbox 242 1023 1288 1124; baseline -0.001 -23"><span class='ocrx_word' id='word_1_48' title='bbox 242 1025 428 1103; x_wconf 74' lang='lat' dir='ltr'><em>auditores</em></span> <span class='ocrx_word' id='word_1_49' title='bbox 452 1025 543 1124; x_wconf 77' lang='lat' dir='ltr'>legis</span> <span class='ocrx_word' id='word_1_50' title='bbox 549 1025 645 1124; x_wconf 83' lang='lat' dir='ltr'>justi</span> <span class='ocrx_word' id='word_1_51' title='bbox 665 1039 748 1102; x_wconf 84' lang='lat' dir='ltr'>sunt</span> <span class='ocrx_word' id='word_1_52' title='bbox 773 1023 877 1122; x_wconf 81' lang='lat' dir='ltr'>apud</span> <span class='ocrx_word' id='word_1_53' title='bbox 888 1025 1030 1116; x_wconf 84' lang='lat' dir='ltr'>Deum,</span> <span class='ocrx_word' id='word_1_54' title='bbox 1045 1023 1288 1124; x_wconf 84' lang='lat' dir='ltr'>sedfoctores</span> 
     </span>
     <span class='ocr_line' id='line_1_8' title="bbox 243 1131 1294 1238; baseline -0.002 -30"><span class='ocrx_word' id='word_1_55' title='bbox 243 1134 333 1236; x_wconf 78' lang='lat' dir='ltr'>legis</span> <span class='ocrx_word' id='word_1_56' title='bbox 347 1131 682 1238; x_wconf 44' lang='lat' dir='ltr'>justificabuntur&amp;</span> <span class='ocrx_word' id='word_1_57' title='bbox 701 1133 816 1228; x_wconf 77' lang='lat' dir='ltr'>Atque</span> <span class='ocrx_word' id='word_1_58' title='bbox 830 1132 873 1207; x_wconf 85' lang='lat' dir='ltr'>ud</span> <span class='ocrx_word' id='word_1_59' title='bbox 890 1133 1055 1208; x_wconf 85' lang='lat' dir='ltr'><strong>auditores</strong></span> <span class='ocrx_word' id='word_1_60' title='bbox 1073 1133 1211 1228; x_wconf 89' lang='lat' dir='ltr'>quidem</span> <span class='ocrx_word' id='word_1_61' title='bbox 1228 1135 1294 1206; x_wconf 84' lang='lat' dir='ltr'>ista·</span> 
     </span>
     <span class='ocr_line' id='line_1_9' title="bbox 241 1237 1289 1340; baseline -0.002 -26"><span class='ocrx_word' id='word_1_62' title='bbox 241 1243 400 1316; x_wconf 87' lang='lat' dir='ltr'>dicuntur</span> <span class='ocrx_word' id='word_1_63' title='bbox 417 1237 551 1340; x_wconf 86' lang='lat' dir='ltr'>:volens</span> <span class='ocrx_word' id='word_1_64' title='bbox 568 1253 679 1316; x_wconf 89' lang='lat' dir='ltr'>autem</span> <span class='ocrx_word' id='word_1_65' title='bbox 691 1239 959 1315; x_wconf 81' lang='lat' dir='ltr'>concionatorem</span> <span class='ocrx_word' id='word_1_66' title='bbox 973 1240 1083 1337; x_wconf 88' lang='lat' dir='ltr'>ipsum</span> <span class='ocrx_word' id='word_1_67' title='bbox 1102 1240 1289 1328; x_wconf 73' lang='lat' dir='ltr'>docerem</span> 
     </span>
     <span class='ocr_line' id='line_1_10' title="bbox 242 1343 1290 1446; baseline 0.002 -28"><span class='ocrx_word' id='word_1_68' title='bbox 242 1349 305 1443; x_wconf 91' lang='lat' dir='ltr'>ipsi</span> <span class='ocrx_word' id='word_1_69' title='bbox 319 1345 457 1443; x_wconf 84' lang='lat' dir='ltr'>quidem</span> <span class='ocrx_word' id='word_1_70' title='bbox 471 1345 577 1422; x_wconf 85' lang='lat' dir='ltr'>ullam</span> <span class='ocrx_word' id='word_1_71' title='bbox 589 1369 629 1423; x_wconf 85' lang='lat' dir='ltr'>ex</span> <span class='ocrx_word' id='word_1_72' title='bbox 640 1343 802 1434; x_wconf 72' lang='lat' dir='ltr'>doctrine,</span> <span class='ocrx_word' id='word_1_73' title='bbox 819 1369 920 1446; x_wconf 85' lang='lat' dir='ltr'>quam</span> <span class='ocrx_word' id='word_1_74' title='bbox 939 1347 1180 1436; x_wconf 81' lang='lat' dir='ltr'>communicat,</span> <span class='ocrx_word' id='word_1_75' title='bbox 1197 1347 1290 1420; x_wconf 91' lang='lat' dir='ltr'>utili-</span> 
     </span>
     <span class='ocr_line' id='line_1_11' title="bbox 243 1454 1290 1541; baseline -0.008 -7"><span class='ocrx_word' id='word_1_76' title='bbox 243 1469 347 1534; x_wconf 85' lang='lat' dir='ltr'>tatem</span> <span class='ocrx_word' id='word_1_77' title='bbox 362 1477 430 1530; x_wconf 87' lang='lat' dir='ltr'>esse</span> <span class='ocrx_word' id='word_1_78' title='bbox 444 1455 680 1541; x_wconf 84' lang='lat' dir='ltr'>obventuram,</span> <span class='ocrx_word' id='word_1_79' title='bbox 700 1455 728 1530; x_wconf 90' lang='lat' dir='ltr'>si</span> <span class='ocrx_word' id='word_1_80' title='bbox 746 1455 1027 1530; x_wconf 82' lang='lat' dir='ltr'>conversationem</span> <span class='ocrx_word' id='word_1_81' title='bbox 1047 1454 1290 1536; x_wconf 76' lang='lat' dir='ltr'>cumdoctrint</span> 
     </span>
     <span class='ocr_line' id='line_1_12' title="bbox 243 1558 1287 1658; baseline 0 -24"><span class='ocrx_word' id='word_1_82' title='bbox 243 1583 314 1634; x_wconf 90' lang='lat' dir='ltr'>non</span> <span class='ocrx_word' id='word_1_83' title='bbox 329 1560 452 1638; x_wconf 83' lang='lat' dir='ltr'>habeat</span> <span class='ocrx_word' id='word_1_84' title='bbox 469 1558 680 1658; x_wconf 82' lang='lat' dir='ltr'>copulatam,</span> <span class='ocrx_word' id='word_1_85' title='bbox 697 1573 731 1634; x_wconf 90' lang='lat' dir='ltr'>et</span> <span class='ocrx_word' id='word_1_86' title='bbox 745 1561 846 1635; x_wconf 80' lang='lat' dir='ltr'>vitam</span> <span class='ocrx_word' id='word_1_87' title='bbox 861 1560 1115 1634; x_wconf 79' lang='lat' dir='ltr'>&#39;convenientem</span> <span class='ocrx_word' id='word_1_88' title='bbox 1130 1561 1287 1648; x_wconf 75' lang='lat' dir='ltr'>oration,</span> 
     </span>
     <span class='ocr_line' id='line_1_13' title="bbox 245 1667 1289 1767; baseline -0.006 -21"><span class='ocrx_word' id='word_1_89' title='bbox 245 1668 323 1746; x_wconf 87' lang='lat' dir='ltr'>audi</span> <span class='ocrx_word' id='word_1_90' title='bbox 338 1693 406 1766; x_wconf 90' lang='lat' dir='ltr'>quo</span> <span class='ocrx_word' id='word_1_91' title='bbox 421 1683 519 1762; x_wconf 87' lang='lat' dir='ltr'>pacto</span> <span class='ocrx_word' id='word_1_92' title='bbox 533 1667 711 1767; x_wconf 79' lang='lat' dir='ltr'>Apostolus</span> <span class='ocrx_word' id='word_1_93' title='bbox 733 1667 947 1762; x_wconf 80' lang='lat' dir='ltr'>et&#39;Prophetu</span> <span class='ocrx_word' id='word_1_94' title='bbox 961 1668 996 1738; x_wconf 91' lang='lat' dir='ltr'>in</span> <span class='ocrx_word' id='word_1_95' title='bbox 1016 1667 1113 1742; x_wconf 90' lang='lat' dir='ltr'>illum</span> <span class='ocrx_word' id='word_1_96' title='bbox 1127 1669 1289 1742; x_wconf 84' lang='lat' dir='ltr'>invehan-</span> 
     </span>
     <span class='ocr_line' id='line_1_14' title="bbox 198 1773 1290 1880; baseline -0.005 -26"><span class='ocrx_word' id='word_1_97' title='bbox 198 1874 203 1880; x_wconf 81' lang='lat'><em>.</em></span> <span class='ocrx_word' id='word_1_98' title='bbox 243 1793 311 1854; x_wconf 83' lang='lat' dir='ltr'>tur.</span> <span class='ocrx_word' id='word_1_99' title='bbox 337 1780 421 1854; x_wconf 77' lang='lat' dir='ltr'>Ntm</span> <span class='ocrx_word' id='word_1_100' title='bbox 440 1777 495 1852; x_wconf 89' lang='lat' dir='ltr'>hic</span> <span class='ocrx_word' id='word_1_101' title='bbox 515 1778 650 1872; x_wconf 88' lang='lat' dir='ltr'>quidem</span> <span class='ocrx_word' id='word_1_102' title='bbox 672 1777 717 1852; x_wconf 88' lang='lat' dir='ltr'>sic</span> <span class='ocrx_word' id='word_1_103' title='bbox 738 1777 782 1852; x_wconf 88' lang='lat' dir='ltr'>ait</span> <span class='ocrx_word' id='word_1_104' title='bbox 808 1775 1039 1852; x_wconf 78' lang='lat' dir='ltr'>:Peccatori</span> <span class='ocrx_word' id='word_1_105' title='bbox 1059 1788 1182 1850; x_wconf 85' lang='lat' dir='ltr'>autem</span> <span class='ocrx_word' id='word_1_106' title='bbox 1197 1773 1290 1850; x_wconf 68' lang='lat' dir='ltr'>dreit</span> 
     </span>
    </p>
   </div>
   <div class='ocr_carea' id='block_1_3' title="bbox 60 1881 1289 1980">
    <p class='ocr_par' dir='ltr' id='par_1_3' title="bbox 60 1881 1289 1980">
     <span class='ocr_line' id='line_1_15' title="bbox 60 1881 1289 1980; baseline -0.013 -13"><span class='ocrx_word' id='word_1_107' title='bbox 60 1956 65 1970; x_wconf 91' lang='lat'><em>.</em></span> <span class='ocrx_word' id='word_1_108' title='bbox 183 1937 186 1948; x_wconf 32' lang='lat' dir='ltr'>s</span> <span class='ocrx_word' id='word_1_109' title='bbox 244 1884 372 1964; x_wconf 83' lang='lat' dir='ltr'>Dens:</span> <span class='ocrx_word' id='word_1_110' title='bbox 401 1883 529 1980; x_wconf 67' lang='lat' dir='ltr'>Quare*</span> <span class='ocrx_word' id='word_1_111' title='bbox 542 1895 581 1956; x_wconf 87' lang='lat' dir='ltr'>tu</span> <span class='ocrx_word' id='word_1_112' title='bbox 596 1905 750 1960; x_wconf 83' lang='lat' dir='ltr'>enarras</span> <span class='ocrx_word' id='word_1_113' title='bbox 762 1881 929 1980; x_wconf 71' lang='lat' dir='ltr'>justitiet</span> <span class='ocrx_word' id='word_1_114' title='bbox 945 1905 1047 1958; x_wconf 84' lang='lat' dir='ltr'>meas</span> <span class='ocrx_word' id='word_1_115' title='bbox 1058 1913 1075 1970; x_wconf 93' lang='lat'>,·</span> <span class='ocrx_word' id='word_1_116' title='bbox 1090 1883 1289 1955; x_wconf 85' lang='lat' dir='ltr'>etossnmis</span> 
     </span>
    </p>
   </div>
   <div class='ocr_carea' id='block_1_4' title="bbox 220 1987 1292 3042">
    <p class='ocr_par' dir='ltr' id='par_1_4' title="bbox 220 1987 1292 3042">
     <span class='ocr_line' id='line_1_16' title="bbox 246 1987 1291 2086; baseline -0.003 -19"><span class='ocrx_word' id='word_1_117' title='bbox 246 2006 500 2067; x_wconf 80' lang='lat' dir='ltr'>testamentum</span> <span class='ocrx_word' id='word_1_118' title='bbox 516 2003 637 2070; x_wconf 85' lang='lat' dir='ltr'>meum</span> <span class='ocrx_word' id='word_1_119' title='bbox 648 2015 718 2086; x_wconf 86' lang='lat' dir='ltr'>per</span> <span class='ocrx_word' id='word_1_120' title='bbox 736 2014 778 2062; x_wconf 87' lang='lat' dir='ltr'>os</span> <span class='ocrx_word' id='word_1_121' title='bbox 794 2005 894 2066; x_wconf 84' lang='lat' dir='ltr'>tuum</span> <span class='ocrx_word' id='word_1_122' title='bbox 907 2022 925 2079; x_wconf 84' lang='lat'>,-</span> <span class='ocrx_word' id='word_1_123' title='bbox 942 1995 980 2063; x_wconf 78' lang='lat' dir='ltr'>tn</span> <span class='ocrx_word' id='word_1_124' title='bbox 995 1991 1079 2064; x_wconf 83' lang='lat' dir='ltr'>vero</span> <span class='ocrx_word' id='word_1_125' title='bbox 1089 1987 1204 2062; x_wconf 84' lang='lat' dir='ltr'>odisti</span> <span class='ocrx_word' id='word_1_126' title='bbox 1217 1987 1291 2064; x_wconf 85' lang='lat' dir='ltr'>dis-</span> 
     </span>
     <span class='ocr_line' id='line_1_17' title="bbox 220 2091 1290 2194; baseline 0.003 -26"><span class='ocrx_word' id='word_1_127' title='bbox 220 2155 223 2158; x_wconf 93' lang='lat'>.</span> <span class='ocrx_word' id='word_1_128' title='bbox 247 2097 423 2194; x_wconf 77' lang='lat' dir='ltr'>eiplrnam</span> <span class='ocrx_word' id='word_1_129' title='bbox 434 2091 473 2169; x_wconf 79' lang='lat'>³?</span> <span class='ocrx_word' id='word_1_130' title='bbox 488 2095 664 2192; x_wconf 76' lang='lat' dir='ltr'>Apostolus</span> <span class='ocrx_word' id='word_1_131' title='bbox 674 2110 785 2174; x_wconf 86' lang='lat' dir='ltr'>autem</span> <span class='ocrx_word' id='word_1_132' title='bbox 801 2097 877 2172; x_wconf 79' lang='lat' dir='ltr'>cim</span> <span class='ocrx_word' id='word_1_133' title='bbox 892 2095 1070 2171; x_wconf 60' lang='lat' dir='ltr'>in‘eosdem</span> <span class='ocrx_word' id='word_1_134' title='bbox 1084 2098 1163 2172; x_wconf 89' lang='lat' dir='ltr'>istos</span> <span class='ocrx_word' id='word_1_135' title='bbox 1178 2096 1290 2170; x_wconf 86' lang='lat' dir='ltr'>rursds</span> 
     </span>
     <span class='ocr_line' id='line_1_18' title="bbox 231 2198 1288 2298; baseline 0 -22"><span class='ocrx_word' id='word_1_136' title='bbox 231 2198 430 2292; x_wconf 81' lang='lat' dir='ltr'>invehitur,</span> <span class='ocrx_word' id='word_1_137' title='bbox 455 2204 514 2298; x_wconf 92' lang='lat' dir='ltr'>qni</span> <span class='ocrx_word' id='word_1_138' title='bbox 536 2204 581 2274; x_wconf 94' lang='lat' dir='ltr'>ob</span> <span class='ocrx_word' id='word_1_139' title='bbox 606 2203 790 2278; x_wconf 75' lang='lat' dir='ltr'>doctn&#39;ntun&#39;</span> <span class='ocrx_word' id='word_1_140' title='bbox 809 2201 983 2297; x_wconf 78' lang='lat' dir='ltr'>magnifice</span> <span class='ocrx_word' id='word_1_141' title='bbox 1005 2203 1047 2296; x_wconf 81' lang='lat' dir='ltr'>de</span> <span class='ocrx_word' id='word_1_142' title='bbox 1070 2226 1106 2282; x_wconf 82' lang='lat' dir='ltr'>se</span> <span class='ocrx_word' id='word_1_143' title='bbox 1124 2203 1288 2294; x_wconf 82' lang='lat' dir='ltr'>sentiunt,</span> 
     </span>
     <span class='ocr_line' id='line_1_19' title="bbox 225 2305 1288 2412; baseline 0 -32"><span class='ocrx_word' id='word_1_144' title='bbox 225 2311 291 2384; x_wconf 79' lang='lat' dir='ltr'>-tn</span> <span class='ocrx_word' id='word_1_145' title='bbox 303 2309 453 2406; x_wconf 86' lang='lat' dir='ltr'>loquitur</span> <span class='ocrx_word' id='word_1_146' title='bbox 471 2337 479 2380; x_wconf 92' lang='lat'><strong>:</strong></span> <span class='ocrx_word' id='word_1_147' title='bbox 502 2305 668 2404; x_wconf 74' lang='lat' dir='ltr'>Confidis·</span> <span class='ocrx_word' id='word_1_148' title='bbox 677 2321 712 2384; x_wconf 87' lang='lat' dir='ltr'>te</span> <span class='ocrx_word' id='word_1_149' title='bbox 724 2309 842 2402; x_wconf 78' lang='lat' dir='ltr'>ipsunt</span> <span class='ocrx_word' id='word_1_150' title='bbox 860 2331 937 2412; x_wconf 77' lang='lat' dir='ltr'>esse</span> <span class='ocrx_word' id='word_1_151' title='bbox 952 2305 1082 2383; x_wconf 83' lang='lat' dir='ltr'>ducem</span> <span class='ocrx_word' id='word_1_152' title='bbox 1098 2331 1288 2407; x_wconf 74' lang='lat' dir='ltr'>cecorum,</span> 
     </span>
     <span class='ocr_line' id='line_1_20' title="bbox 246 2413 1290 2506; baseline -0.006 -14"><span class='ocrx_word' id='word_1_153' title='bbox 246 2415 368 2492; x_wconf 85' lang='lat' dir='ltr'>lumen</span> <span class='ocrx_word' id='word_1_154' title='bbox 383 2440 519 2504; x_wconf 83' lang='lat' dir='ltr'>eornm,</span> <span class='ocrx_word' id='word_1_155' title='bbox 535 2419 599 2506; x_wconf 83' lang='lat' dir='ltr'>qui</span> <span class='ocrx_word' id='word_1_156' title='bbox 617 2418 655 2489; x_wconf 85' lang='lat' dir='ltr'>in</span> <span class='ocrx_word' id='word_1_157' title='bbox 671 2413 827 2492; x_wconf 77' lang='lat' dir='ltr'>tenebris</span> <span class='ocrx_word' id='word_1_158' title='bbox 842 2429 944 2503; x_wconf 85' lang='lat' dir='ltr'>sunt,</span> <span class='ocrx_word' id='word_1_159' title='bbox 963 2413 1187 2490; x_wconf 83' lang='lat' dir='ltr'>eruditorem</span> <span class='ocrx_word' id='word_1_160' title='bbox 1203 2418 1290 2488; x_wconf 86' lang='lat' dir='ltr'>insi·</span> 
     </span>
     <span class='ocr_line' id='line_1_21' title="bbox 242 2520 1292 2621; baseline -0.002 -25"><span class='ocrx_word' id='word_1_161' title='bbox 242 2525 434 2616; x_wconf 74' lang='lat' dir='ltr'>pientiam,</span> <span class='ocrx_word' id='word_1_162' title='bbox 452 2523 670 2616; x_wconf 84' lang='lat' dir='ltr'>magistrum</span> <span class='ocrx_word' id='word_1_163' title='bbox 683 2521 892 2620; x_wconf 74' lang='lat' dir='ltr'>infantium.</span> <span class='ocrx_word' id='word_1_164' title='bbox 917 2523 994 2621; x_wconf 81' lang='lat' dir='ltr'>Qui</span> <span class='ocrx_word' id='word_1_165' title='bbox 1007 2521 1220 2620; x_wconf 78' lang='lat' dir='ltr'>ergdolr&#39;um</span> <span class='ocrx_word' id='word_1_166' title='bbox 1231 2520 1292 2594; x_wconf 85' lang='lat' dir='ltr'>do·</span> 
     </span>
     <span class='ocr_line' id='line_1_22' title="bbox 245 2622 1291 2724; baseline 0.002 -24"><span class='ocrx_word' id='word_1_167' title='bbox 245 2651 317 2714; x_wconf 83' lang='lat' dir='ltr'>ces,</span> <span class='ocrx_word' id='word_1_168' title='bbox 330 2641 365 2698; x_wconf 87' lang='lat' dir='ltr'>te</span> <span class='ocrx_word' id='word_1_169' title='bbox 377 2627 494 2720; x_wconf 83' lang='lat' dir='ltr'>ipsum</span> <span class='ocrx_word' id='word_1_170' title='bbox 507 2649 580 2698; x_wconf 88' lang='lat' dir='ltr'>non</span> <span class='ocrx_word' id='word_1_171' title='bbox 592 2623 701 2702; x_wconf 82' lang='lat' dir='ltr'>doces</span> <span class='ocrx_word' id='word_1_172' title='bbox 711 2622 751 2697; x_wconf 81' lang='lat'>⁴?</span> <span class='ocrx_word' id='word_1_173' title='bbox 757 2627 899 2712; x_wconf 81' lang='lat' dir='ltr'>Quando</span> <span class='ocrx_word' id='word_1_174' title='bbox 913 2629 1015 2722; x_wconf 85' lang='lat' dir='ltr'>igitur</span> <span class='ocrx_word' id='word_1_175' title='bbox 1023 2653 1133 2724; x_wconf 85' lang='lat' dir='ltr'>neque</span> <span class='ocrx_word' id='word_1_176' title='bbox 1143 2631 1224 2703; x_wconf 90' lang='lat' dir='ltr'>mihi</span> <span class='ocrx_word' id='word_1_177' title='bbox 1233 2631 1291 2724; x_wconf 89' lang='lat' dir='ltr'>qni</span> 
     </span>
     <span class='ocr_line' id='line_1_23' title="bbox 245 2729 1291 2835; baseline 0.001 -31"><span class='ocrx_word' id='word_1_178' title='bbox 245 2733 333 2822; x_wconf 88' lang='lat' dir='ltr'>dico,</span> <span class='ocrx_word' id='word_1_179' title='bbox 350 2729 504 2828; x_wconf 87' lang='lat' dir='ltr'>prodesse</span> <span class='ocrx_word' id='word_1_180' title='bbox 514 2747 635 2830; x_wconf 88' lang='lat' dir='ltr'>potest,</span> <span class='ocrx_word' id='word_1_181' title='bbox 652 2733 745 2835; x_wconf 83' lang='lat' dir='ltr'>quod</span> <span class='ocrx_word' id='word_1_182' title='bbox 760 2735 859 2810; x_wconf 81' lang='lat' dir='ltr'>verba</span> <span class='ocrx_word' id='word_1_183' title='bbox 871 2730 1002 2823; x_wconf 80' lang='lat' dir='ltr'>faciam,</span> <span class='ocrx_word' id='word_1_184' title='bbox 1019 2735 1081 2810; x_wconf 86' lang='lat' dir='ltr'>nisi</span> <span class='ocrx_word' id='word_1_185' title='bbox 1096 2759 1230 2834; x_wconf 86' lang='lat' dir='ltr'>paream</span> <span class='ocrx_word' id='word_1_186' title='bbox 1253 2736 1291 2808; x_wconf 89' lang='lat' dir='ltr'>iis</span> 
     </span>
     <span class='ocr_line' id='line_1_24' title="bbox 246 2837 1292 2940; baseline -0.004 -22"><span class='ocrx_word' id='word_1_187' title='bbox 246 2864 323 2940; x_wconf 86' lang='lat' dir='ltr'>quae</span> <span class='ocrx_word' id='word_1_188' title='bbox 339 2841 509 2928; x_wconf 86' lang='lat' dir='ltr'>dicuntur,</span> <span class='ocrx_word' id='word_1_189' title='bbox 522 2839 626 2919; x_wconf 87' lang='lat' dir='ltr'>sedet</span> <span class='ocrx_word' id='word_1_190' title='bbox 640 2863 694 2914; x_wconf 89' lang='lat' dir='ltr'>me</span> <span class='ocrx_word' id='word_1_191' title='bbox 705 2837 907 2915; x_wconf 79' lang='lat' dir='ltr'>condemnat</span> <span class='ocrx_word' id='word_1_192' title='bbox 916 2843 1020 2937; x_wconf 76' lang='lat' dir='ltr'>magis</span> <span class='ocrx_word' id='word_1_193' title='bbox 1034 2871 1043 2918; x_wconf 73' lang='grc' dir='ltr'><strong>ι</strong></span> <span class='ocrx_word' id='word_1_194' title='bbox 1057 2865 1099 2916; x_wconf 88' lang='lat' dir='ltr'>ne</span> <span class='ocrx_word' id='word_1_195' title='bbox 1114 2842 1184 2916; x_wconf 80' lang='lat' dir='ltr'>sota</span> <span class='ocrx_word' id='word_1_196' title='bbox 1195 2841 1292 2916; x_wconf 88' lang='lat' dir='ltr'>audi-</span> 
     </span>
     <span class='ocr_line' id='line_1_25' title="bbox 246 2946 1292 3042; baseline 0.002 -20"><span class='ocrx_word' id='word_1_197' title='bbox 246 2949 336 3022; x_wconf 85' lang='lat' dir='ltr'>tione</span> <span class='ocrx_word' id='word_1_198' title='bbox 356 2948 452 3022; x_wconf 83' lang='lat' dir='ltr'>tends</span> <span class='ocrx_word' id='word_1_199' title='bbox 472 2946 619 3026; x_wconf 87' lang='lat' dir='ltr'>studium</span> <span class='ocrx_word' id='word_1_200' title='bbox 639 2948 868 3035; x_wconf 84' lang='lat' dir='ltr'>exhibeamus,</span> <span class='ocrx_word' id='word_1_201' title='bbox 889 2948 948 3022; x_wconf 88' lang='lat' dir='ltr'>sed</span> <span class='ocrx_word' id='word_1_202' title='bbox 967 2949 1123 3042; x_wconf 89' lang='lat' dir='ltr'>operibus</span> <span class='ocrx_word' id='word_1_203' title='bbox 1138 2951 1237 3036; x_wconf 77' lang='lat' dir='ltr'>etiam</span> <span class='ocrx_word' id='word_1_204' title='bbox 1254 2973 1292 3024; x_wconf 84' lang='lat' dir='ltr'>en</span> 
     </span>
    </p>
   </div>
   <div class='ocr_carea' id='block_1_5' title="bbox 196 3055 1406 3158">
    <p class='ocr_par' dir='ltr' id='par_1_5' title="bbox 196 3055 1406 3158">
     <span class='ocr_line' id='line_1_26' title="bbox 196 3055 1406 3158; baseline -0.006 -22"><span class='ocrx_word' id='word_1_205' title='bbox 196 3133 197 3136; x_wconf 74' lang='grc'>,</span> <span class='ocrx_word' id='word_1_206' title='bbox 246 3081 323 3158; x_wconf 86' lang='lat' dir='ltr'>quae</span> <span class='ocrx_word' id='word_1_207' title='bbox 345 3055 503 3134; x_wconf 88' lang='lat' dir='ltr'>dicuntur</span> <span class='ocrx_word' id='word_1_208' title='bbox 529 3055 751 3132; x_wconf 79' lang='lat' dir='ltr'>observemus.</span> <span class='ocrx_word' id='word_1_209' title='bbox 766 3061 896 3130; x_wconf 86' lang='lat' dir='ltr'>Bonum</span> <span class='ocrx_word' id='word_1_210' title='bbox 909 3055 1045 3150; x_wconf 86' lang='lat' dir='ltr'>quidem</span> <span class='ocrx_word' id='word_1_211' title='bbox 1065 3058 1291 3132; x_wconf 87' lang='lat' dir='ltr'>estassiduam</span> <span class='ocrx_word' id='word_1_212' title='bbox 1397 3059 1406 3076; x_wconf 90' lang='lat'>&#39;</span> 
     </span>
    </p>
   </div>
   <div class='ocr_carea' id='block_1_6' title="bbox 207 3161 1292 4017">
    <p class='ocr_par' dir='ltr' id='par_1_6' title="bbox 207 3161 1292 3900">
     <span class='ocr_line' id='line_1_27' title="bbox 246 3161 1291 3259; baseline 0.001 -22"><span class='ocrx_word' id='word_1_213' title='bbox 246 3185 415 3242; x_wconf 81' lang='lat' dir='ltr'>sacrorum</span> <span class='ocrx_word' id='word_1_214' title='bbox 427 3161 646 3259; x_wconf 85' lang='lat' dir='ltr'>Eloqniorum</span> <span class='ocrx_word' id='word_1_215' title='bbox 663 3161 823 3240; x_wconf 85' lang='lat' dir='ltr'>auditioni</span> <span class='ocrx_word' id='word_1_216' title='bbox 841 3162 1088 3256; x_wconf 77' lang='lat' dir='ltr'>operandam,</span> <span class='ocrx_word' id='word_1_217' title='bbox 1105 3163 1164 3238; x_wconf 85' lang='lat' dir='ltr'>sed</span> <span class='ocrx_word' id='word_1_218' title='bbox 1179 3178 1213 3238; x_wconf 89' lang='lat' dir='ltr'>et</span> <span class='ocrx_word' id='word_1_219' title='bbox 1226 3165 1291 3238; x_wconf 89' lang='lat' dir='ltr'>hoc</span> 
     </span>
     <span class='ocr_line' id='line_1_28' title="bbox 246 3268 1291 3365; baseline -0.006 -15"><span class='ocrx_word' id='word_1_220' title='bbox 246 3271 374 3350; x_wconf 83' lang='lat' dir='ltr'>bonum</span> <span class='ocrx_word' id='word_1_221' title='bbox 399 3269 517 3347; x_wconf 88' lang='lat' dir='ltr'>inutile</span> <span class='ocrx_word' id='word_1_222' title='bbox 540 3268 706 3357; x_wconf 82' lang='lat' dir='ltr'>redditur,</span> <span class='ocrx_word' id='word_1_223' title='bbox 733 3269 761 3341; x_wconf 89' lang='lat' dir='ltr'>si</span> <span class='ocrx_word' id='word_1_224' title='bbox 782 3270 994 3365; x_wconf 84' lang='lat' dir='ltr'>conjunctam</span> <span class='ocrx_word' id='word_1_225' title='bbox 1019 3269 1200 3344; x_wconf 84' lang='lat' dir='ltr'>utilitatem</span> <span class='ocrx_word' id='word_1_226' title='bbox 1221 3294 1291 3348; x_wconf 88' lang='lat' dir='ltr'>non</span> 
     </span>
     <span class='ocr_line' id='line_1_29' title="bbox 246 3375 1291 3472; baseline -0.006 -18"><span class='ocrx_word' id='word_1_227' title='bbox 246 3377 384 3466; x_wconf 76' lang='lat' dir='ltr'>tabeat,</span> <span class='ocrx_word' id='word_1_228' title='bbox 402 3401 478 3472; x_wconf 86' lang='lat' dir='ltr'>quae</span> <span class='ocrx_word' id='word_1_229' title='bbox 493 3375 895 3466; x_wconf 73' lang='lat' dir='ltr'>exobedientiinaseitur.</span> <span class='ocrx_word' id='word_1_230' title='bbox 908 3379 957 3450; x_wconf 87' lang='lat' dir='ltr'>Ne</span> <span class='ocrx_word' id='word_1_231' title='bbox 970 3375 1071 3470; x_wconf 84' lang='lat' dir='ltr'>igitur</span> <span class='ocrx_word' id='word_1_232' title='bbox 1092 3377 1147 3451; x_wconf 83' lang='lat' dir='ltr'>hle</span> <span class='ocrx_word' id='word_1_233' title='bbox 1167 3377 1291 3450; x_wconf 75' lang='lat' dir='ltr'>frustm</span> 
     </span>
     <span class='ocr_line' id='line_1_30' title="bbox 246 3483 1289 3580; baseline 0.002 -26"><span class='ocrx_word' id='word_1_234' title='bbox 246 3486 468 3578; x_wconf 67' lang='lat' dir='ltr'>conveniatis,</span> <span class='ocrx_word' id='word_1_235' title='bbox 488 3486 579 3564; x_wconf 83' lang='lat' dir='ltr'>omni</span> <span class='ocrx_word' id='word_1_236' title='bbox 598 3486 727 3578; x_wconf 85' lang='lat' dir='ltr'>studio,</span> <span class='ocrx_word' id='word_1_237' title='bbox 755 3483 847 3580; x_wconf 80' lang='lat' dir='ltr'>qtrod</span> <span class='ocrx_word' id='word_1_238' title='bbox 869 3484 1001 3558; x_wconf 75' lang='lat' dir='ltr'>ivohis</span> <span class='ocrx_word' id='word_1_239' title='bbox 1024 3485 1179 3578; x_wconf 88' lang='lat' dir='ltr'>precibus</span> <span class='ocrx_word' id='word_1_240' title='bbox 1202 3485 1289 3578; x_wconf 78' lang='lat' dir='ltr'>saepe</span> 
     </span>
     <span class='ocr_line' id='line_1_31' title="bbox 246 3589 1292 3692; baseline 0 -28"><span class='ocrx_word' id='word_1_241' title='bbox 246 3592 416 3680; x_wconf 88' lang='lat' dir='ltr'>contendi,</span> <span class='ocrx_word' id='word_1_242' title='bbox 432 3616 541 3692; x_wconf 87' lang='lat' dir='ltr'>neque</span> <span class='ocrx_word' id='word_1_243' title='bbox 553 3590 753 3670; x_wconf 86' lang='lat' dir='ltr'>contendere</span> <span class='ocrx_word' id='word_1_244' title='bbox 765 3591 927 3680; x_wconf 88' lang='lat' dir='ltr'>desinam,</span> <span class='ocrx_word' id='word_1_245' title='bbox 942 3589 1057 3664; x_wconf 81' lang='lat' dir='ltr'>fratres</span> <span class='ocrx_word' id='word_1_246' title='bbox 1066 3593 1169 3666; x_wconf 88' lang='lat' dir='ltr'>nobis</span> <span class='ocrx_word' id='word_1_247' title='bbox 1187 3591 1292 3666; x_wconf 82' lang='lat' dir='ltr'>addu-</span> 
     </span>
     <span class='ocr_line' id='line_1_32' title="bbox 207 3695 1288 3788; baseline 0.003 -20"><span class='ocrx_word' id='word_1_248' title='bbox 207 3713 214 3730; x_wconf 89' lang='lat'><strong>·</strong></span> <span class='ocrx_word' id='word_1_249' title='bbox 247 3699 323 3787; x_wconf 87' lang='lat' dir='ltr'>cite,</span> <span class='ocrx_word' id='word_1_250' title='bbox 340 3699 556 3776; x_wconf 87' lang='lat' dir='ltr'>cohortamini</span> <span class='ocrx_word' id='word_1_251' title='bbox 571 3710 727 3788; x_wconf 86' lang='lat' dir='ltr'>errantes,</span> <span class='ocrx_word' id='word_1_252' title='bbox 741 3695 916 3772; x_wconf 85' lang='lat' dir='ltr'>consilium</span> <span class='ocrx_word' id='word_1_253' title='bbox 930 3696 1007 3772; x_wconf 78' lang='lat' dir='ltr'>date</span> <span class='ocrx_word' id='word_1_254' title='bbox 1021 3721 1090 3776; x_wconf 87' lang='lat' dir='ltr'>non</span> <span class='ocrx_word' id='word_1_255' title='bbox 1097 3699 1201 3772; x_wconf 87' lang='lat' dir='ltr'>verbo</span> <span class='ocrx_word' id='word_1_256' title='bbox 1215 3713 1288 3771; x_wconf 85' lang='lat' dir='ltr'>tan·</span> 
     </span>
     <span class='ocr_line' id='line_1_33' title="bbox 246 3804 1285 3900; baseline 0.004 -26"><span class='ocrx_word' id='word_1_257' title='bbox 246 3805 333 3890; x_wconf 86' lang='lat' dir='ltr'>tlnn,</span> <span class='ocrx_word' id='word_1_258' title='bbox 350 3804 1028 3900; x_wconf 73' lang='lat' dir='ltr'>sedetiamoperc.Maiorestistadoctrina</span> <span class='ocrx_word' id='word_1_259' title='bbox 1038 3830 1113 3900; x_wconf 81' lang='lat' dir='ltr'>quae</span> <span class='ocrx_word' id='word_1_260' title='bbox 1122 3807 1285 3894; x_wconf 88' lang='lat' dir='ltr'>moribus,</span> 
     </span>
    </p>

    <p class='ocr_par' dir='ltr' id='par_1_7' title="bbox 283 3931 1290 4017">
     <span class='ocr_line' id='line_1_34' title="bbox 283 3931 1290 4017; baseline 0 -34"><span class='ocrx_word' id='word_1_261' title='bbox 283 3935 373 3984; x_wconf 82' lang='lat' dir='ltr'>¹Joan.</span> <span class='ocrx_word' id='word_1_262' title='bbox 384 3949 425 4000; x_wconf 85' lang='lat' dir='ltr'>xv,</span> <span class='ocrx_word' id='word_1_263' title='bbox 435 3947 476 4017; x_wconf 70' lang='lat' dir='ltr'>uu.</span> <span class='ocrx_word' id='word_1_264' title='bbox 491 3957 525 3974; x_wconf 88' lang='lat'>-·</span> <span class='ocrx_word' id='word_1_265' title='bbox 536 3937 626 3991; x_wconf 79' lang='lat' dir='ltr'>²llum</span> <span class='ocrx_word' id='word_1_266' title='bbox 637 3933 664 4000; x_wconf 82' lang='lat' dir='ltr'>ri,</span> <span class='ocrx_word' id='word_1_267' title='bbox 678 3933 717 3987; x_wconf 81' lang='lat'>13.</span> <span class='ocrx_word' id='word_1_268' title='bbox 729 3955 761 3974; x_wconf 82' lang='lat'>··</span> <span class='ocrx_word' id='word_1_269' title='bbox 772 3931 783 3974; x_wconf 81' lang='lat'>³</span> <span class='ocrx_word' id='word_1_270' title='bbox 795 3932 857 3987; x_wconf 82' lang='lat' dir='ltr'>Psal.</span> <span class='ocrx_word' id='word_1_271' title='bbox 871 3947 937 3999; x_wconf 81' lang='lat' dir='ltr'>xum,</span> <span class='ocrx_word' id='word_1_272' title='bbox 949 3936 991 3986; x_wconf 83' lang='lat'>16.</span> <span class='ocrx_word' id='word_1_273' title='bbox 1007 3959 1040 3974; x_wconf 86' lang='lat'>-</span> <span class='ocrx_word' id='word_1_274' title='bbox 1051 3932 1064 3984; x_wconf 76' lang='lat' dir='ltr'>t</span> <span class='ocrx_word' id='word_1_275' title='bbox 1076 3938 1146 3994; x_wconf 75' lang='lat' dir='ltr'>Rom</span> <span class='ocrx_word' id='word_1_276' title='bbox 1156 3945 1190 4004; x_wconf 78' lang='lat' dir='ltr'>rt,</span> <span class='ocrx_word' id='word_1_277' title='bbox 1205 3947 1290 4002; x_wconf 74' lang='lat' dir='ltr'>to-ur.</span> 
     </span>
    </p>
   </div>
   <div class='ocr_carea' id='block_1_7' title="bbox 0 0 1503 4580">
    <p class='ocr_par' dir='ltr' id='par_1_8' title="bbox 0 0 1503 4580">
     <span class='ocr_line' id='line_1_35' title="bbox 0 0 1503 4580; baseline 0 0"><span class='ocrx_word' id='word_1_278' title='bbox 0 0 1503 4580; x_wconf 95' lang='lat' dir='ltr'> </span> 
     </span>
    </p>
   </div>
  </div>
 </body>
</html>
