2992 4590
322 385 395 468 194Ι
469 415 648 468 sauronam
671 417 697 467 s,
722 413 1157 481 rtrauu,rtus11,ascr.
1183 421 1207 462 1.
1305 413 1310 425 ’

316 520 493 614 placuisset
500 544 577 592 cum
588 519 775 592 doctissimo
787 515 953 609 Theologo
966 489 1361 594 evolvereluliauiadhaic

314 629 445 721 juvenis
471 627 697 721 hypocrisim,
722 628 868 720 ingratos
890 623 1036 719 ejusdem
1061 626 1177 698 eontra
1201 627 1362 697 constan«

316 735 402 803 tium
417 734 560 821 animos,
577 733 798 804 insatiabilem
814 746 847 802 et
862 747 1100 826 praematurum
1115 731 1243 824 'ruperit
1256 733 1360 806 ambi-

316 855 411 928 tum,
430 841 530 932 impia
546 839 696 912 diluendi
712 839 915 931 baptismatis
933 851 1158 922 tentamenta,
1176 839 1362 911 daemonum

318 947 477 1020 absurdas
487 947 770 1038 interrogationes,
789 945 1023 1016 sacrificiorum
1038 943 1190 1020 stolidam
1202 944 1362 1038 nunpt-

317 1053 467 1142 eitatem3
492 1051 613 1124 dehinc
636 1051 878 1144 persecutiones
900 1055 1016 1124 contra
1031 1051 1250 1136 Christianos,
1270 1051 1361 1125 exilit

319 1160 486 1230 homnem
507 1172 565 1228 aut
586 1172 725 1243 mortes,
749 1158 914 1249 virginum
934 1157 1257 1242 dehonestationem,
1280 1157 1363 1234 mili-

303 1279 391 1346 tum
409 1264 621 1356 deceptiones
641 1264 677 1336 in
694 1261 914 1358 idololatriam
928 1264 1030 1334 inscie
1045 1261 1285 1352 deductorum,
1306 1262 1362 1332 de-

315 1371 394 1440 hine
408 1369 524 1440 stultas
534 1367 723 1444 fabularum
736 1367 979 1453 admirationes,
992 1381 1134 1442 astutam
1148 1369 1211 1438 sub
1223 1368 1362 1442 lenitatis

318 1475 392 1548 velo
412 1475 658 1564 crudelitatem,
680 1476 789 1547 edicta
812 1479 929 1548 contri
948 1475 1036 1548 aedes
1058 1498 1163 1544 sacras
1179 1473 1314 1568 publice
1332 1489 1363 1547 et

316 1583 469 1676 privatim
493 1585 586 1670 data,
604 1583 743 1654 mixtum
768 1585 803 1654 in
823 1584 954 1677 templis
978 1583 1186 1654 victimarum
1207 1596 1241 1650 ct
1257 1583 1362 1654 homi·

266 1749 268 1754 .
316 1714 396 1760 num
411 1713 580 1776 cruorem,
599 1691 793 1784 palpitantia
807 1691 974 1782 virginum
993 1691 1142 1762 membra
1157 1689 1362 1763 ferocissimis

316 1796 422 1888 porcis
447 1795 595 1889 objecta,
627 1795 748 1866 dehinc
778 1783 968 1870 interdictas
988 1797 1182 1868 Christianis
1209 1795 1360 1886 litteras,

318 1899 470 1994 adempta
488 1901 602 1992 legum
621 1902 790 1994 praesidia,
814 1903 891 1994 ipsis
911 1902 1072 1974 indictum
1096 1903 1271 1995 Scripturis
1291 1901 1363 1972 bel-

318 2007 410 2099 lum,
436 2007 557 2081 dehinc
574 2009 727 2081 ursanum
743 2009 858 2102 templi
876 2009 1005 2103 judaici
1019 2009 1226 2082 instaurandi
1242 2033 1362 2102 propo·

318 2114 436 2199 situm,
459 2137 657 2207 avarumque
678 2129 713 2186 et
735 2137 864 2207 semper
878 2114 1038 2207 ampliora
1056 2113 1249 2208 possidendi
1267 2116 1362 2212 cupi·

254 2245 257 2250 ·
319 2218 682 2318 dine-preoccupatem
703 2223 871 2308 mentem?
899 2219 964 2294 sed
979 2218 1131 2298 brevitati
1156 2221 1363 2299 consulentes

320 2349 426 2396 ruram
445 2325 652 2402 solummodo
664 2325 720 2396 uel
737 2326 879 2403 alterum
894 2324 1099 2420 preleretaars
1115 2326 1360 2417 fragmentum,

318 2433 442 2528 quibus
464 2433 569 2506 videri
584 2433 700 2520 detur,
713 2435 883 2528 quomodo
904 2435 950 2509 itt
971 2435 1150 2512 hmoetetua
1170 2436 1307 2522 riuum.
1327 2448 1364 2512 ul

320 2540 504 2612 christiane
525 2541 695 2636 charitatis
719 2565 830 2612 sensus
845 2566 913 2612 non
934 2543 1064 2620 aninat
1082 2573 1091 2631 3
1112 2544 1158 2622 sis
1176 2544 1286 2636 ipsum
1301 2567 1361 2622 au·

322 2647 392 2716 dias
407 2644 539 2720 Juliano
554 2647 653 2720 verba
668 2645 843 2720 facientem
862 2678 869 2718 :

368 2781 386 2820 a
410 2756 518 2826 llorno
529 2753 737 2842 *malesane
750 2769 785 2828 et
794 2755 1002 2849 impiissime,
1016 2769 1055 2828 e
1069 2756 1105 2831 in
1118 2759 1247 2848 mageis
1267 2758 1363 2828 rahus

307 2859 581 2953 imperitissime!
612 2865 723 2934 Tar-rae
749 2861 904 2936 adversus
935 2875 1062 2938 tanmnr
1085 2876 1226 2948 samem,
1249 2887 1287 2934 ac
1308 2886 1366 2957 per

321 2981 431 3040 totam
446 2968 562 3039 orbem
582 2965 689 3039 luem
707 2968 899 3054 Ecclesiam,
912 2993 991 3062 quae
1010 2992 1070 3062 per
1085 2971 1243 3045 sermonis
1258 2971 1366 3048 vates

323 3087 414 3158 tem,
435 3069 801 3166 praedicationisque,
818 3089 857 3147 ut
876 3076 936 3168 ipsi
953 3073 1088 3150 fortasse
1105 3076 1265 3164 dixeritis,
1282 3075 1367 3157 abab

323 3180 480 3264 attane,
498 3201 611 3250 omnes
626 3193 721 3250 terrae
742 3181 823 3252 fines
839 3181 1014 3274 complexa
1034 3197 1103 3270 est,
1116 3209 1193 3277 quae
1207 3187 1367 3278 sapientes

324 3285 422 3372 vicit,
445 3299 480 3356 et
495 3285 661 3358 daemones
675 3290 847 3381 oppressit,
865 3303 899 3360 et
913 3304 1044 3382 tempus
1054 3291 1237 3382 superarit,
1252 3292 1364 3368 eadem

326 3405 421 3464 vetus
436 3393 554 3478 simul,
574 3407 610 3462 et
623 3417 708 3464 nova
726 3448 734 3480 ,
754 3409 792 3464 ut
811 3377 868 3466 uos
881 3395 1021 3467 deorum
1037 3395 1216 3495 quemdam
1228 3412 1367 3490 porten-

327 3499 397 3570 tose
413 3500 618 3591 consmgitis3
632 3499 687 3570 illa
701 3501 831 3592 paucis,
848 3503 919 3571 haec
934 3503 1128 3594 promiscuae
1138 3503 1365 3590 multitudini3

327 3606 384 3678 illa
393 3603 665 3692 adumbratione,
687 3607 759 3676 haee
777 3606 977 3698 perfectione
990 3609 1138 3697 mysterii
1150 3608 1193 3678 ad
1208 3634 1268 3682 sua
1283 3623 1366 3678 tena-

328 3738 407 3806 pora
420 3714 597 3782 reservati?
611 3717 723 3782 Tu-ne
734 3715 825 3805 (quis
839 3728 968 3798 autem,
986 3728 1019 3784 et
1030 3729 1173 3807 quantus
1188 3731 1222 3785 et
1237 3714 1367 3802 undet)

331 3809 645 3909 adversirsmagnam
654 3821 775 3892 Christi
788 3819 1031 3890 haereditatem?
1041 3844 1205 3912 magnam,
1217 3823 1365 3916 inquam,

369 3958 375 3982 ¹
395 3963 403 3994 r
420 3949 557 4009 Cor.r,2r.
670 3981 673 3984 -
