2984 4580
217 433 318 480 carus
341 435 388 478 rr.
405 433 447 476 oa
465 431 621 476 uaruouo
644 431 680 474 ru
702 425 911 477 oouotoumut
932 421 1098 472 sparatus.
1125 409 1189 471 363

152 531 253 602 rubor
273 530 395 617 caedat,
422 541 524 622 ponat
542 527 772 620 unusquisque
792 525 868 595 ante
891 524 1005 596 oculos
1026 547 1101 596 suos
1117 523 1190 596 dia·
1239 591 1242 598 ,

150 637 265 709 bolum
278 661 355 709 cum
374 637 472 708 servis
488 636 554 706 suis
566 632 638 722 ,tid
653 647 722 720 est,
747 655 824 703 cum
848 632 974 725 populo
998 631 1190 724 perditionis

149 769 187 816 ao
201 746 316 816 mortis
330 745 365 814 iu
381 729 527 814 medium
540 740 688 834 prosilire
702 791 711 826 ,
729 738 860 832 plebem
875 739 1013 824 Christi,
1029 753 1191 831 praesente

149 866 182 921 et
196 851 366 946 judicante
390 851 478 942 ipso,
504 847 758 941 comparationis
775 846 925 916 examine
950 869 1129 939 provocare
1143 847 1193 916 di-

148 973 299 1032 centem:
322 963 392 1048 Ego
414 979 475 1048 pro
500 956 592 1042 istis,
614 977 697 1047 quos
716 975 844 1024 mecum
871 952 985 1038 vides,
1004 977 1066 1023 nec
1082 953 1191 1047 alapas
1232 951 1244 1054 ‘⁴

148 1067 274 1159 accepi,
300 1088 362 1135 uec
385 1061 516 1156 flagella
543 1063 705 1150 sustinui,
730 1083 792 1130 nec
807 1083 939 1131 crucem
955 1060 1100 1152 pertuli,
1128 1085 1191 1132 nco

146 1173 341 1264 sanguinem
363 1169 459 1256 liudi,
478 1192 539 1240 nec
560 1167 719 1240 familiam
734 1190 843 1238 meam
863 1167 970 1262 pretio
985 1168 1142 1260 passionis
1158 1182 1192 1240 et

145 1280 272 1349 cruoris
282 1277 407 1346 redemi
419 1308 429 1367 3
443 1277 500 1346 sed
509 1275 573 1347 ncc'
581 1273 720 1368 regnum
730 1273 794 1344 illis
802 1274 935 1345 coeleste
946 1276 1116 1368 promitto,
1129 1299 1191 1348 nec

146 1386 191 1486 ad
209 1384 397 1478 paradisum
420 1382 568 1453 restituta
587 1380 833 1452 immortalitate
853 1380 964 1451 denuo
988 1405 1129 1474 revoco,
1156 1397 1191 1454 et

144 1515 286 1560 munera
301 1491 381 1560 mihi
392 1491 492 1583 quam
513 1489 665 1578 grandia,
682 1489 783 1580 quam
800 1487 953 1579 pretiosa,
971 1490 1072 1582 quam
1088 1490 1190 1560 nimio

81 1619 85 1628 ’
147 1611 183 1666 et
212 1597 312 1688 longo
341 1595 457 1666 labore
483 1595 637 1690 quaesita,
667 1593 956 1686 sumptuosissimis
973 1595 1190 1688 apparatibus
1266 1619 1271 1628 ·

144 1689 354 1796 comparant,
382 1703 480 1772 rebus
495 1703 560 1772 suis
583 1700 637 1773 vel
655 1700 808 1792 obligatis
824 1701 860 1770 in
889 1702 1035 1772 muneris
1059 1702 1190 1796 obliga·
1245 1769 1248 1776 .

142 1810 252 1894 tione,
275 1808 329 1882 vel
347 1808 513 1900 venditis,
542 1833 580 1878 ac
602 1809 665 1898 nisi
689 1807 792 1878 editio
810 1809 947 1879 honesta
974 1813 1187 1900 successerit,

143 1917 302 1988 conviciis
316 1905 468 1986 ac'sihilis
484 1916 677 2009 ejiciuntur,
695 1929 729 1984 et
741 1913 854 1985 furore
868 1915 1019 2009 populari
1031 1941 1189 1988 nonnun-

142 2027 243 2118 quam
266 2024 352 2117 pene
372 2021 586 2114 lapidantur?
601 2027 688 2092 Tuos
701 2023 783 2092 tales
804 2025 1022 2110 numerarios,
1037 2025 1184 2110 Christe,

142 2131 344 2216 demonstra,
362 2132 533 2222 praeceptis
549 2129 614 2200 tuis
627 2129 781 2216 monitos,
794 2143 828 2200 et
842 2155 903 2223 pro
918 2133 1055 2202 terrenis
1073 2132 1189 2204 coeles-

140 2238 399 2330 tiarecepturos,
416 2235 490 2306 illos
504 2236 632 2322 divites,
642 2233 717 2307 illos
727 2237 864 2328 copiosis
874 2238 992 2330 opibus
1002 2239 1185 2328 affluentes,

140 2369 183 2414 an
192 2345 391 2431 inEcclesid,
400 2343 596 2437 praesidente
608 2357 642 2413 ct
653 2357 821 2436 spectante
834 2359 878 2432 te,
892 2347 1054 2438 ejusmodi
1066 2371 1187 2417 munus

139 2452 263 2538 edant,
280 2451 502 2544 oppignoratis
517 2450 570 2520 vel
585 2449 748 2520 distractis
763 2449 861 2519 rebus
876 2451 960 2537 suis,
976 2452 1044 2521 imh
1060 2452 1103 2522 ad
1113 2477 1186 2524 coe-

136 2555 236 2626 lestes
251 2557 435 2643 thesauros,
451 2558 576 2626 mutarat
587 2558 622 2625 in
637 2556 754 2626 melius
765 2558 978 2649 possessione,
997 2558 1186 2630 translatis?

138 2669 178 2735 In
196 2665 268 2734 istis
282 2664 474 2732 muneribus
491 2665 571 2733 meis
587 2663 719 2734 caducis
734 2679 833 2758 atque
848 2667 985 2735 terrenis
1000 2691 1098 2737 nemo
1110 2693 1186 2762 pas-
1230 2677 1234 2684 “

135 2773 244 2858 citur,
260 2793 357 2841 nemo
373 2772 527 2855 vestitur,
546 2791 643 2840 nemo
656 2771 723 2839 cibi
734 2771 870 2864 alicujus
889 2787 947 2842 aut
961 2774 1058 2865 pottis
1069 2775 1185 2848 solatio

135 2879 341 2967 sustinetur3
372 2891 492 2947 cuncta
517 2878 603 2946 inter
626 2878 774 2947 furorem
797 2879 924 2948 edentis
947 2894 981 2950 et
1009 2883 1184 2973 spectantis

135 3007 283 3056 errorem
295 2983 432 3077 prodiga
450 2997 483 3052 et
496 2983 596 3053 stultat
611 2984 821 3078 voluptatum
836 2985 1066 3079 frustrantium
1083 2989 1183 3059 varie·

134 3101 205 3161 tate
237 3089 430 3183 depereunt.
461 3089 532 3159 llllc
560 3091 595 3158 in
619 3092 819 3184 pauperibus
842 3092 906 3163 tuis
932 3105 970 3162 tu
1001 3094 1126 3164 vestiris
1150 3109 1183 3166 et

134 3197 294 3290 pasceris,
314 3211 349 3267 tu
369 3211 524 3266 aeternam
539 3199 640 3269 vitam
657 3200 868 3292 operantibus
884 3199 1066 3294 polliceris,
1081 3217 1114 3272 ct
1128 3204 1182 3273 vix

134 3413 271 3484 cedibus
295 3428 328 3483 et
350 3413 500 3507 praemiis
513 3412 702 3482 coelestibus
718 3360 934 3512 hohorantur
955 3417 1044 3499 Quid
1061 3419 1179 3490 adhoc

135 3517 395 3611 respondemus,
422 3522 552 3586 Fratres
570 3519 771 3588 charissimi?
785 3521 946 3614 sacrilega
961 3523 1130 3619 sterilitate
1146 3539 1183 3596 ct

133 3623 279 3718 quadam
295 3625 506 3694 tenebrarum
524 3639 619 3694 nocte
635 3641 805 3720 coopertas
817 3628 958 3702 divitum
970 3644 1098 3702 mentes
1112 3633 1179 3760 qud

134 3734 263 3802 ratione
278 3729 486 3802 defendimus
496 3735 532 3798 1?
550 3761 566 3797 »

82 3930 85 3941 s
179 3821 500 3932 luunadeniqueS
513 3843 704 3935 Hieronymi
712 3843 755 3916 ad
765 3845 900 3916 Paulam
912 3845 1059 3940 Epistola
1074 3869 1176 3942 super
1237 3841 1241 3850 ’

172 3980 180 4007 ¹
196 3971 221 4023 S.
233 3970 305 4036 cypr.
316 3967 348 4020 de
360 3969 433 4034 Oper.
448 3975 474 4020 et
483 3967 601 4021 Elccmcs.
623 4015 629 4025 .
