2982 4584
288 417 371 480 510·
434 427 612 478 antrorum
634 428 661 476 u.
686 427 838 488 eurania,
864 427 940 474 raus
962 431 1005 489 11,
1030 425 1114 474 secr.
1142 434 1165 472 1.

286 531 410 626 aliquid
425 553 535 601 rerum
551 531 651 622 hujus
666 529 742 598 vitae
757 529 866 598 causd.
881 531 964 598 Nim
975 527 1053 596 licet
1068 548 1166 597 carne
1180 529 1326 599 circum·-

284 639 381 708 datus
392 639 471 723 sim,
489 625 803 726 necessitatibusque
816 646 943 702 nature:
958 631 1127 725 alligatus,
1144 635 1180 703 in
1199 635 1267 704 fide
1281 651 1328 706 ta-

283 767 361 814 men
383 744 479 830 vivo,
496 762 573 836 quae
588 755 638 812 est
652 741 688 810 in
699 736 889 826 Christum,
912 737 1092 832 despiciens
1111 741 1223 811 omnia
1240 765 1328 834 prae·

283 851 412 937 sentiu,
442 864 476 920 ct
498 869 556 942 spe
581 871 658 942 quae
677 848 712 916 in
738 845 834 916 illum
859 845 908 916 cst
925 847 1035 917 omnia
1049 863 1325 940 praetercurrem,

283 959 445 1028 intentam
455 957 490 1026 in
502 952 599 1026 illum
613 969 759 1024 mentem
770 954 889 1024 habco.
898 955 1047 1048 Denique
1058 969 1096 1023 ut
1108 955 1210 1025 discas
1217 957 1328 1026 excel-

284 1065 419 1134 lentiam
429 1064 547 1134 amorii
561 1064 642 1156 ejus,
654 1061 754 1131 dirit:
768 1059 818 1130 In
821 1058 897 1154 fide
906 1062 986 1132 uiuo
997 1058 1090 1130 Filii
1099 1060 1183 1148 Dei,
1194 1065 1254 1153 qui
1267 1087 1327 1133 me

285 1169 426 1258 dilexit,
438 1185 475 1241 et
482 1167 634 1240 tradidit
641 1169 871 1260 semtipsum
878 1191 948 1261 pro
958 1191 1026 1238 me.
1038 1172 1216 1240 Considera
1226 1173 1327 1264 qutun

283 1279 418 1370 insignis
434 1279 517 1368 grati
528 1278 629 1346 animi
644 1276 850 1370 significatio.
858 1275 947 1360 Quid
955 1278 1048 1363 dicis,
1061 1279 1083 1347 ὂ
1096 1279 1192 1354 beate
1205 1277 1329 1347 Paule?

284 1386 389 1456 Pauld
400 1387 477 1456 ante
491 1385 623 1456 dicebas
641 1415 649 1457 :
673 1387 750 1479 Qui
760 1388 910 1478 propn'v
922 1384 1022 1455 Filio
1035 1409 1100 1456 suo
1110 1408 1185 1456 non
1194 1407 1328 1478 peper-

284 1494 352 1580 cit,
368 1491 437 1563 secl
446 1514 517 1586 pru
532 1489 636 1562 nobis
651 1490 816 1563 omnibus
829 1491 982 1562 tradidit
999 1517 1080 1563 eum
1089 1523 1107 1578 ,·
1119 1507 1155 1562 et
1170 1515 1260 1562 nunc
1276 1493 1329 1562 di-

283 1599 329 1668 cis
347 1627 355 1668 ι
379 1600 456 1698 Qui
468 1597 604 1669 dilectui
618 1617 676 1670 me
686 1603 715 1686 ¹,
729 1612 827 1692 atque
842 1613 882 1668 ut
896 1601 1068 1693 proprium
1080 1599 1227 1693 appellas
1238 1623 1330 1670 com-

284 1731 385 1778 mune
409 1711 630 1782 beneficium?
652 1709 784 1795 Etiam,
807 1708 927 1804 inquit.
954 1708 1037 1781 Niun
1059 1708 1136 1779 licet
1161 1729 1223 1802 pro
1240 1710 1331 1778 omni

283 1817 435 1886 humano¹
453 1831 572 1908 genere
598 1815 793 1886 sacrificium
816 1816 857 1884 ab
886 1837 926 1885 eo
950 1817 992 1886 sit
1016 1815 1185 1901 oblatum,
1218 1829 1328 1884 tamer

283 1938 418 2016 propter
444 1941 588 1994 amorem
615 1923 649 1993 in
663 1943 757 2010 eum,
786 1924 822 1993 id
837 1925 929 2017 quod
944 1923 1068 1994 factum
1093 1937 1141 1992 est
1157 1925 1330 2016 proprium

283 2031 366 2100 mihi
381 2023 478 2102 facio.
490 2035 540 2101 Iti
552 2045 585 2100 et
594 2031 763 2124 prophetis
772 2053 844 2101 mos
855 2045 904 2100 est
911 2029 1018 2100 facere
1031 2046 1063 2099 et
1074 2032 1201 2100 dicere:
1214 2030 1326 2117 Deus,

273 2136 385 2230 ¹Deua
406 2140 550 2223 meust,
570 2139 718 2230 quamvis
741 2138 843 2208 totius
866 2139 954 2208 orbis
969 2141 1009 2208 sit
1025 2143 1123 2207 Deus.
1144 2139 1211 2208 Sed
1225 2159 1329 2230 pecu—

284 2243 363 2314 liare
372 2244 502 2313 hocest
517 2243 631 2328 amori,
646 2258 686 2313 ut
700 2267 738 2313 ex
755 2246 988 2314 communibus
1002 2245 1135 2336 proprie
1148 2243 1330 2314 saciatFi-

210 2375 212 2382 ’
285 2348 326 2418 lii
335 2348 428 2436 Det,
445 2349 576 2444 inquit,
595 2351 658 2440 qui
666 2346 876 2420 dilexitme.
895 2350 982 2434 Quid
993 2350 1098 2420 dicis?
1113 2350 1264 2420 tesolum
1275 2351 1331 2421 di-

283 2455 384 2526 lexit?
408 2459 569 2542 Omnem,
595 2454 725 2548 inquit,
750 2458 924 2526 hominum
940 2472 1092 2528 naturam
1108 2457 1239 2544 dilexit,
1267 2460 1333 2527 sed

283 2583 344 2650 ego
359 2564 390 2630 ei
406 2564 522 2652 gratias
539 2561 661 2643 debeo,
684 2565 779 2652 quasi
794 2587 847 2630 me
863 2563 970 2632 solum
985 2564 1158 2634 dilexisset:
1183 2563 1236 2634 Et
1251 2577 1332 2634 tra-

284 2665 377 2737 di'dit
384 2669 614 2764 temetipsum
623 2686 692 2758 pro
703 2689 771 2736 me.
784 2667 873 2751 Quid
885 2671 1008 2760 igitur?
1023 2691 1084 2763 pro
1095 2673 1205 2742 tesulo
1217 2674 1331 2741 cruci-

282 2779 365 2846 fixus
381 2780 451 2847 est?
463 2798 575 2846 annon
591 2777 659 2868 ipse
669 2775 752 2846 dicit
771 2802 779 2846 ι
800 2777 891 2847 Ciim
908 2779 1096 2850 exaltatus
1103 2782 1219 2878 fuero
1224 2835 1238 2868 ,
1256 2803 1332 2850 om·

225 2934 227 2938 .
282 2907 348 2955 nes
364 2882 513 2954 traham
528 2880 583 2952 ad
595 2906 653 2953 me
665 2878 827 2976 ipsum?
838 2889 956 2956 Nonne
970 2901 1009 2955 tu
1024 2890 1093 2980 ipre
1109 2889 1234 2957 dixisti:
1250 2887 1333 2958 Pro

283 2987 388 3061 nobis
412 2988 577 3061 omuibus
598 2987 751 3060 tradidi:
771 2994 1023 3084 semetipsum?
1043 2987 1168 3080 Etiam,
1199 2996 1331 3092 inquit:

283 3117 352 3168 nori
367 3098 488 3189 loquor
505 3098 704 3187 pugnantia,
732 3097 791 3166 sed
807 3119 952 3168 amorem
968 3121 1079 3170 meum
1100 3102 1147 3169 ru
1160 3102 1330 3171 concolor.

284 3197 442 3274 Jamvide
456 3203 577 3272 iterum
592 3217 625 3272 et
641 3202 732 3272 uliud
744 3207 835 3298 quod·
848 3208 945 3277 dictis
958 3207 1022 3277 illis
1037 3229 1097 3278 nos
1112 3207 1222 3278 ducet.
1241 3209 1331 3280 (him

283 3310 373 3380 enim
389 3309 538 3402 superius
553 3308 671 3380 dixerit
683 3310 724 3380 de
740 3317 836 3382 Patre
850 3314 946 3384 :Pin
954 3313 1057 3384 nobis
1073 3314 1238 3385 omnibus
1252 3329 1331 3385 cra·

234 3450 236 3456 s
283 3413 378 3489 didi:
404 3413 502 3486 illum
511 3444 528 3502 ;
545 3417 599 3486 hic
615 3411 722 3488 dicit:
745 3409 984 3513 Semen'paum
1000 3420 1159 3494 :radent
1177 3407 1193 3492 ε’
1204 3437 1239 3492 et
1260 3421 1332 3492 illic

284 3522 431 3617 quidem,
449 3537 488 3593 ut
501 3523 712 3594 concordiam
722 3525 890 3614 ostendat,
908 3549 945 3598 ac
960 3544 1072 3622 parem
1087 3531 1248 3600 honorem
1265 3535 1332 3600 Pa-

283 3631 387 3701 tricet
402 3631 498 3717 Filii,
513 3645 547 3700 et
558 3633 741 3723 passionem
754 3632 960 3720 subindicet‚
977 3637 1134 3729 quoniam
1145 3639 1245 3708 etiam
1260 3637 1332 3708 alio

283 3737 357 3824 loco
372 3740 451 3808 dicit
469 3766 476 3808 :
499 3739 641 3808 Factus
657 3735 828 3808 obediens
845 3744 956 3831 usque
971 3742 1025 3813 ad
1037 3759 1188 3815 mortem
1198 3746 1229 3830 ⁴,
1246 3746 1330 3814 ubi·
1384 3743 1387 3746 ’

283 3847 348 3940 quc
363 3847 502 3940 passioni
518 3846 618 3916 fidem
637 3844 769 3916 sacieris.
789 3851 850 3917 Hic
869 3863 981 3919 autern
1000 3854 1131 3943 posuit:
1154 3851 1192 3922 T
1187 3848 1331 3930 rddidit
1347 3901 1351 3904 -

320 3980 403 4029 =r0n
415 3974 1328 4060 intr-ann.1:1‚0mr,anu.-³ioan.xn‚u.*timiama
1356 4041 1361 4044 ,
