2996 4598
272 412 305 498 8ι
426 449 607 496 nnnromcl
630 449 656 498 s.
681 448 836 514 rarnnar,
861 448 938 498 rans
960 454 1002 514 11,
1028 453 1111 498 sacr.
1137 456 1161 497 1.

267 547 438 642 Evangelii
449 549 567 640 legem,
581 551 667 622 sicut
676 551 712 618 in
723 551 926 643 praeteritum
942 573 1070 643 semper
1084 551 1146 620 suh
1164 563 1310 622 anteces-

267 657 395 728 soribus
410 657 528 727 nostris
543 655 669 726 factum
689 669 753 742 est,
774 670 813 726 ut
827 655 956 726 diaconi
978 655 1021 726 ad
1043 680 1206 742 carcerem
1222 681 1310 727 com·

257 777 413 834 'meantes
423 778 604 854 martyrum
614 761 773 832 desideria
781 762 923 833 consiliis
935 763 1011 849 suis,
1024 778 1056 832 et
1070 764 1310 857 scripturarum

216 939 220 946 .
267 871 439 965 praeceptis
457 871 690 963 gubernarent,
699 873 778 938 etc.²
792 897 807 934 o
820 910 863 922 —
875 870 961 938 Hine
970 883 1186 959 tyrannorum
1196 873 1310 940 contra

162 1029 164 1033 -
267 979 422 1049 diaconos
443 978 573 1062 rabies,
600 999 682 1068 quos
714 975 832 1066 acerbe
864 999 980 1045 vexare
1006 989 1039 1046 et
1055 977 1200 1046 cruciare
1227 977 1312 1046 sole·

266 1085 366 1172 bant,
382 1085 498 1177 utpote
511 1106 594 1176 quos
609 1082 756 1174 apprime
771 1083 889 1152 scirent
908 1081 1140 1176 praedicatione
1154 1085 1310 1168 continua

264 1196 411 1287 jacentes
433 1191 634 1262 Christianos
651 1191 793 1282 erigere,
822 1191 1016 1262 confirmare
1040 1206 1193 1263 nutantes
1212 1192 1252 1262 'et
1268 1195 1311 1262 ad

266 1299 463 1389 martyrium
480 1320 669 1390 provocare.

310 1409 367 1474 vt.
394 1405 486 1473 Licet
518 1417 629 1472 autem
652 1403 770 1496 saepitis
800 1405 999 1496 presbyteris
1024 1407 1099 1498 jure
1126 1405 1308 1491 ordinario,

267 1511 411 1581 diaconis
433 1523 544 1578 autem
568 1507 724 1602 singulari
739 1512 947 1580 concessione
963 1512 1050 1581 saeta
1068 1509 1166 1580 fuerit
1189 1509 1311 1604 praedi-

267 1619 365 1688 candi
380 1615 535 1702 facultas,
556 1639 626 1686 non
641 1617 794 1688 omnibus
809 1620 878 1687 tam
890 1619 996 1710 gravis
1019 1621 1177 1688 momenti
1193 1642 1313 1689 conce-

268 1726 411 1796 debatur
432 1723 585 1814 licentia3
608 1723 757 1818 lapsique
782 1725 963 1817 praesertim
983 1739 1016 1795 et
1039 1727 1184 1796 haeretici
1200 1729 1242 1796 ab
1258 1727 1312 1794 'bis

267 1835 362 1929 quasi
371 1833 487 1903 divinis
496 1831 722 1903 functionibus
731 1833 1061 1928 prohibebantur.Sic
1070 1836 1157 1904 enim
1166 1835 1207 1904 de
1216 1835 1312 1928 lapsis

269 1945 288 2010 a
315 1939 467 2010 Patribus
492 1938 527 2007 in
552 1943 729 2030 Aneyrano
763 1939 902 2027 coneilio
933 1941 1136 2031 congregatis
1152 1955 1312 2009 statutum

205 2037 212 2052 '
253 2045 365 2118 luisse
382 2046 566 2138 accepimus
582 2075 589 2114 :
607 2075 623 2111 a
638 2045 825 2136 Presbyteri
838 2030 896 2138 qui
909 2047 1134 2133 immolarunt,
1153 2061 1185 2116 et
1200 2050 1313 2140 postea

241 2145 243 2153 ¹
268 2141 447 2225 certamina
463 2154 706 2238 sustinudrunt,
724 2177 792 2223 non
810 2153 969 2239 offerant,
990 2178 1098 2248 neque
1114 2157 1313 2239 concionen-

267 2277 343 2348 tur,
372 2284 481 2354 neque
507 2259 694 2329 ministrent
710 2261 752 2330 ‘in
768 2262 865 2331 sacris
880 2262 1075 2331 ministeriis.
1098 2264 1234 2332 Diaconi
1254 2264 1313 2356 qui

259 2367 498 2454 immolarunt,
521 2381 555 2436 et
578 2391 661 2460 quos
676 2370 788 2460 postca
817 2381 979 2437 tormenta
1004 2369 1173 2454 vicerunt,
1195 2383 1319 2460 vacent

217 2469 218 2472 ¹
257 2465 311 2546 'ab
334 2475 424 2545 omni
440 2475 620 2544 ministerio
639 2495 750 2558 sacro,
769 2475 867 2543 etiam
882 2471 1146 2566 praedicantia.»
1162 2471 1314 2555 ..Quod

261 2591 381 2653 'autem
408 2580 450 2651 ad
476 2581 647 2649 haereticos
677 2582 795 2650 attinet
824 2580 869 2649 ira
898 2579 1042 2649 decrevit
1072 2592 1187 2648 octava
1206 2581 1313 2650 Cons-

267 2685 544 2782 tantinopolitana
566 2684 711 2776 synodus
730 2687 793 2755 sub
817 2685 962 2756 Adriano
978 2689 1011 2754 ll
1031 2714 1039 2756 ι
1060 2713 1076 2751 a
1090 2685 1220 2754 Bonum
1235 2708 1314 2777 pro·
1335 2721 1339 2726 ·
1386 2724 1389 2726 ·

267 2795 357 2866 fectb
373 2809 406 2864 et
420 2793 517 2866 valde
533 2794 720 2888 proficuum
735 2808 803 2878 est,
830 2805 956 2861 sanctas
978 2805 1012 2860 et
1026 2791 1226 2861 venerabiles
1241 2792 1312 2860 ico·
1417 2869 1418 2874 ἵ

235 2909 239 2914 ’
268 2927 326 2972 nas
356 2903 518 2996 pingere,
556 2899 615 2968 sed
646 2914 679 2970 et
708 2899 871 2992 proximas
889 2897 1087 2992 ‘disciplinas
1123 2898 1243 2966 divinae
1275 2921 1313 2967 ac
1415 2906 1416 2909 ’

201 3006 209 3026 ⁶
267 3011 424 3080 humanae
448 3007 617 3100 sapientiae
643 3006 783 3074 docere:
806 3026 874 3073 non
897 3017 1006 3072 autem
1025 3003 1151 3072 bonum
1167 3019 1215 3073 est
1228 3057 1237 3091 ,
1251 3027 1312 3073 nec

270 3116 407 3188 omnino
422 3115 627 3208 proficuum,
643 3113 685 3180 ab
708 3109 850 3200 indignis
865 3111 985 3178 horum
1001 3107 1126 3204 aliquid
1142 3111 1224 3180 fieri.
1244 3115 1313 3178 Hu-

186 3237 190 3252 '
263 3227 319 3322 jus
338 3223 386 3290 rei
404 3221 506 3313 gratia
520 3221 730 3312 nequaquam
745 3219 854 3287 iconas
870 3218 995 3310 operari
1007 3217 1046 3286 in
1058 3217 1155 3286 sacris
1167 3216 1310 3310 templis,

262 3330 326 3402 'scd
342 3353 450 3423 neque
469 3329 504 3396 in
525 3327 641 3422 quovis
662 3327 735 3399 loco
755 3325 874 3396 docere
891 3327 1178 3396 anathematizatos
1194 3327 1235 3397 ab
1251 3327 1313 3395 hac

268 3439 381 3512 saneta
407 3451 440 3506 et
457 3435 633 3505 universali
654 3433 782 3526 synodo
794 3433 969 3502 definimus
989 3449 1022 3502 et
1043 3433 1311 3526 promulgamus,

237 3595 255 3609 a
268 3545 442 3638 usquequb
464 3546 483 3612 b
508 3543 639 3634 propria
659 3541 849 3611 seductione
876 3565 914 3610 ac
926 3539 1049 3608 malitia
1065 3551 1310 3608 convertantur.

271 3653 423 3746 Quisquis
446 3652 523 3740 ergb
550 3651 727 3744 posthanc
746 3650 972 3718 definitionem
996 3661 1141 3716 nostram
1168 3647 1211 3715 ad
1240 3647 1312 3739 pic-

267 3774 352 3830 turae
373 3773 560 3827 sanctarum
574 3757 756 3848 imaginum
783 3757 817 3824 in
834 3753 976 3824 eeclesiis
1000 3766 1058 3834 aut
1082 3751 1241 3823 doctrinae
1258 3777 1312 3822 ac-

306 3923 315 3951 r
331 3906 356 3956 S.
370 3905 440 3972 Cypr.
455 3905 531 3972 Epist.
547 3921 584 3970 m,
598 3903 630 3955 ad
641 3906 739 3967 Martyr.
755 3907 781 3966 et
796 3899 931 3952 consessor.
948 3924 980 3934 ·-
993 3909 1003 3933 ²
1017 3898 1107 3950 Concil.
1122 3902 1212 3965 Ancyr.
1226 3913 1282 3964 cap.
1298 3914 1310 3948 r

273 3994 298 4037 et
317 4001 342 4042 2.
