2930 4582
191 451 293 501 CAPUT
316 459 363 500 VI.
389 459 430 500 DE
446 457 601 501 METRODO
619 458 654 500 nt
677 457 884 504 conmonmtts
907 429 1072 506 ADHlBIl'A·¹
1100 451 1164 510 289

125 568 229 643 tanae3
247 553 288 624 dc
313 557 430 648 sponsi
450 555 590 639 Christi,
606 567 750 623 scortum
771 555 950 624 execrabile
963 588 972 645 3
986 559 1027 628 de
1042 563 1165 655 templo

124 661 194 746 Dei,
219 659 335 733 fanum
355 661 595 747 immunditiae,
620 661 662 728 de
678 660 866 731 habitaculo
890 663 1026 754 Spiritris
1042 671 1166 755 sancti,

124 766 293 857 tugurium
318 766 450 840 diaboli.
470 771 552 848 Quae
581 756 756 835 incedebas
783 781 859 836 cum
888 768 1026 857 fiducid,
1045 787 1084 841 ut
1108 797 1166 844 co-

123 871 259 959 lumba,
283 897 373 942 nunc
394 873 475 944 lates
494 873 529 940 in
556 871 722 958 tenebris,
749 873 833 942 sicut
852 874 981 965 stellio,
1003 899 1078 970 quae
1101 877 1169 948 sul-

125 981 222 1072 gehas
254 995 293 1050 ut
328 1005 446 1051 aurum
476 993 612 1072 propter
640 980 832 1069 virginitatis
861 983 1048 1072 honorem,
1078 985 1169 1058 nunc

123 1088 219 1158 vilior
233 1085 320 1158 facta
332 1112 365 1156 es
379 1089 450 1156 luto
466 1085 665 1178 platearum3
679 1101 718 1155 ut
731 1087 828 1156 etiam
846 1087 1059 1182 indignorum
1073 1093 1169 1186 pedi-

123 1191 185 1264 bus
202 1193 415 1266 conculceris.
435 1196 518 1276 Quae
539 1190 646 1262 fueras
670 1192 762 1262 stella
778 1195 906 1278 radians
921 1199 958 1265 in
980 1222 1083 1268 rnanu
1100 1205 1170 1272 Do-

123 1303 220 1390 mini,
234 1301 339 1372 veluti
347 1301 389 1370 de
401 1301 468 1371 alto
478 1325 574 1370 ruens
585 1301 670 1376 coelo
682 1302 796 1372 lumen
807 1317 903 1373 tuum
916 1305 1095 1377 extinctum
1106 1325 1167 1398 cst,

123 1423 157 1480 et
173 1398 330 1480 conversa
345 1432 378 1478 es
393 1409 428 1478 in
444 1410 620 1478 carbonem
637 1412 662 1478 ¹.
682 1413 740 1478 Vae
755 1411 982 1502 tibi,misera‚
1002 1430 1035 1485 et
1049 1418 1170 1490 iterum

122 1520 197 1600 Vae,
212 1541 288 1609 quae
300 1530 389 1585 tanta
399 1515 486 1586 bona
497 1531 630 1608 propter
644 1518 736 1608 parvi
750 1521 904 1612 temporis
916 1521 1080 1592 luxuriam
1098 1549 1172 1618 per·

124 1624 257 1693 didisti!
280 1629 387 1706 Quam
402 1624 464 1692 tibi
483 1647 574 1716 spem
598 1624 687 1716 apud
702 1627 868 1697 Christum
892 1631 1070 1700 Dominum
1092 1633 1171 1702 reli'-

102 1789 109 1795 .
122 1731 242 1823 quisti,
256 1733 348 1823 cujus
360 1731 507 1799 membra
524 1729 660 1816 tollens,
678 1731 784 1802 fecisti
799 1721 949 1806 membra
959 1726 1172 1810 meretricis?

84 1851 87 1858 “
123 1837 210 1920 Quid
226 1851 258 1906 te
284 1837 422 1935 Spiritus
437 1851 567 1906 sanctus
583 1837 746 1919 visitabit,
765 1841 934 1911 cirm‘eum
950 1845 1171 1934 repudiaveris

123 1945 181 2038 qui
196 1935 231 2013 se
247 1944 533 2040 acogitationibus
545 1945 680 2037 quoque
695 1944 835 2016 sordidis
848 1948 947 2040 longe
963 1949 1063 2020 facit²
1077 1956 1091 2022 l
1106 1953 1172 2024 Sed

122 2051 293 2121 veniamus
303 2049 345 2118 ad
358 2051 524 2136 humana,
538 2064 576 2118 ut
586 2073 643 2142 per
657 2049 713 2119 illa
728 2049 838 2121 divina
849 2071 1038 2126 noscantur.
1052 2059 1171 2151 Aspice

123 2159 196 2252 quis
217 2168 422 2242 sanctorum,
450 2169 508 2224 aut
528 2179 603 2248 quac
622 2171 809 2249 sanctarum
833 2161 875 2227 ad
895 2173 928 2229 te
944 2165 1171 2255 approximare

124 2287 192 2334 non
207 2265 350 2332 horreat.
370 2261 470 2360 Aperi
481 2261 593 2330 oculos
611 2278 704 2349 tuor,
722 2264 749 2334 si
765 2272 874 2356 potes,
893 2268 980 2358 erige
1005 2269 1168 2359 frontem,
1256 2357 1258 2362 s

123 2373 150 2442 si
166 2370 266 2440 audes
287 2370 452 2462 :aliquem
476 2382 665 2439 sanctornm
682 2369 878 2440 fiducialiter
892 2373 1032 2444 intuere.
1051 2381 1170 2448 Nonne
1261 2402 1267 2409 ·

123 2491 215 2548 tuam
226 2476 342 2546 faciem
359 2477 557 2547 conscientia
574 2476 737 2544 commissi
752 2479 910 2571 tanquhm
921 2481 1104 2571 plumbum
1115 2485 1169 2553 in-

123 2585 226 2655 clinat
240 2599 272 2652 et
287 2583 429 2676 premit?
445 2604 557 2651 nonne
572 2581 718 2651 tenebrae
734 2584 811 2678 anth
830 2584 943 2655 oculos
959 2601 1034 2658 tuos
1051 2604 1084 2659 et
1100 2587 1171 2660 dira

123 2691 231 2784 caligo
248 2690 453 2760 versabitur?
473 2711 584 2756 noune
599 2689 698 2756 timor
718 2703 895 2760 ettremor
911 2685 1052 2763 animam
1077 2709 1170 2767 tuam

123 2812 157 2868 et
171 2796 322 2866 membra
337 2793 525 2886 quassabit?
541 2793 573 2862 Si
588 2794 666 2884 ergd
678 2793 827 2862 homines
843 2795 878 2863 in
893 2818 991 2866 carne
1007 2802 1170 2870 constitu-

122 2918 191 2989 tor,
214 2914 248 2970 et
263 2899 400 2990 alicujus
423 2897 535 2967 delion
554 2897 712 2967 obnoxios
734 2921 803 2968 non
825 2913 917 2992 potes
937 2901 1077 2991 intueri,
1101 2909 1170 2978 tam

122 3007 215 3102 gravi
227 3004 420 3076 confusione
431 3003 572 3096 sepulta,
587 3001 669 3097 quid
681 3002 778 3074 facies
793 3007 904 3076 corhm
926 3010 1021 3078 castis
1038 3025 1171 3104 aposto·

120 3115 182 3184 lis?
197 3112 280 3206 quid
301 3112 401 3181 facies
415 3113 534 3202 ‘coram
556 3109 645 3196 Elis,
664 3111 819 3198 Daniele,
841 3128 874 3182 et
890 3109 1059 3186 tantorum
1077 3143 1170 3188 exer-

52 3289 55 3293 .
122 3223 190 3292 citu
200 3221 459 3313 prophetarum?
472 3217 553 3309 quid
561 3217 659 3286 facies
672 3221 782 3288 corh'm
801 3225 951 3292 loannei)
968 3224 1051 3316 quid
1070 3226 1170 3298 facies

34 3377 39 3396 .
123 3329 235 3399 corhm
244 3327 364 3410 Maria,
378 3321 509 3406 Theon,
525 3328 672 3415 etAgne,
692 3338 724 3392 et
739 3324 951 3406 immaculato
963 3331 1066 3399 choro
1081 3333 1171 3422 puri-

122 3435 221 3505 tatis?
238 3434 320 3526 quid
341 3429 485 3523 denique
501 3431 612 3497 corhm
627 3427 750 3520 angelis
766 3431 902 3499 sanctis?
921 3437 1039 3504 Nonne
1059 3437 1170 3528 splen-

123 3542 206 3612 dore
216 3555 250 3610 et
258 3539 406 3610 claritate
417 3533 703 3606 immaculatorum
714 3537 805 3629 quasi
815 3533 1010 3608 fulminibus
1018 3565 1171 3633 percussa

123 3647 328 3720 combureris
342 3647 373 3710 ³?
446 3647 520 3715 Non
543 3641 639 3710 istam
658 3642 699 3710 de
724 3655 757 3710 te
773 3640 1000 3713 confusionem
1021 3661 1098 3716 tuus
1114 3673 1195 3719 ειν

122 3766 312 3850 pectaverat
327 3765 441 3843 pater,
459 3749 518 3842 qui
534 3761 567 3818 te
582 3747 645 3816 sibi
660 3747 857 3837 singularem
879 3749 1014 3842 gloriam
1033 3777 1172 3848 compu-

161 3917 170 3946 ι
188 3911 221 3960 ss
233 3904 346 3974 Ambros.
365 3901 396 3952 de
413 3901 493 3966 Lapsu
509 3897 598 3964 Virgin.
617 3903 754 3950 consecrat.
779 3913 834 3964 cop.
850 3915 887 3965 nr,
904 3916 931 3952 ιι.
947 3916 972 3966 7.
987 3927 1019 3939 -·
1033 3912 1044 3938 ²
1057 3903 1093 3955 Id.
1109 3905 1169 3963 ibid,

122 4009 151 4044 n.
167 3993 192 4044 8,
207 4018 239 4029 -
252 3987 312 4042 ³1d.
326 3985 387 4038 ibid.
401 4002 426 4036 u.
442 3999 471 4050 9·

231 4093 266 4140 Π,
975 4071 1013 4131 ro
1123 4091 1215 4166 Q
