2992 4590
238 447 340 496 orror
361 452 408 500 rr.
434 450 476 496 ne
494 451 651 500 uernono
674 451 710 498 nt
731 451 940 502 oonmonrrnt
955 449 1123 500 tnrrmrt.
1147 425 1214 500 {bb

175 561 272 649 oeret.
299 546 406 625 Hodie
421 570 564 644 namque
586 548 750 622 contraria
765 563 885 624 cuneta
907 552 1098 626 cernebant.
1124 549 1216 628 Non

175 655 261 730 enim
272 651 699 740 tantantummodo
710 652 914 728 Psalmornm
927 661 1070 732 tunore
1081 657 1212 755 loquar,

94 821 96 825 .
174 757 418 854 dfilr'r'seorum
426 752 742 857 ingenerationem
751 756 1250 858 alternm¹.Siqnidomreges·

174 869 346 956 venerunt,
358 882 392 942 et
403 867 570 942 coelestem
581 870 707 958 negem
715 867 944 959 suspexerunt,
951 869 1217 962 quddinterrant

173 975 316 1062 venerit,
336 990 410 1050 'non
425 972 569 1065 Angelos
590 995 701 1052 secuto
723 972 866 1060 habene,
888 993 957 1050 non
976 975 1216 1066 drobrngdos,

172 1103 240 1154 non
252 1082 422 1168 Thronos,
435 1102 505 1154 non
520 1077 781 1164 nominationes,
803 1101 873 1156 non
888 1079 1052 1166 Virtutes,
1070 1103 1139 1158 non
1151 1085 1218 1155 Po·

172 1201 317 1276 testates,
334 1185 393 1274 sed
407 1184 494 1260 nori
508 1197 542 1253 ct
556 1184 690 1260 minimo
704 1185 781 1259 tritt
796 1185 952 1266 incedent
964 1187 1018 1268 tii
1033 1211 1074 1261 or
1089 1185 1219 1267 illibato

171 1291 367 1388 processerit
381 1304 476 1366 utero
493 1318 500 1368 r
518 1311 579 1364 uec
598 1303 710 1364 tamen
725 1290 868 1382 ⁴botteler
883 1315 952 1369 tuoe
969 1293 1218 1386 gubernationis

173 1415 317 1476 exsortes
329 1398 518 1493 dereliquit,
536 1420 645 1492 neque
662 1395 797 1492 pro'pter
818 1400 1078 1481 incarnationem
1093 1404 1218 1482 euaml

174 1507 233 1588 sut
245 1505 361 1580 excidit
376 1505 502 1580 Deitate
520 1501 600 1580 :sed
612 1525 703 1595 reges
714 1503 850 1600 quiden
860 1507 1041 1594 venerunt,
1052 1521 1091 1580 nt
1103 1507 1218 1604 creles-

173 1627 240 1691 tant
249 1616 372 1704 Regem
386 1610 497 1703 glorie
507 1609 695 1702 adorarent,
707 1611 827 1690 milites
838 1626 962 1702 antem,
977 1627 1016 1692 nt
1032 1615 1217 1709 Principem
1300 1689 1302 1696 ,

170 1719 331 1808 exercitis
351 1718 521 1809 colerent,
540 1717 807 1807 mulionesnon
827 1721 887 1814 qui
907 1743 947 1796 ex
962 1723 1098 1816 Virgine
1119 1737 1218 1800 natus

171 1839 231 1914 est,
248 1839 288 1898 ut
302 1825 446 1902 mulieris
462 1823 591 1902 dolores
611 1827 647 1902 in
662 1825 810 1916 lentitiam
825 1841 1006 1910 commutet
1023 1861 1034 1920 3
1054 1829 1214 1922 virgines,

171 1934 277 2010 filium
292 1931 447 2024 Virginis,
461 1933 661 2010 admirantes
677 1933 736 2028 qut
751 1935 810 2010 fiat
824 1935 1146 2024 utlaotitGonditor,
1156 1937 1217 2031 qui
1314 2015 1316 2022 ,

171 2040 272 2116 eflicit
291 2052 330 2110 ut
348 2038 491 2130 uberum
512 2037 620 2111 sontes
635 2053 816 2134 spontanea
833 2042 959 2124 fluenta
971 2041 1178 2130 diffundant,
1196 2045 1215 2117 l

126 2149 132 2156 '
170 2146 420 2240 virginemne
434 2146 566 2240 pueruli
580 2145 773 2234 alimentum
790 2149 947 2242 accipiat,
962 2145 1122 2238 insontes,
1137 2169 1215 2222 eum
1298 2217 1301 2222 .

170 2253 228 2350 qui
242 2250 350 2324 factus
365 2266 414 2325 est
428 2249 554 2346 iesous,
566 2266 606 2328 ut
621 2276 669 2325 ea:
678 2275 740 2324 ore
749 2253 947 2349 infantium
959 2267 996 2324 et
1006 2251 1217 2333 dictantium

172 2348 318 2442 laudern
326 2359 556 2455 perficeret²3
574 2358 685 2453 pueri,
696 2367 838 2452 puerum
850 2359 908 2453 qui
919 2373 1079 2450 martyreo
1093 2362 1217 2438 obfle-

170 2465 259 2558 rodis
273 2465 433 2541 insaniam
445 2465 578 2560 effecit,
594 2465 672 2560 riri,
694 2488 772 2542 eunt
787 2465 845 2562 qui
860 2466 961 2542 bomo
980 2466 1089 2538 factus
1100 2479 1162 2556 est,
1179 2481 1218 2544 ut
1312 2511 1314 2514 -

171 2596 340 2655 terrorum
356 2571 450 2650 malis
461 2571 672 2668 mederetur,
699 2586 865 2668 pastores,
882 2575 1011 2658 bonurn
1027 2579 1216 2664 Pastorem,

171 2682 230 2776 qui
244 2679 388 2768 animant
401 2701 463 2774 pro
478 2679 595 2752 ovibus
610 2679 676 2752 suis
691 2680 787 2770 ponit
808 2708 818 2764 ς
842 2681 1045 2772 sacerdotes,
1066 2705 1145 2760 eunt
1159 2681 1219 2776 qni
1242 2746 1247 2754 .

171 2785 279 2861 sactus
303 2799 351 2862 est
378 2783 528 2882 pontifex
559 2784 743 2865 secundum
771 2783 925 2860 ordinent
950 2784 1217 2878 Melchisedech,

171 2895 267 2988 seori,
285 2893 434 2988 numqui
447 2893 531 2970 servi
545 2888 687 2966 sormam
705 2891 849 2984 accepit,
866 2894 905 2967 ut
920 2905 1065 2972 nostram
1078 2893 1219 2968 servitu·
1338 2953 1344 2968 .

171 3013 239 3072 tem
246 3001 375 3076 honore
384 2997 545 3074 libertatis
554 2998 901 3093 ornaret3pisoatores,
913 3021 990 3088 qum
1001 2997 1221 3093 quiexpisca-

171 3106 301 3181 toribus
324 3106 498 3186 hominum
519 3106 621 3180 efficit
639 3117 811 3186 venatores
829 3134 837 3184 ;
854 3105 1043 3199 publicani,
1065 3127 1142 3176 eum
1161 3105 1221 3199 qui

172 3235 211 3287 ex
225 3213 411 3312 publicanis
421 3211 580 3288 selectum
591 3211 834 3306 Evangelistam
843 3213 1009 3305 designat,
1018 3212 1218 3300 meretrices,

103 3317 105 3324 ’
172 3346 250 3404 eum
268 3322 327 3416 qui
345 3319 499 3414 lacrymis
518 3318 708 3394 meretriciis
730 3318 832 3412 pedes
855 3342 935 3410 suos
952 3321 1103 3412 exponit,
1120 3333 1221 3414 atque

123 3424 140 3446 ⁸
173 3443 212 3508 ut
230 3428 430 3526 complectar
452 3421 565 3512 broit,
590 3438 777 3522 peccatores
801 3447 915 3500 omnes
936 3422 1159 3518 advenerunt,
1182 3441 1222 3512 nt

71 3599 81 3614 ,
173 3541 307 3631 ignum
324 3535 384 3612 nei
405 3545 588 3620 cernerent,
610 3533 669 3628 qui
689 3530 778 3610 tollit
798 3545 933 3626 peccata
955 3530 1097 3622 mundi3
1114 3532 1219 3624 Magi,

174 3658 213 3719 ut
227 3641 525 3738 eumbenedioant3
538 3640 720 3734 publicani,
737 3654 777 3720 ut
792 3640 1009 3734 Euangeliurn
1020 3638 1219 3744 praedicent,

174 3749 372 3836 meretrices,
388 3761 427 3824 ut
437 3761 608 3844 unguenta
624 3745 794 3842 deferant,
813 3748 1079 3839 Samaritana,ut
1093 3747 1222 3836 fontem

174 3859 250 3932 rite
270 3855 377 3949 sitiat,
393 3855 600 3950 Chananaea,
624 3865 663 3935 ut
689 3851 912 3934 indubitatam
932 3853 1035 3945 tidem
1055 3854 1218 3929 exhibeat.

212 3995 220 4025 ι
235 3985 299 4038 eset
315 4000 408 4050 urrrn,
419 3981 446 4050 d.
459 3993 516 4024 ·-¹
534 3983 627 4036 Mattb.
637 3998 690 4050 xm,
705 3982 746 4036 ro.
885 3983 888 3990 ’
1250 3973 1253 3980 ’
