2930 4582
193 405 294 456 CAPUT
308 401 364 456 Vl·
380 413 422 456 DE
437 411 593 456 unTflono
617 413 651 454 ΙΝ
674 412 883 456 concrement
905 405 1072 455 nummu.
1099 392 1160 452 311

129 511 249 582 lautam
268 510 373 580 vermi
389 523 556 602 apponant
577 531 745 596 mensam,
761 531 861 601 quem
881 506 982 576 alium
998 528 1164 576 excessum

129 640 252 712 quaeras
271 617 307 687 in
328 619 426 710 hujus
445 616 554 686 morbi
576 614 777 704 tyrannide?
798 614 850 682 nb
869 615 934 682 hoc
959 615 1058 682 ctiam
1077 613 1166 686 malo

129 724 260 795 alrsurdi
281 737 459 794 nascuntur
478 743 614 792 amores.
639 720 737 790 Mrdti
759 720 848 788 enim
870 743 938 788 non
961 719 1076 790 rultds
1097 722 1166 792 for·

129 832 199 917 mal,
221 853 283 900 nec
297 829 494 900 concubitis
509 825 704 919 cupiditate,
720 825 778 926 sed
794 825 885 918 qudd
897 825 1001 896 velint
1016 849 1085 896 sese
1096 829 1167 920 jac-

128 951 195 1006 tare
217 938 411 1030 dicereque,
431 939 523 1006 Hanc
544 947 578 1002 et
592 931 683 1016 illam
703 931 838 1024 decepi,
860 933 895 1002 in
917 931 1181 1012 fornicationem¹

128 1042 249 1136 delapsi
263 1057 352 1112 sunt.

173 1176 189 1215 »
207 1147 435 1242 Ecquidopus
459 1157 508 1213 est
523 1143 586 1216 alia
600 1166 787 1229 recensere,
799 1167 887 1236 ¹quae
909 1144 987 1214 inda
1002 1143 1167 1237 pullulant

129 1255 240 1324 mala?
265 1252 398 1324 Mallem
420 1249 510 1319 mille
537 1251 753 1320 barbarorum
783 1273 894 1321 servus
921 1250 1040 1338 luisse,
1066 1275 1165 1345 quam

126 1386 221 1432 vanae
249 1359 349 1430 semel
372 1359 493 1450 gloriae.
517 1357 607 1429 Nihil
630 1359 718 1426 enim
741 1359 871 1427 barbari
890 1361 989 1428 servis
1005 1361 1169 1452 imperant

127 1467 233 1538 simile
248 1467 285 1535 iis
301 1489 376 1558 quae
390 1487 473 1542 rana
490 1462 592 1555 gloria
607 1463 747 1533 subditis
759 1464 918 1556 praecipit.
933 1467 1091 1535 Omnium
1099 1480 1169 1536 esto

37 1606 41 1610 ·
128 1597 259 1659 servus,
277 1573 383 1666 inquit
401 1570 483 1656 illa,
504 1571 631 1640 etiarnsi
646 1585 686 1640 te
703 1571 959 1663 splendidiores,
988 1575 1113 1642 etiamsi
1135 1589 1169 1644 te

127 1677 256 1748 viliores
276 1679 360 1764 sint,
381 1679 511 1768 despice
527 1678 686 1764 animam,
708 1678 837 1769 neglige
858 1680 1037 1766 virtutem,
1055 1677 1169 1750 deride
1205 1707 1209 1712 ·

126 1783 332 1870 libertatem,
345 1783 483 1854 salutem
498 1796 591 1852 tuam
606 1782 776 1852 immolato
788 1814 797 1872 ς
814 1784 935 1874 siquid
949 1786 1029 1854 boni
1043 1784 1168 1874 sacius,

128 1912 197 1961 non
212 1889 255 1958 ad
267 1895 336 1960 Deo
350 1887 549 1984 placendum
565 1890 629 1956 hoc
644 1885 759 1974 facias,
774 1887 832 1957 sed
844 1901 882 1958 ut
894 1902 927 1958 te
939 1879 1051 1958 multis'
1063 1905 1171 1960 osten·

129 2009 197 2080 tes,
215 2011 249 2065 et
267 1987 384 2088 perdas
408 2019 564 2066 ceronam
579 1995 618 2064 iis
634 1995 793 2064 debitam.
813 1996 847 2066 Si
862 1996 1103 2087 eleemosynam
1118 1997 1171 2070 fe-

129 2104 228 2188 ceris,
243 2104 270 2172 si
282 2103 494 2196 jejunaveris,
508 2101 658 2170 laborem
669 2101 803 2194 quidem
819 2103 956 2188 sustine,
973 2103 1171 2175 sedlucrnm

128 2207 265 2298 perdere
293 2223 420 2278 curato.
457 2207 548 2290 Quid
571 2208 622 2276 his
650 2209 822 2302 praeceptis
851 2208 1017 2280 crudelius
1046 2210 1171 2280 fueriti

129 2315 212 2384 Hinc
232 2315 357 2384 invidia
373 2329 484 2384 ortum
505 2314 625 2400 habet,
643 2315 722 2384 hinc
741 2318 946 2406 arrogantia,
968 2318 1048 2386 hine
1067 2333 1172 2390 mater

129 2422 278 2492 omniurn
298 2414 460 2492 malorum
487 2422 632 2492 avaritia.
665 2423 774 2490 Turba
795 2422 929 2514 quidem
946 2421 1147 2496 famulorum
1160 2477 1178 2512 ,A

129 2528 266 2618 aurigeri
282 2529 431 2614 barbari,
444 2528 588 2620 parasiti,
602 2519 800 2614 adulatores,
811 2551 926 2597 currus
935 2542 1070 2618 argento
1081 2555 1172 2604 cons·

128 2633 237 2723 picui,
256 2651 292 2704 et
307 2637 368 2704 alia
389 2637 440 2703 his
463 2633 670 2720 ridiculiora,¹
697 2659 766 2706 non
789 2634 832 2704 ad
856 2634 1085 2728 voluptatem,
1102 2663 1172 2710 non

128 2739 168 2808 ad
184 2766 285 2810 usum
299 2755 392 2824 sunt,
409 2740 466 2808 sed
483 2739 657 2808 adranam
676 2739 811 2830 gloriam
825 2741 956 2810 tantiam
967 2746 991 2810 1.
1013 2771 1028 2808 a

172 2847 276 2916 Divus
296 2861 406 2917 autem
423 2845 609 2914 Bernardus
625 2850 852 2914 Detractorum
869 2869 987 2933 mores,
1005 2847 1075 2938 qui,
1088 2871 1175 2940 quo-

130 2947 204 3018 dam
233 2951 388 3022 simu‘lato
412 2950 618 3020 verecundiae
637 2950 739 3038 suco,
771 2967 965 3044 conceptam
994 2952 1172 3040 malitiam,

130 3078 229 3147 quam
242 3061 383 3129 retinere
398 3083 466 3128 non
479 3075 627 3152 possunt,
647 3058 1031 3148 adumbrareconantur,
1049 3061 1174 3132 descri—
1190 3119 1191 3123 ,

130 3161 179 3230 bit
203 3161 255 3234 his
270 3167 378 3258 verbis
396 3196 403 3236 ι

161 3299 192 3336 c
206 3271 356 3343 Videaslr
370 3278 560 3342 Detractore
569 3271 635 3342 alta
645 3275 781 3366 suspiria
790 3275 957 3366 praemitti,
972 3275 1084 3366 sicque
1099 3291 1185 3346 cum'

132 3377 274 3468 quddam
292 3381 449 3474 gravitate
465 3393 498 3448 et
513 3378 679 3466 tarditate,
692 3379 790 3448 vultu
800 3379 960 3464 modesto,
973 3379 1110 3450 dimissis
1125 3405 1179 3450 sn-

132 3481 295 3573 perciliis,
314 3503 347 3556 et
362 3510 442 3557 voce
459 3485 630 3578 plangenti
652 3485 765 3576 egredi
780 3483 1045 3554 maledictionem
1061 3539 1070 3572 ,
1085 3489 1178 3556 tanto

133 3595 450 3680 persuasibiliorem,
476 3595 603 3686 quanto
622 3589 768 3662 creditur
790 3591 917 3675 abhis,
936 3597 994 3684 qui
1011 3588 1153 3661 audiunt
1165 3627 1194 3676 ,-

134 3695 231 3781 corde
247 3701 352 3770 invito
364 3714 397 3768 et
408 3701 511 3792 magis
523 3697 729 3770 condolentis
745 3699 886 3783 affectu,
903 3700 1004 3792 quam
1017 3697 1178 3769 malitiose

135 3803 284 3888 proferri.
305 3807 426 3892 Doleo,
441 3809 573 3902 inquit,
590 3808 818 3892 vehementer,
837 3830 897 3898 pro
913 3830 952 3876 eu
971 3805 1063 3900 qudd
1074 3806 1177 3900 diligo

170 3933 217 3982 ¹S.
232 3935 314 4002 Chrys.
333 3937 356 3985 in
377 3936 451 4001 Epist.
475 3938 504 3986 ad
529 3941 596 3988 Rom.
620 3935 708 3998 Homil.
730 3950 791 3997 rvrr,
814 3951 837 3984 n.
854 3935 879 3998 3,
894 3934 919 3998 d.
