2930 4582
191 426 291 476 claun
314 433 359 476 vr.
378 433 419 476 nn
432 433 591 477 massono
615 433 651 476 nr
672 433 881 479 concremans
904 425 1073 476 laniarat.
1100 415 1165 478 309

128 525 226 599 fuerit
246 529 363 600 oborta
379 527 534 614 collatio,
552 551 621 598 uno
641 529 677 596 in
695 527 769 598 loco
786 541 870 596 stare
886 527 1007 596 nesciat
1018 531 1089 622 ejus
1103 530 1165 600 ob-

127 648 235 704 tutus:
254 635 311 703 sed
328 635 392 703 hirc
413 633 559 726 illucque
573 632 725 724 stupidus
740 629 989 702 circumferatur
1003 635 1162 721 intuitus,

127 755 159 810 et
181 740 353 825 aliorsum,
372 754 470 832 atque
494 742 530 806 in
545 739 740 831 obliqumn,
755 740 856 830 quim
871 738 970 808 moris
987 753 1056 826 est,
1076 741 1164 812 oculi

127 847 319 938 defigantur.
337 851 401 914 Pro
425 844 569 936 suspiriis
586 845 674 912 enim
694 843 891 914 salutaribus
911 859 1007 937 sputa
1023 846 1066 915 de
1079 849 1166 920 sicco

126 969 254 1044 gutture
269 954 530 1041 contrahuntur3
547 951 765 1021 execrationes
785 951 884 1020 etiarn
899 951 969 1020 sine
982 951 1051 1020 ulla
1063 953 1166 1026 inter·

125 1059 300 1152 pellatione
328 1058 490 1148 flegmatis
517 1057 753 1149 provocantur,
779 1055 875 1147 digiti
899 1055 1045 1144 ludunt,
1069 1072 1102 1128 et
1130 1061 1166 1130 in

125 1164 259 1235 modum
275 1157 445 1232 scribentis
460 1163 618 1248 volitant,
644 1175 677 1230 et
704 1163 749 1230 ita
772 1161 838 1232 hirc
861 1169 965 1256 atquc
984 1162 1064 1232 illlrc
1087 1166 1167 1246 urii·

124 1295 214 1342 versa
236 1270 383 1340 membra
399 1270 542 1360 corporis
563 1282 832 1354 commoventur,
863 1282 900 1338 ut
921 1267 1001 1338 dirm
1014 1271 1166 1362 spiritalis

124 1379 266 1470 agitatur
278 1373 429 1468 collatio,
447 1388 554 1444 toturn
572 1397 606 1444 se
621 1375 675 1445 vel
690 1375 890 1444 scatentibus
907 1375 1095 1463 vermibus,
1110 1375 1165 1448 vel

122 1483 314 1554 acutissimis
329 1479 466 1550 sudibus
482 1479 594 1550 credat
610 1479 751 1550 insidere
771 1509 778 1552 ε
797 1494 831 1549 et
851 1482 1015 1575 quidquid
1029 1483 1166 1575 simplex

122 1589 253 1658 collatio
270 1587 312 1658 ad
328 1586 577 1656 {edificationem
589 1586 765 1679 protulerit
780 1585 998 1674 audientium,
1009 1589 1054 1658 ob
1071 1585 1165 1659 suam

121 1693 382 1784 suggillationem
395 1693 534 1762 aestimet
550 1715 618 1762 esse
633 1692 798 1785 prolatum
819 1722 827 1762 ι
845 1707 983 1788 totoque
998 1708 1162 1788 tempore,

120 1824 187 1894 quo
204 1799 354 1891 spiritalis
369 1799 445 1869 vitae
462 1800 658 1868 examinatio
673 1798 873 1884 ventilatur,
891 1801 956 1868 suis
972 1801 1166 1893 suspicioni·

121 1907 181 1974 hus
194 1920 373 1998 occupatus
383 1959 391 1990 ,
403 1930 472 1974 non
487 1905 569 1998 quid
584 1903 662 1972 inde
679 1903 721 1974 ad
736 1902 920 1996 profectum
937 1929 1033 1974 suum
1049 1931 1165 1999 capere

121 2013 261 2100 debeat,
277 2027 480 2106 aucupatur,
496 2015 554 2082 sed
569 2033 681 2082 causas
697 2037 756 2082 cur
767 2015 1032 2107 unumquodque
1045 2015 1086 2084 sit
1100 2015 1165 2086 dic·

121 2136 213 2208 tum,
231 2122 370 2192 sollicitat
385 2135 495 2191 mente
518 2122 680 2215 perquirit
698 2151 706 2190 :
729 2121 782 2191 vel
798 2119 941 2213 quid'eis
963 2122 1064 2214 possit
1079 2123 1164 2216 obji-

123 2253 217 2316 cere,
237 2231 335 2299 tacita
354 2231 440 2298 intra
450 2253 491 2298 se
507 2228 614 2299 cordis
629 2227 833 2298 volutatione
846 2231 1019 2321 conjectat.
1038 2230 1165 2300 Deinde

120 2341 281 2430 posthaec
297 2391 306 2422 ,
334 2327 457 2408 excelsa
473 2360 559 2423 vox,
583 2359 689 2406 sermo
705 2336 853 2426 rigidus,
871 2361 978 2407 amara
995 2352 1028 2406 et
1044 2338 1164 2406 turbu-

118 2444 205 2515 lenta
219 2443 412 2536 responsio,
435 2445 576 2512 incessus
593 2437 720 2512 erectus
736 2466 774 2512 ac
790 2441 936 2528 mobilis,
954 2442 1067 2535 lingua
1080 2441 1164 2536 saci<

119 2550 178 2637 lis,
196 2575 318 2644 procax
334 2548 487 2642 loquela,
518 2573 579 2618 nec
606 2551 755 2641 unquam
781 2549 1014 2618 taciturnitatis
1035 2551 1162 2638 amica,

118 2658 177 2727 nisi
193 2659 272 2726 ciam
292 2659 406 2726 contra
421 2655 556 2724 lratrem
572 2671 742 2726 rancorem
759 2656 936 2750 quemdam
952 2657 986 2726 in
997 2655 1164 2727 suecorde

117 2765 306 2856 conceperit
321 2793 328 2832 :
342 2764 447 2854 fitqde
460 2761 625 2830 silentium
639 2764 709 2854 ejus
723 2785 791 2830 non
807 2763 1086 2853 compunctionis,
1098 2787 1163 2856 nec

118 2871 312 2940 humilitatis
324 2868 435 2954 ullius,
446 2867 504 2936 sed
516 2867 676 2960 superbiae
692 2881 723 2936 et
738 2866 970 2957 indignationis
985 2867 1161 2939 indicium:

118 2979 183 3066 itt,
201 2993 240 3049 ut
259 2977 342 3070 quid
357 2977 392 3044 in
405 3001 444 3046 eo
460 2975 685 3046 detestabilius
701 2976 763 3062 sit,
781 2975 871 3061 haud
887 2973 982 3045 facile
998 2975 1163 3046 discerna-

118 3099 171 3156 tur
183 3141 192 3174 ,
206 3086 322 3156 utrum
338 3085 459 3156 dillusa
483 3085 539 3154 illa
560 3085 777 3179 petulansque
797 3084 927 3170 laetitia,
944 3083 1077 3154 andire
1093 3086 1164 3156 haec

118 3195 350 3288 virulentaque
366 3195 577 3263 taciturnitas.
598 3199 638 3264 In
656 3193 714 3264 illa
736 3195 880 3286 namque
896 3216 1002 3263 sermo
1019 3217 1087 3268 non
1103 3218 1165 3287 op-

119 3317 294 3394 portunus,
306 3301 389 3369 risus
404 3299 484 3370 levis
501 3324 538 3368 ac
554 3299 677 3385 fatuus,
695 3301 854 3368 ellrenata
870 3323 907 3368 ac
922 3299 1165 3393 indisciplinata
1228 3362 1231 3370 f

120 3411 224 3480 cordis
236 3408 351 3478 elatio:
365 3407 400 3474 in
412 3405 471 3474 ista
480 3409 558 3476 verd
574 3406 619 3474 it‘a
634 3405 770 3496 plenum
779 3405 1048 3500 virulentumque
1062 3407 1166 3476 'silen-

121 3516 224 3602 tium,
252 3529 287 3584 et
310 3513 402 3606 quod
425 3513 468 3582 ob
490 3513 554 3580 hoc
580 3511 710 3581 tantlim
726 3511 929 3604 concipitur,
947 3526 986 3582 ut
1011 3513 1166 3583 adversus

122 3620 255 3692 fratrem
278 3633 394 3691 rancor
420 3619 642 3690 taciturnitate
669 3633 830 3705 servatus,
861 3618 1016 3712 protelari
1042 3617 1166 3689 diutius

123 3725 244 3819 possit,
262 3753 329 3798 non
342 3741 380 3796 ut
396 3751 488 3796 exeo
505 3727 608 3795 virtus
624 3725 818 3796 humilitatis
841 3750 879 3795 ac
899 3725 1067 3818 patientiae
1079 3751 1167 3820 prae-

123 3835 250 3903 beatur.
269 3839 312 3903 Et
327 3833 404 3902 oiim
425 3835 494 3924 ipse
509 3848 640 3904 tumore
658 3855 821 3925 possessus
837 3833 934 3904 facile
950 3835 1076 3903 cunctis
1091 3835 1168 3904 tris-

125 3939 209 4010 titias
224 3938 364 4024 inserat,
383 3953 480 4031 atque
497 3941 539 4007 ad
556 3939 809 4010 satisfactionem
825 3937 892 4010 laesi
909 3937 1018 4010 fratris
1047 3954 1169 4010 semet-
