2996 4598
278 413 322 484 ἃ
426 428 607 490 inmutet
628 428 658 478 ε.
680 429 835 495 seusun,
859 429 938 486 rim
958 434 1009 494 n,
1033 433 1120 480 esee.
1145 435 1170 480 1.

279 545 401 623 cuntur
414 531 569 617 flumina,
584 552 653 607 non
668 544 811 626 quatuor
824 531 966 610 tentum.
987 530 1166 606 nonenim
1182 529 1318 622 tigrim,

280 661 344 717 nec
358 639 562 732 Euphraten,
580 659 643 714 nec
665 638 859 730 AEgyptium
874 636 998 723 Nilum,
1015 659 1077 706 neo
1094 635 1216 722 Indunr
1229 637 1321 711 Gun-

280 771 370 842 genn
392 745 449 826 set
470 747 660 824 innumeros
681 745 757 821 tons,
775 745 835 821 iste
850 744 968 822 fluvios
989 743 1143 822 effundit.
1161 742 1242 828 Quis
1256 745 1321 820 hoc

235 933 238 940 ,
279 855 376 929 disin
390 859 478 932 Deus
492 853 574 946 ipse,
588 852 646 945 qui
661 851 779 924 fluvios
797 850 893 924 nobis
906 852 984 928 istos
998 851 1134 942 largitus
1149 865 1197 921 est
1215 879 1224 922 e
1247 851 1325 948 Qui

279 961 374 1031 enim
388 955 504 1029 eredit
523 959 561 1028 r'n
576 981 650 1044 me,
665 957 790 1050 inquit,
810 958 903 1026 sicut
917 954 1014 1058 dr‘oeit
1029 956 1221 1049 Scriptura
1225 1011 1238 1045 ,
1241 953 1323 1052 flu-

219 1069 223 1080 “
278 1073 380 1138 ntina
396 1063 583 1138 decentes
599 1063 676 1162 ejus
679 1061 803 1161 fluent
818 1086 925 1155 aquce
942 1067 966 1132 ¹.
984 1061 1084 1140 Vides
1098 1077 1138 1134 ut
1151 1075 1224 1135 non'
1235 1088 1322 1158 qua-

73 1151 84 1171 ·
201 1183 204 1190 '
278 1188 356 1247 tuor
371 1173 526 1257 flumina,
544 1169 601 1243 sed
614 1163 745 1240 'infinita
761 1171 803 1247 ab
823 1169 881 1242 illo
897 1169 990 1244 sonte
1005 1171 1192 1263 profluant?
1207 1174 1323 1265 Neque

278 1282 357 1358 vero
372 1277 586 1358 multitudino
597 1276 740 1361 rantum,
757 1274 816 1346 sed
831 1277 929 1352 etiam
948 1278 1067 1352 nature
1078 1277 1153 1348 fons
1168 1292 1218 1348 est
1228 1279 1324 1350 mira·

278 1387 365 1461 hilis.
388 1390 503 1480 Neque
515 1386 602 1458 enim
620 1409 715 1478 aquee
736 1385 861 1459 fluenta
877 1398 972 1470 sunt,
992 1385 1050 1456 sed
1066 1385 1204 1478 Spiritfis
1219 1385 1319 1458 dona.

278 1500 367 1572 Fons
383 1495 444 1570 iste
463 1494 499 1564 in
513 1491 657 1585 singulas
676 1492 825 1569 fidetium
850 1507 977 1567 mentes
999 1494 1177 1579 dividitur,
1194 1507 1227 1566 et
1253 1518 1323 1566 non

276 1603 438 1688 minuitur
456 1630 463 1671 :
489 1599 664 1686 dividitur,
682 1615 715 1670 et
739 1624 807 1676 non
822 1601 1026 1674 consumitur
1042 1599 1270 1694 rdispertitur,
1288 1615 1322 1672 et

276 1711 385 1784 minor
396 1733 464 1786 non
478 1709 518 1784 sst
534 1737 542 1786 ς
561 1707 651 1801 apud
661 1732 774 1784 omnes
783 1710 928 1800 integer,
947 1709 1024 1782 etin
1035 1707 1171 1800 singulis
1180 1709 1319 1801 integer.

279 1815 1174 1911 TalirnamqnesuntSpiritdsdona.Vistussuentorum
1184 1817 1321 1889 istorum

279 1922 465 2000 ubertatem
476 1923 752 2014 cognosceretne
763 1945 924 2016 aquarum
935 1935 1087 2002 naturam
1105 1944 1320 2012 cognoscere,

255 2096 258 2104 ,
278 2053 347 2125 quo
359 2043 457 2122 puoto
465 2029 516 2105 his
527 2051 596 2104 non
605 2029 737 2114 similes,
746 2027 803 2102 sed
812 2030 862 2102 his
875 2027 1031 2102 meliores·
1043 2043 1132 2115 sunt,
1143 2043 1177 2100 et
1186 2030 1321 2114 miribi-

278 2137 394 2212 liores?
406 2134 492 2205 nudi
504 2134 615 2210 rursus
625 2135 792 2210 Christum
801 2136 908 2228 ipsum
923 2135 1133 2210 Samaritanae
1141 2135 1319 2223 dicentem,

276 2239 1133 2338 utuhenatemfontisagnoscas:Aqnnqeamego
1146 2239 1256 2329 dabo,
1269 2243 1322 2314 in-

277 2351 369 2445 quit,
398 2347 510 2436 fideli,
521 2349 594 2443 fiet
614 2348 652 2422 r'n
674 2369 717 2424 eo
727 2347 824 2446 fons
840 2373 947 2442 aquae
961 2347 1124 2422 solientis
1146 2349 1184 2418 r'n
1207 2349 1322 2422 uitam

278 2462 490 2538 teteritaffl.
502 2460 577 2532 Non
591 2455 684 2543 dixit,
699 2459 876 2544 catenatis,
893 2481 962 2528 non
980 2455 1084 2542 dixit,
1101 2456 1250 2554 effusae,
1264 2458 1322 2526 sed

278 2561 459 2649 satiarent,
476 2585 535 2656 per
547 2561 648 2636 saltus
669 2560 906 2661 abundantiam
929 2563 1025 2635 nobis
1037 2565 1232 2655 exprimens.
1251 2562 1339 2632 Illae‘

278 2670 425 2748 foruna
441 2667 547 2740 solent
563 2691 658 2760 aquea
671 2668 830 2762 prosilire,
848 2683 947 2764 atque
961 2668 1112 2762 undique
1128 2687 1319 2762 erumpere,

278 2801 361 2874 quus
376 2776 629 2853 contineresinu
645 2769 753 2848 sontes
765 2793 949 2872 nequeunt,
967 2777 1024 2847 sed
1035 2778 1156 2847 ssuctfis
1170 2775 1323 2870 frequen.-

278 2887 323 2961 ris
337 2887 416 2960 victi
431 2884 580 2981 undique
594 2884 667 2962 illos
686 2887 896 2958 scaturientes
912 2885 1102 2956 effundunt.
1118 2885 1204 2956 ditm
1220 2885 1322 2977 igitur

277 2981 1323 3086 laticumcopiamvelletindieare‚solientisdixit,nomeneun·

278 3103 335 3176 n's.
350 3101 518 3172 vicetiam
533 3113 685 3170 naturam
701 3102 770 3194 ejus
784 3104 1000 3192 cognoscere?
1012 3124 1052 3168 ex
1068 3123 1131 3169 usu
1145 3122 1318 3191 cognosce.

276 3211 352 3282 Non
364 3206 451 3278 enim
467 3207 509 3276 ud
524 3205 625 3278 vitam
638 3221 844 3300 praesentem,
858 3206 916 3276 sed
931 3205 1087 3278 advitam
1099 3220 1258 3276 internum
1273 3217 1323 3304 est

276 3313 380 3390 utilis.
396 3316 435 3382 ln
449 3313 513 3385 hoo
528 3312 630 3404 igitur
638 3312 788 3407 paradiso
802 3337 970 3386 versemur
985 3345 992 3384 :
1010 3313 1208 3384 assideamus
1219 3309 1319 3396 fonti,

277 3443 321 3493 no
340 3419 436 3495 nobis
451 3417 577 3493 accidet
592 3419 625 3492 id
640 3419 732 3515 quod
747 3422 875 3492 Adamo
891 3421 1026 3507 accidit,
1044 3435 1078 3490 et
1093 3417 1244 3514 paradiso
1265 3443 1322 3488 ex-

276 3527 424 3605 cidamus
442 3555 450 3601 a
470 3549 512 3600 ne
527 3527 748 3620 perniciosum
765 3527 939 3600 consilium
956 3528 1179 3613 admittamus,
1197 3545 1240 3596 ne
1254 3524 1321 3596 dia·

276 3635 359 3710 boli
375 3631 524 3709 fraudom
558 3635 771 3728 suscipiamus
799 3663 806 3706 r
835 3649 1025 3706 moneamus
1054 3636 1167 3725 intris3
1196 3633 1322 3726 quippe

276 3741 382 3814 multa
397 3739 475 3814 inde
491 3741 668 3816 securitas:
686 3741 721 3810 in
731 3741 872 3814 lectione
889 3745 1066 3836 scriptume
1082 3743 1176 3811 istius
1191 3763 1322 3834 permn-

278 3870 424 3928 neamus,
442 3851 487 3928 Ut
497 3848 585 3926 enim
600 3848 636 3938 ii,
654 3848 713 3942 qui
722 3847 808 3930 fonti
822 3849 982 3936 assident,
996 3863 1030 3930 et
1045 3850 1124 3934 arud¹
1135 3847 1192 3932 itta
1201 3846 1323 3919 fruun-

314 3975 519 4042 monumen.
542 4001 573 4016 -
592 3985 603 4014 ¹
620 3979 740 4040 Josn.1v,
757 3974 795 4042 ¹¹i·
