2992 4590
142 495 148 510 .
225 473 326 519 carun
350 477 394 518 vr.
420 475 461 517 nn
484 475 640 518 uaanono
664 475 698 517 m
722 471 1106 538 conmomnusapmsmm
1134 463 1194 522 tot

162 575 246 642 Deus
262 573 376 659 etiam,
393 571 599 663 indulgentia
610 595 711 656 usus,
730 585 842 642 vatum
858 573 1051 643 sententiam
1066 587 1198 645 secutus

161 693 223 769 est3
240 702 301 748 nec
313 680 479 772 majestate
499 679 558 747 suh
576 677 752 768 indiguum
771 679 900 769 putavit
921 693 1035 749 vatum
1057 672 1199 774 praedic·

160 787 283 874 tiqnem
298 783 341 854 ad
349 809 432 878 opus
443 784 618 870 deducere,
632 797 664 852 et
673 783 773 852 fidem
784 781 1002 854 dictiseorum
1011 787 1195 860 conciliare.

160 893 208 961 Εὸ
223 894 326 986 major
338 894 426 961 enim
442 915 492 960 res
512 904 600 982 gesta
614 889 804 975 videbatur,
823 889 850 959 si
865 891 924 960 Dei
939 893 1120 983 potentiam
1137 895 1200 987 ipsi

95 1025 99 1032 ·
159 1001 256 1069 etiam
279 1000 406 1068 inimici
423 1000 696 1084 testificarentur,
709 996 768 1066 etsi
788 1019 904 1066 eorum
921 997 1071 1068 doctores
1086 999 1129 1068 de
1143 997 1200 1069 illa

158 1107 322 1178 calculum
335 1099 472 1175 ferrent.
491 1105 596 1175 Multa
612 1127 745 1198 quoque
758 1103 874 1174 similia
890 1105 997 1174 Deum
1012 1103 1202 1197 dispensan-

158 1211 233 1284 tem¹
252 1209 562 1299 animadvertimus,
579 1213 653 1279 nim
669 1233 707 1278 ea
729 1211 827 1280 etiam
851 1235 927 1304 quae
954 1211 997 1281 ad
1022 1213 1201 1302 Pythonis·
1306 1299 1310 1308 ¹

157 1343 228 1390 sam
248 1331 398 1412 spectant
415 1316 530 1386 eodem
541 1315 726 1408 dispensata
737 1316 943 1388 suntmodo1
959 1348 966 1388 :
982 1333 1021 1388 ut
1034 1305 1201 1390 vosdein-

157 1449 236 1520 ceps
252 1423 433 1495 secundum
444 1425 512 1516 jhm
520 1421 605 1493 dicta
618 1424 765 1516 poteritis
773 1421 944 1518 explicare.
959 1429 1038 1496 Haec
1048 1425 1090 1498 de
1105 1425 1200 1508 stella

158 1535 179 1601 a
203 1533 298 1601 nobis
317 1529 402 1600 dicta
424 1542 517 1614 sunt,
537 1529 594 1598 sed
609 1529 705 1622 plura
721 1531 739 1600 a
754 1531 847 1601 vobis
862 1529 928 1600 dici
951 1533 1076 1624 possint
1092 1565 1101 1625 3
1122 1535 1200 1602 nam

156 1625 223 1706 Do
238 1638 397 1728 sapienti
410 1637 638 1705 occasionem
648 1649 683 1706 et
697 1639 1010 1730 snpientiorerit²q

188 1771 228 1810 ,ιι
258 1745 330 1813 Jim
352 1741 393 1811 ad
414 1743 610 1834 principium
644 1765 784 1830 eorum,
814 1769 889 1838 quae
912 1744 997 1816 lecta
1025 1759 1123 1834 sunt,
1147 1769 1200 1815 re·

157 1849 330 1921 deundum
351 1863 399 1919 est
425 1879 434 1920 ε
462 1849 631 1943 quodnam
656 1865 705 1920 est
726 1849 952 1944 principium?
977 1841 1072 1923 Cum¹
1092 1868 1201 1924 notus

160 1971 252 2028 esset
267 1953 374 2027 Jesus
390 1958 427 2026 in
445 1945 665 2028 Bethlehem
680 1955 808 2045 Judre,
828 1961 865 2028 in
890 1957 1017 2030 diebus
1038 1957 1201 2031 Herodis

160 2068 274 2164 regis,
292 2079 374 2134 ecee
382 2062 549 2160 Mngt'nb
560 2063 707 2136 Oriente
717 2063 1199 2161 veneruntterosotymaffl.

159 2173 245 2264 Magi
262 2171 397 2241 'stellam
423 2169 542 2264 ducem
567 2167 670 2240 secuti
693 2185 786 2264 sunt,
809 2173 845 2241 hi
860 2175 938 2243 vero
963 2197 1005 2242 ne
1029 2176 1202 2266 Prophetis

159 2279 292 2374 quidem
308 2275 580 2348 annuntiantibus
596 2276 818 2348 crediderunt.
838 2264 907 2350 Gur
927 2293 1038 2348 autem
1053 2281 1149 2349 nobis
1169 2295 1203 2354 et

160 2403 287 2480 tempus
312 2385 391 2456 dicit
409 2399 442 2454 et
457 2384 588 2471 locum,
613 2385 694 2454 diam
719 2387 764 2455 ait
788 2412 797 2454 :
821 2385 870 2456 In
889 2384 1124 2475 Bethlehem,
1145 2403 1199 2476 et,

159 2495 206 2565 In
223 2483 522 2584 diebusHerodts
536 2489 656 2588 regis?
668 2495 740 2577 Quat
753 2495 830 2564 vcrd
841 2493 882 2562 de
898 2496 996 2564 eausa
1005 2492 1201 2587 dignitatem

159 2603 254 2672 etiam
267 2599 413 2668 addidit?
422 2599 585 2682 Quoniam
602 2614 636 2668 et
647 2598 798 2668 aliusiuit
810 2599 956 2670 Herodes
970 2601 1029 2695 qui
1039 2595 1200 2690 ioannem

146 2709 298 2795 oceidit,
316 2705 372 2793 sed
383 2706 436 2775 hic
448 2707 623 2792 tetrarcha,
636 2705 693 2774 ille
703 2721 847 2774 rexerat.
860 2713 986 2776 Locum
1000 2723 1110 2778 autem
1119 2712 1200 2780 scri-

148 2805 207 2883 'bit
222 2829 255 2882 et
272 2828 402 2906 tempus
411 2812 492 2880 diam
502 2812 690 2904 prophetias
700 2811 795 2907 nqbis
810 2825 935 2880 veteres
951 2831 1198 2904 commemorat,
1315 2820 1320 2837 ¹

159 2920 461 3016 quarumMiohaeas
474 2919 581 2988 emisit
591 2913 643 2987 his
654 2917 761 2988 verbis
774 2917 911 2987 alteram
920 2917 989 2988 :Et
999 2917 1171 3004 tu,Bethl
1189 2955 1204 2974 ·

160 3028 242 3099 hem
254 3043 353 3098 terro
365 3024 479 3113 tuda,
490 3027 723 3119 nequaqudm
735 3027 888 3122 minima
898 3051 936 3096 es
947 3029 983 3097 in
989 3026 1203 3120 principaii·

162 3135 224 3208 bus
232 3134 357 3207 Judo⁴
366 3168 383 3221 ,·
393 3133 528 3204 alteram
544 3135 728 3234 patriarcha
748 3135 868 3222 Jacob,
888 3137 946 3228 qui
963 3132 1058 3206 nohis
1072 3149 1202 3230 tempus

160 3243 332 3338 exprimit,
353 3265 575 3334 magnumque
596 3241 725 3332 signum
750 3238 910 3310 adventus
941 3244 1009 3334 ejus
1040 3245 1201 3336 apponit,
1263 3320 1268 3324 ,

160 3354 235 3419 niam
252 3350 296 3418 ait
316 3377 323 3416 :
338 3345 382 3419 Ν
381 3369 427 3416 on
451 3343 639 3442 auferetur
658 3349 828 3438 princeps
848 3343 893 3413 de
908 3343 1029 3426 Judci,
1046 3345 1203 3418 necdum

160 3451 419 3550 defemoribus
430 3451 524 3547 ejus,
536 3450 785 3521 doneeoenr'nt
796 3452 856 3520 oui
866 3453 1061 3544 repositum
1074 3466 1128 3522 est
1144 3480 1153 3522 .·
1168 3469 1203 3524 et
1260 3459 1261 3464 ’

161 3567 236 3656 ipse
257 3563 464 3654 expectatio
476 3561 667 3656 gentium&
689 3559 752 3630 Sed
775 3557 859 3628 illud
878 3584 1014 3654 quoque
1033 3562 1204 3654 inquiren-

161 3671 241 3740 dum
257 3685 322 3755 est,
333 3694 409 3762 quae
421 3693 518 3740 causa
528 3668 603 3760 ipsis
616 3667 715 3737 suerit
726 3667 804 3736 talia
816 3668 993 3760 cogitandi,
1007 3670 1120 3764 etquis
1130 3669 1203 3740 illos

135 3788 138 3798 ’
163 3777 204 3846 ad
213 3776 290 3846 talia
303 3774 429 3868 agenda
437 3775 648 3847 concitaverit
662 3803 669 3844 :
681 3789 790 3868 neque
800 3775 890 3846 enim
897 3775 979 3845 mihi
993 3776 1205 3850 videturhaec
1283 3799 1286 3804 ·

103 3947 116 3968 s
197 3933 205 3960 ¹
226 3927 286 3988 Reg.
309 3939 398 3989 xxuu,
415 3938 428 3989 7
442 3929 468 3974 et
479 3937 548 3988 seqq.
561 3946 593 3957 -
607 3931 617 3958 ²
637 3923 707 3974 Prot.
726 3937 768 3986 rx,
781 3938 806 3988 9.
821 3946 853 3958 -·
867 3919 878 3960 ³
894 3921 1031 3983 Martha,
1053 3907 1076 3974 ι.
1093 3948 1125 3959 ·-
1138 3916 1151 3965 ὅ
1163 3922 1200 3976 ld.

164 4021 197 4072 m,
212 4009 238 4074 6,
252 4015 278 4059 et
288 4007 361 4060 mich.
375 4021 436 4073 ψ.
452 4004 506 4045 -5
519 4009 579 4058 Gen.
593 4021 660 4069 xum,
676 4006 699 4056 3.
