2982 4584
259 410 361 464 circu
384 419 431 464 vr.
456 415 498 462 nu
520 413 677 462 unacco
699 413 735 461 nr
756 410 1143 462 concionnnstnmarrt.
1167 395 1233 462 ⁴⁷³

192 519 273 592 mibi
288 519 441 591 laborum
457 539 600 604 merces,
614 528 722 588 vestra
734 513 865 586 danitas
884 543 892 588 ε
909 529 944 588 et
962 517 990 588 si
1003 537 1063 587 vos
1075 537 1153 588 cum
1167 518 1236 610 pie-

139 673 142 677 ·
191 639 260 698 tate
275 627 421 698 viventes
435 623 568 708 videro,
586 635 695 692 toturn
714 620 836 714 recepi.
855 621 968 692 Facite
982 622 1236 718 igiturquod'et

190 733 262 803 beri
277 731 447 817 admonui,
461 744 496 799 et
511 727 611 800 hodie
625 726 746 814 dicam,
760 751 822 799 nec
837 727 950 800 dicens
958 728 1124 824 quiescam
1138 757 1147 800 2
1159 753 1235 801 con·

187 841 241 911 tra
253 841 400 936 jurantes
415 831 575 906 mulctam
590 833 800 922 definientes,
818 825 978 906 mulctam
992 833 1146 923 lucrum,
1165 857 1235 908 non

190 945 350 1016 damnum
371 939 587 1014 habentem:
613 941 843 1034 praeparamini
866 944 936 1036 jam
959 943 1118 1036 tanquam
1139 941 1236 1013 nobis

188 1051 356 1146 profectius
389 1047 617 1140 probationem
653 1047 775 1118 daturi.
810 1049 966 1119 (lonabor
995 1049 1119 1119 etenim
1144 1049 1251 1142 apud-

189 1169 357 1252 quemque
379 1154 526 1226 vestram
541 1153 679 1246 longum
696 1155 890 1247 protrahere
903 1177 1089 1226 sermonem
1103 1155 1236 1228 dimissa

188 1265 251 1334 hle
264 1263 439 1348 concione,
453 1273 493 1330 ut
507 1261 543 1330 in
557 1260 736 1331 verborum
751 1259 961 1354 longitudine
977 1261 1169 1332 emendatos
1179 1261 1234 1332 in·

188 1369 318 1441 veniam
335 1367 430 1439 :etsi
445 1389 545 1460 quern
556 1368 724 1461 jurantem
739 1367 865 1454 videro,
881 1367 1037 1440 omnibus
1052 1367 1235 1440 emendatis

188 1481 300 1568 ipsum
315 1473 498 1560 declarem,
516 1487 555 1543 ut
573 1474 798 1566 increpantes,
816 1488 1001 1565 arguentes,
1015 1475 1232 1567 corrigentes,

188 1573 282 1660 brevi
300 1582 408 1674 ipsum
422 1576 508 1650 mala
522 1577 700 1650 liberemus
714 1581 968 1650 consuetudine.
979 1579 1154 1656 Meliusest
1165 1594 1235 1650 ete·

187 1689 258 1756 nim
273 1686 327 1758 hic
342 1687 577 1780 exprobratum
593 1687 731 1776 corrigi,
748 1689 849 1781 qulam
864 1687 918 1758 die
933 1686 990 1758 illa
1005 1684 1133 1781 palam,
1147 1711 1232 1781 prac-

186 1807 281 1864 sente
298 1807 370 1864 toto
391 1791 539 1879 mundo,
556 1790 719 1862 confundi
735 1805 835 1886 atque
851 1793 981 1885 puniri,
996 1795 1138 1886 peccatis
1157 1787 1234 1866 nos

187 1901 247 1972 tris
260 1901 323 1970 sub
332 1901 482 1972 omnium
494 1913 630 1992 aspectu
646 1899 806 1970 revelatis.
820 1899 885 1970 Sed
895 1900 991 1988 absit,
1003 1915 1042 1971 ut
1058 1903 1234 1996 quisquam

187 2030 228 2076 ex
242 2007 305 2078 hac
324 2008 463 2078 honesta
478 2008 637 2078 concione
653 2005 730 2076 talia
748 2007 875 2100 patiens
889 2006 957 2078 illlc
975 2021 1155 2101 appareat,
1177 2032 1234 2079 ve-

187 2115 263 2184 rbm
278 2130 465 2186 sanctorum
483 2121 618 2186 Petrum
629 2113 783 2208 precibus
799 2130 933 2209 peccata
949 2117 1149 2210 corrigentes
1160 2141 1236 2189 om·
1268 2105 1271 2114 ’
1344 2165 1347 2171 -

187 2223 260 2309 nia,
274 2221 486 2318 multumque
500 2223 631 2295 virtutis
646 2221 794 2293 fructum
805 2223 1016 2310 exhibentes,
1040 2249 1117 2295 curu
1128 2225 1235 2296 multa

187 2330 265 2400 hinc
281 2329 403 2400 fiducia
417 2331 614 2421 migremus,
633 2329 736 2420 gratia
745 2343 779 2399 et
789 2330 995 2422 benignitate
1010 2332 1143 2402 Domini
1158 2355 1235 2402 nos·

188 2437 231 2506 tri
246 2439 325 2506 Jesu
345 2435 484 2523 Christi,
506 2459 567 2530 per
588 2431 689 2530 quana
704 2449 830 2506 etcum
845 2459 913 2531 quo
929 2439 1018 2508 Patri
1034 2437 1149 2530 gloria,
1166 2440 1235 2509 una

187 2566 265 2614 curn
279 2558 392 2615 sancto
405 2545 541 2637 Spiritu,
558 2543 594 2613 in
605 2542 725 2614 saecula
740 2543 949 2616 sacculorum.
967 2548 1073 2618 Amen
1084 2549 1108 2615 ¹.
1126 2572 1143 2612 s
1191 2534 1192 2540 ’

233 2653 269 2720 4⁰
285 2655 400 2732 ,Quem
422 2648 566 2729 vidimus
581 2653 702 2720 eontra
727 2655 919 2719 duramenta
937 2653 1231 2739 sermocinantem,

190 2755 363 2825 audiamus
383 2755 452 2848 jdm
469 2755 585 2825 contra
607 2752 723 2824 salsam
747 2755 873 2848 peceati
890 2755 1104 2848 Voluptatem
1129 2759 1234 2829 acribs

189 2861 300 2934 adhirc
315 2883 428 2930 omnes
442 2861 565 2952 ingenii
581 2859 665 2931 vires
677 2859 884 2932 evolventem
902 2891 910 2932 ι

221 2999 238 3036 a
249 2967 393 3058 Ambos(
400 2968 520 3062 nempe
530 2970 668 3040 Virtutis
676 2981 734 3039 aut
742 2963 902 3040 Libidinis
911 2971 1235 3062 amatores)interro·
1306 2958 1324 3005 ³

188 3077 437 3170 gemns3utrius
446 3077 514 3146 vita
524 3077 715 3168 dulcior3et
724 3065 837 3146 audies
845 3075 940 3146 illum
950 3076 1084 3172 quidem
1095 3058 1235 3170 glorian·

130 3257 133 3261 ,
187 3197 254 3254 tem
264 3181 509 3258 etexultantem
518 3183 811 3277 devictoriaquam
820 3187 936 3254 contrl
944 3183 1116 3254 libidinem
1125 3208 1234 3278 tepor·

186 3289 385 3380 tavit5hunc
394 3289 671 3360 verb...imbnon
680 3289 922 3380 expectandum
931 3303 1026 3359 estut
1035 3291 1144 3362 abillo
1152 3292 1234 3384 quid

186 3397 370 3488 eliscamus
385 3425 393 3466 ε
411 3395 540 3466 videbis
562 3395 652 3464 enim
667 3393 778 3480 illum,
802 3394 929 3466 etiamsi
945 3394 981 3462 id
1000 3395 1117 3466 millies
1131 3417 1233 3488 nega·
1306 3448 1310 3453 -

186 3503 292 3589 verit,
309 3488 526 3574 miserabiliits
541 3502 642 3594 quam
657 3499 680 3568 ii
697 3501 755 3594 qui
771 3493 897 3569 suntin
909 3498 1048 3570 vinculis
1061 3501 1230 3574 affectum.

186 3614 269 3682 Nem
282 3633 395 3682 omnes
409 3611 505 3680 timet
520 3622 554 3680 et
568 3622 733 3702 suspectos
755 3607 878 3695 babet,
895 3621 930 3678 et
943 3631 1078 3680 uxorem
1094 3625 1233 3682 suamet

188 3715 347 3787 adulterae
357 3717 479 3804 virum,
496 3717 667 3812 ipsamque
680 3715 875 3802 adulteram,
891 3714 1080 3804 familiares,
1096 3719 1230 3807 amicos,
1298 3771 1300 3775 2

187 3836 363 3916 cognatos,
388 3823 544 3915 parietes,
567 3821 721 3910 umbras,
738 3845 772 3892 se
786 3825 918 3918 ipsum,
935 3837 970 3895 et
983 3815 1076 3919 quod
1092 3837 1140 3898 est
1151 3847 1230 3900 ,om-

188 3983 190 3986 -
225 3961 233 3991 ¹
247 3953 272 4002 s.
284 3950 407 4017 chrysost.
420 3949 452 4002 ad
464 3950 575 4004 antioch.
589 3950 676 4004 Homil.
690 3965 724 4016 rt,
738 3965 762 4002 n.
777 3949 805 4014 6,
821 3967 846 4016 7.
