2990 4590
323 445 366 507 οἳ
471 451 650 507 inurentes
673 457 699 506 sa
725 455 879 523 elaeon,
904 456 980 507 raus
1003 461 1046 524 11,
1070 463 1156 508 secr.
1182 465 1207 507 1.

321 557 511 633 eructaret
520 560 618 632 aliam
628 561 777 652 usurpari
787 560 1061 632 consuetudinem
1071 565 1248 648 affirmans,
1260 561 1360 634 dicit:

323 667 1365 761 rInCyproetdaesareaedappadocuminsabbatoctDominicc

318 773 373 842 die
383 775 517 866 vespere
528 785 603 866 post
612 773 822 853 lucernarum
831 770 1056 846 accensionem
1068 776 1212 868 episcopi
1226 789 1260 844 et
1271 793 1363 868 prasd

317 881 426 970 hyterl
437 903 542 950 sacras
554 880 736 973 Scripturas
752 881 877 972 populo
890 885 1221 974 exprimas-ane
1230 881 1362 952 sabbati

314 987 430 1082 utique
441 985 496 1055 die·
510 989 669 1080 tanquam
684 987 762 1056 huic
773 985 821 1056 rei
835 987 1000 1057 destlnato
1012 989 1163 1058 meminit
1172 987 1270 1056 eriam
1281 988 1362 1056 bet·-

313 1109 368 1164 tus
383 1095 586 1186 Augustinus
601 1094 647 1163 sic
662 1095 814 1188 inquiens
833 1123 842 1164 t
862 1122 879 1161 «
898 1094 1032 1186 Suscepi
1051 1095 1122 1164 haec
1136 1095 1238 1164 verba
1251 1098 1361 1187 Apus-

313 1195 383 1287 toli,
402 1203 579 1296 adjuvante
589 1203 743 1288 Domino,
758 1214 920 1294 exponere
935 1203 1096 1274 Chariten
1110 1215 1241 1273 vestras.
1256 1207 1361 1273 Vacat

312 1302 426 1397 nobis3
448 1308 610 1377 matutini
627 1309 808 1400 coepimus3
835 1309 916 1378 hora
936 1301 1067 1400 prandii
1089 1333 1158 1378 non
1181 1305 1294 1400 orgen
1316 1309 1360 1406 ad

310 1417 410 1484 istum
425 1413 526 1500 diem,
539 1404 575 1482 ld
586 1427 646 1504 est,
668 1415 855 1500 sabbatum,
874 1415 1015 1483 manime
1032 1415 1067 1484 ti
1078 1409 1219 1486 assolent
1229 1427 1359 1487 conve*
1459 1453 1460 1460 κ

310 1517 381 1590 nire
397 1519 455 1614 qui
470 1519 620 1589 esuriunt
634 1520 773 1590 verbum
786 1521 845 1589 nei
858 1525 884 1588 ².
899 1545 917 1586 s
928 1513 1116 1592 *consur
1138 1521 1238 1612 igitur
1253 1524 1359 1593 varias

310 1628 447 1723 quidem
458 1624 729 1698 fnissevariarum
739 1625 1359 1720 Eccleslarutn'consuetudines3inlsoo

311 1737 422 1804 aulem
431 1737 545 1804 omnes
560 1735 773 1819 consensisse,
791 1747 830 1803 ut
845 1732 937 1804 nulla
949 1733 1256 1825 praetermitteretur
1272 1737 1359 1808 heb*

280 1881 284 1894 ·
310 1841 464 1926 democle,
482 1841 565 1934 quln
579 1839 697 1932 saepius
710 1861 812 1909 sacrae
827 1851 1071 1931 exponerentur
1083 1837 1273 1933 Scripturae.

354 1946 413 2017 lv.
439 1947 530 2030 Quin
553 1947 653 2015 etiam
678 1945 834 2016 facillime
855 1945 1071 2016 demonstrari
1090 1962 1198 2038 posset
1221 1947 1358 2038 singulis

309 2049 488 2148 'aliquando
502 2053 616 2122 diebus
628 2065 753 2123 veteres
766 2035 877 2124 l’atres
889 2051 988 2120 luisse
999 2053 1220 2133 concionatos.
1236 2055 1358 2136 Quoti-

309 2157 364 2231 dit
380 2161 467 2248 enim
483 2159 683 2252 praedicabat
702 2160 761 2252 qui
775 2157 938 2251 populum
957 2159 1046 2227 hisce
1061 2158 1170 2228 verbis
1185 2162 1323 2250 urgebat
1345 2190 1353 2234 z

310 2287 326 2336 t
351 2269 421 2338 Etsi
432 2265 504 2335 heri
516 2277 549 2336 et
560 2267 683 2336 nudius
698 2267 813 2336 'tertius
825 2265 867 2334 de
877 2265 940 2336 hic
950 2267 1043 2336 vobis
1057 2264 1189 2336 locutus
1198 2283 1273 2336 sutn
1287 2293 1356 2340 mn·
1478 2363 1479 2367 Ἰ

306 2375 405 2464 terii,
423 2391 531 2468 neque
554 2387 667 2442 tamen
681 2360 782 2442 lrodie
798 2373 972 2458 desistam,
996 2395 1107 2466 neque
1129 2395 1219 2459 cras,
1243 2398 1356 2470 neque

304 2479 462 2574 perendie
482 2477 597 2548 eadem
612 2478 821 2570 persuadere.
840 2483 884 2548 Et
902 2477 987 2571 quid
1004 2477 1080 2548 dico
1101 2479 1275 2550 crastinam
1296 2493 1355 2552 aut

295 2589 436 2668 ¹tertiam
445 2583 551 2654 diem?
560 2586 666 2655 donec
675 2597 901 2655 voscorrectos
910 2583 1041 2653 videam
1050 2607 1119 2654 non
1131 2585 1319 2656 absistam³.
1333 2612 1351 2657 >t

303 2734 349 2750 --
364 2691 742 2785 Praedicabatquotidie',
760 2692 819 2784 qui
833 2686 876 2760 de
888 2689 1158 2782 explicandorum
1174 2691 1290 2762 ordine
1306 2694 1354 2762 sic
1474 2745 1475 2758 ,

304 2801 505 2871 ‘admonitam
520 2791 654 2891 plebem
674 2797 807 2868 volebat
833 2825 840 2866 :
867 2825 884 2863 «
899 2792 986 2867 Cum
1004 2799 1182 2890 cogitarem
1200 2797 1285 2892 quid
1298 2823 1353 2870 ,se-
1473 2839 1474 2857 t

190 2932 193 2943 ·
303 2907 452 2978 cundum
466 2901 664 2974 hilaritatem
680 2903 892 2996 praesentium
903 2903 1033 2978 dierum
1048 2925 1108 2997 per
1122 2904 1352 2976 hanchebdo-

301 3014 433 3084 madum
449 3011 620 3082 vobiscum
635 3007 865 3101 descriptoris
884 3031 1031 3099 agerem,
1049 3011 1212 3104 quantum
1233 3011 1351 3083 Doun-

301 3111 365 3190 tius
380 3119 504 3189 donare
518 3113 692 3207 dignatur,
713 3115 804 3208 quod
819 3129 926 3208 posset
939 3118 975 3185 in
994 3118 1045 3188 his
1059 3133 1187 3211 septem
1203 3118 1258 3190 vel
1271 3133 1350 3192 octo
1462 3172 1466 3182 .

300 3227 417 3298 diebus
427 3225 509 3310 ficri3
520 3223 751 3294 occurritmihi
759 3222 906 3314 Epistola
916 3222 1005 3294 beati
1016 3225 1347 3294 toannism--nu-

301 3331 432 3404 diendae
447 3321 672 3425 praedicationi
686 3327 836 3424 quotidie
851 3329 1014 3400 tacebant
1027 3331 1174 3422 quesite
1188 3327 1347 3404 leudibus

301 3441 460 3510 efferebat
475 3439 591 3508 beatus
606 3437 858 3526 chrysostomus
881 3463 889 3505 ε
909 3463 926 3502 c
943 3435 1139 3507 Benedictus
1161 3442 1269 3523 Deus,
1288 3437 1349 3530 qui

296 3531 393 3618 ‘vobis
409 3560 540 3616 tantum
556 3542 711 3614 audiendi
726 3541 909 3634 spirituales
929 3561 1094 3612 sermones
1109 3543 1279 3636 inspiravit
1293 3565 1349 3615 ar·-

300 3645 427 3727 dorem.
442 3651 729 3739 Quemadmodum
741 3649 830 3719 enim
845 3650 995 3720 homines
1014 3653 1138 3720 vincet
1151 3651 1346 3744 potionibus

335 3840 344 3866 ¹
359 3829 462 3898 Niceph.
475 3827 537 3880 nist.
555 3825 643 3878 eccles.
652 3824 697 3876 lib.
708 3841 758 3888 ιιι,
772 3839 825 3888 cap.
842 3819 882 3887 34.
902 3847 935 3857 -
951 3831 961 3857 ²
974 3825 998 3872 S.
1013 3827 1113 3889 August.
1127 3826 1204 3874 Serm.
1224 3839 1333 3888 cxxvru,

298 3932 323 3965 n.
335 3914 361 3964 6.
379 3940 411 3950 -
426 3909 436 3950 ³
455 3916 480 3965 S.
494 3913 576 3978 chrys.
590 3906 680 3966 Homil.
692 3919 718 3977 r,
733 3899 764 3960 ad
775 3907 857 3976 popu.
870 3906 1028 3959 antimus*
1038 3906 1053 3955 l
1064 3911 1090 3960 ts.
1099 3911 1203 3973 negot
1216 3907 1290 3960 Panas.
1309 3908 1345 3959 ad

298 4001 386 4065 Expos.
400 3997 477 4065 Epist.
490 3999 517 4052 B.
532 3999 602 4049 loun.
