2982 4584
254 441 356 490 creua
378 444 423 490 vi.
449 439 491 489 ns
514 441 671 488 neruoso
686 441 722 486 m
737 432 945 486 conmortuus
968 414 1136 482 luamus.
1162 413 1228 482 489

187 543 288 616 facito
302 545 387 615 circa
402 545 510 638 turpia
521 541 577 614 illa
589 543 701 613 verba.
713 545 757 610 Et
769 539 797 608 si
810 539 858 608 vis
868 537 964 607 nobis
976 537 1062 607 clare
1077 535 1229 608 demons-

136 662 153 680 ”
187 665 275 722 trare
289 666 323 722 te
337 652 559 743 congaudere
571 649 652 718 ditm
665 647 773 740 turpia
787 643 959 731 dicuntur,
977 667 1020 712 ne
1032 643 1148 714 auditu
1158 645 1229 740 qui·

166 757 264 828 dem
287 759 342 829 illa
363 758 457 829 feras.
484 755 703 839 Quandonbm
724 753 848 846 probus
874 751 926 822 vir
949 773 1016 827 esse
1039 753 1175 844 poteris,
1192 753 1229 822 in

185 865 375 960 hujusmodi
386 863 541 955 turpibus
556 859 727 930 audiendis
738 857 1144 952 enutrituslquandonam
1160 881 1229 928 cas·

171 973 285 1042 ‘titatis
301 972 436 1042 sudores
448 967 534 1039 serre
551 968 684 1061 poteris,
694 968 740 1037 sic
751 965 909 1060 paulatim
919 963 1079 1040 ‘diffluens
1095 987 1134 1034 ex
1147 965 1226 1051 risu,

107 1109 109 1118 ·
184 1080 336 1150 cantibus
359 1091 393 1148 et
407 1077 514 1148 vorbis
529 1077 716 1148 obsooenis‘l
737 1078 821 1147 Nam
836 1075 863 1145 si
878 1075 932 1145 vix
946 1073 1072 1161 anima,
1094 1097 1170 1167 quae
1185 1075 1228 1143 ab

183 1189 235 1256 his
250 1185 403 1257 omnibus
419 1209 453 1256 se
468 1207 586 1278 puram
599 1197 716 1272 servat,
730 1197 839 1277 potest
853 1205 922 1253 esse
934 1182 1071 1252 honesta
1081 1195 1115 1252 et
1126 1195 1226 1268 casta,

184 1296 309 1388 quantd
336 1291 444 1364 minias
463 1293 585 1386 poterit
601 1317 676 1387 quae
692 1294 763 1363 hacc
780 1290 894 1362 audire
908 1289 1014 1361 solet?
1031 1295 1085 1361 An
1098 1291 1228 1360 nescitis

183 1425 244 1472 nos
260 1400 303 1470 ad
316 1401 499 1494 nequitiam
517 1401 684 1494 proniores
699 1401 792 1469 esse?
807 1399 893 1470 cnm
904 1411 1015 1467 autem
1031 1398 1154 1468 haecin
1175 1421 1229 1468 ar-

95 1564 101 1586 .
184 1523 253 1578 tem
269 1523 302 1578 et
317 1532 400 1602 opus
412 1524 658 1594 convertamus,
674 1507 843 1604 quomodo
858 1507 1027 1576 fornacem
1043 1506 1134 1576 illam
1146 1508 1228 1576 effu-

154 1607 161 1628 '
185 1639 261 1708 gere
273 1618 475 1709 poterimus?
486 1621 560 1689 Non
574 1617 694 1687 audisti
709 1617 791 1710 qnid
805 1615 885 1686 dicit
897 1613 1040 1686 Paulus:
1059 1611 1228 1684 Gaudete

183 1723 222 1790 in
235 1721 881 1804 Domr'n01lnoudixit:«Indiabolo.
902 1751 918 1787 o
1222 1731 1225 1738 '

151 1873 158 1884 ·
238 1831 414 1912 »Quando
437 1832 540 1924 igitur
563 1831 678 1900 audire
705 1827 846 1900 Paulum
870 1831 1018 1922 poteris?
1041 1830 1175 1924 quandb
1191 1831 1227 1900 in

135 1963 139 1968 ·
181 1951 313 2005 sensum
328 1937 442 2028 venire
462 1952 692 2030 peccatorum,
710 1937 824 2031 quiex
843 1935 1031 2028 spectaculo
1043 1935 1101 2006 illo
1116 1936 1227 2006 ebrius
1254 1955 1258 1958 ·

181 2030 310 2135 semper
321 2047 377 2113 es‘l
393 2043 490 2127 Quod
499 2043 593 2114 'enim
608 2043 675 2114 hirc
691 2044 831 2123 veneris,
848 2065 916 2114 non
929 2043 1050 2112 mirum
1063 2066 1123 2112 nec
1138 2065 1227 2135 mag·
1272 2089 1273 2092 =

180 2173 263 2218 num
278 2165 327 2220 est
341 2184 350 2240 3
364 2153 432 2222 imb
451 2153 562 2244 potius
577 2139 699 2222 mirum
717 2167 785 2224 est:
802 2151 869 2222 hirc
885 2151 1021 2222 enimet
1036 2153 1177 2242 segniter
1193 2165 1227 2222 et

180 2254 406 2348 perfunctorie
427 2260 533 2345 venis,
559 2257 639 2328 illuc
661 2273 769 2328 autem
796 2262 918 2350 inagno
940 2257 1050 2328 studio
1068 2273 1101 2328 et
1116 2260 1226 2329 animo

152 2403 154 2408 ·
181 2364 333 2434 accurris.
357 2363 464 2456 ldque
475 2365 584 2458 palam
600 2380 648 2434 est
664 2389 703 2434 ex
718 2367 848 2458 iis-quae
864 2364 1002 2434 domum
1016 2365 1134 2451 rcl'ers,
1148 2365 1228 2436 clim

179 2467 258 2538 inde
273 2469 409 2540 recedis.
424 2475 557 2540 Etenim
568 2471 678 2542 lutum
687 2472 779 2542 vobis
794 2469 861 2541 illic
876 2470 1022 2540 infusum
1039 2495 1096 2564 per
1111 2471 1222 2559 verba,
1248 2462 1251 2466 ’

180 2577 319 2662 cantica,
331 2579 448 2664 risum,‹
459 2579 578 2669 singuli
593 2581 730 2650 domum
746 2579 917 2672 reportatis
925 2595 939 2669 ῖς
956 2579 1023 2649 imb
1038 2581 1153 2650 nonin
1169 2581 1225 2650 do·

179 2707 273 2752 mum
283 2665 433 2768 tantilla,
452 2676 559 2752 sedin
575 2701 721 2754 mentem
731 2699 873 2753 vestram
888 2686 1063 2755 inducitis:
1083 2703 1116 2756 et
1135 2688 1224 2757 abiis

180 2812 257 2881 quae
268 2789 512 2858 abominatione
527 2788 626 2881 digna
637 2813 705 2859 uon
717 2803 806 2875 sunt,
821 2791 991 2880 averteris3
1004 2791 1225 2861 abominanda
1286 2867 1288 2874 ,

180 2895 259 2964 verb
274 2917 343 2964 non
359 2893 435 2965 odio
447 2895 562 2980 habes,
577 2897 644 2966 imb
657 2895 776 2989 diligis.
790 2896 889 2967 Multi
905 2897 993 2966 certe
1009 2895 1224 2989 asepulchris
1239 2909 1246 2928 ¹

178 3000 375 3086 redeuntes,
393 3025 462 3072 sese
478 3001 641 3094 abluunt3
658 3004 838 3074 alheatris
853 3007 932 3074 verb
948 3005 1067 3075 reversi
1087 3025 1156 3074 non
1172 3019 1224 3096 ge-

119 3161 132 3178 .
177 3123 291 3196 munt,
321 3133 389 3179 non
414 3108 635 3201 lacrymarum
664 3111 773 3182 fontes
799 3106 999 3202 effundunt3
1031 3115 1224 3207 quanqnlam

177 3231 328 3286 mortuus
345 3217 471 3286 nonsit
486 3218 676 3288 immundus
699 3248 707 3290 ι
723 3233 894 3310 peccatum
910 3222 988 3290 verb
1003 3233 1130 3290 tantam
1150 3244 1223 3290 ma-

176 3323 285 3393 culam
302 3316 469 3416 aspergat,
480 3337 518 3392 ut
531 3348 573 3392 ne
589 3323 679 3393 mille
691 3325 826 3418 quidem
841 3323 990 3394 fontibus
1004 3328 1105 3418 possit
1118 3326 1220 3413 ablui,

175 3429 233 3500 sed
254 3430 329 3499 solis
343 3429 496 3519 lacrymis
517 3444 551 3498 et
565 3429 836 3500 confessionibus.
858 3431 922 3501 Sed
944 3423 1042 3502 nemo
1057 3431 1221 3502 maculam

174 3533 402 3628 hujuscemodi
417 3536 618 3619 sentit.Quia
634 3537 722 3608 enim
738 3561 775 3608 ea
787 3561 863 3631 quae
875 3539 1139 3610 timendaessent
1153 3563 1222 3610 non
1274 3531 1276 3537 Α
1306 3598 1308 3602 .

149 3643 349 3737 timemus,
376 3667 413 3712 ca
439 3668 514 3737 quae
539 3644 685 3713 timenda
708 3667 777 3714 non
800 3658 898 3730 sunt,
925 3647 1115 3717 metuimus.
1139 3649 1221 3731 Quis
1307 3683 1308 3690 κ

173 3763 285 3822 autem
294 3749 349 3819 ille
357 3741 534 3842 strepitus?
546 3752 619 3846 quis
629 3751 817 3823 tumultus?
828 3754 884 3846 qui
898 3753 1033 3823 satanici
1045 3753 1215 3842 clamores,

173 3869 206 3926 et
223 3855 380 3926 diabolici
393 3857 551 3930 habitus?
569 3859 799 3952 dliusjuvenis
814 3860 891 3932 clim
903 3861 964 3948 sit',
983 3885 1109 3932 comam
1127 3865 1218 3933 retrd

208 3997 217 4020 1
233 3983 319 4053 Philip.
331 4002 366 4050 n,
382 3984 407 4051 l,
438 3999 439 4002 ¹
