2982 4584
255 515 357 564 ctrur
380 521 425 565 vr.
444 520 485 562 nn
501 521 660 566 marono
685 521 719 564 m
743 521 953 568 concionum
974 519 1145 570 ,tnnrsrrm
1171 505 1235 570 ⁵17

188 633 238 692 tes
259 618 545 690 commendantem
565 615 731 709 vidimus3
758 618 836 690 cium
860 632 970 690 autem
991 619 1027 690 id
1045 623 1153 713 operis
1168 647 1238 694 non

188 749 328 820 parvum
351 727 472 806 habeat
495 725 689 818 adjunctum
717 725 887 814 laborem,
912 725 1119 822 debiliorquc
1134 731 1236 802 homo

189 835 376 905 efficacibus
396 829 541 922 indigeat
561 829 709 918 auxiliis,
727 833 849 926 quibus
868 832 1001 928 adjutus
1013 834 1098 904 viam
1115 835 1177 906 sibi
1193 838 1237 908 ad
1257 883 1259 887 -

188 942 355 1018 victoriam
372 950 516 1025 sternat,
534 937 619 1008 nihil
634 940 859 1033 praetermittit
879 954 1015 1012 sanctus
1032 945 1171 1030 Denter,
1196 955 1236 1014 ut
1294 933 1299 945 ⁸

186 1044 320 1118 fidelem
333 1044 476 1114 animam
488 1045 711 1138 spiritualibus
726 1047 824 1117 armis
836 1050 977 1134 muniat,
987 1071 1179 1144 sacramque
1188 1051 1239 1122 iu·
1304 1042 1311 1048 ’

186 1155 301 1248 primis
317 1152 574 1241 Eucharistiam,
592 1153 691 1242 fidei,
708 1155 778 1248 spei
797 1167 831 1224 et
855 1156 1023 1227 charitatis
1035 1158 1237 1252 principium

186 1253 568 1355 sancte-accipientibus,
585 1264 763 1357 proponit:

140 1365 147 1388 ²
234 1399 250 1438 u
270 1370 304 1442 Si
319 1370 408 1440 enim
423 1393 534 1462 regem
554 1372 628 1466 quis
644 1395 713 1442 non
727 1371 910 1467 utcumque
926 1395 988 1444 nec
1010 1373 1236 1467 perfunctorie
1323 1387 1326 1392 '

187 1478 372 1570 acceperit:
390 1477 472 1572 quid
492 1499 601 1570 regem
625 1477 726 1550 dico?
746 1501 789 1548 ne
804 1491 940 1549 vestem
954 1479 1090 1573 quidem
1111 1483 1235 1574 regiam

186 1586 260 1682 quis
276 1585 412 1679 impuris
430 1587 582 1658 manibus
597 1587 764 1679 tetigerit,
789 1585 917 1658 etiamsi
932 1587 968 1660 in
987 1586 1164 1659 solitudine
1179 1589 1233 1678 sit,
1310 1652 1312 1657 .

134 1753 138 1758 .
185 1684 313 1766 etiarnsi
334 1693 421 1764 solus
448 1707 481 1764 ct
501 1717 600 1764 nemo
623 1693 737 1767 adsit:
758 1696 852 1790 atqui
866 1695 952 1769 nihil
966 1694 1059 1766 aliud
1078 1697 1236 1768 estvestis

182 1805 283 1898 quim
298 1815 443 1872 stramen
459 1803 633 1872 vermium.
659 1801 693 1874 Si
707 1803 787 1872 verd
802 1803 982 1875 tincturam
997 1804 1145 1894 miraris,
1163 1805 1234 1898 ipsa

182 1911 318 2002 quoque
333 1911 455 1978 mortui
468 1908 563 2000 piscis
579 1909 711 2001 sanguis
723 1922 790 1999 est3
807 1932 906 1980 nemo
921 1923 1033 1980 tamen
1048 1934 1147 1982 ausus
1157 1909 1234 1982 fne-

182 2015 225 2086 rit
240 2014 331 2084 illam
353 2014 493 2086 sordidis
514 2027 721 2110 contrectare
739 2016 905 2086 manibus.
934 2017 968 2087 Si
984 2031 1096 2088 antem
1110 2019 1233 2089 huma·
1329 2081 1332 2088 .

181 2145 264 2194 num
279 2123 513 2194 vestimentum
522 2145 621 2193 nemo
635 2131 733 2194 a'usus
743 2119 844 2194 suerit
855 2124 978 2194 temere
990 2137 1137 2218 tangere,
1152 2151 1234 2223 quo-

181 2228 283 2300 modd
304 2251 424 2322 corpus
439 2229 670 2300 universorum
690 2229 749 2300 Dei
768 2231 1017 2301 immaculatum
1037 2245 1072 2300 et
1087 2255 1230 2326 purum,

181 2333 372 2430 quodcum
389 2317 572 2407 divinante
590 2335 708 2405 naturl
722 2349 888 2406 versatum
901 2350 951 2406 est
961 2359 1054 2430 ,per
1069 2337 1162 2432 quod
1175 2363 1233 2409 su·
1277 2375 1280 2380 ·

162 2466 255 2513 mus
270 2455 304 2512 et
330 2443 492 2529 vivimus,
510 2465 569 2536 per
582 2440 674 2537 quod
690 2455 796 2536 portae
811 2443 928 2514 mortis
950 2443 1064 2514 l'ractae
1083 2459 1180 2533 sunt,
1198 2461 1232 2518 ct

180 2549 322 2621 fornices
337 2549 415 2620 coeli
434 2549 539 2643 aperti
555 2563 652 2638 sunt,
667 2572 745 2620 curn
761 2551 853 2620 tantd
870 2551 1070 2624 contumelia
1088 2553 1230 2648 accipie-

181 2657 279 2745 mus?
293 2659 342 2726 Ne
368 2677 502 2747 quaeso,
522 2679 565 2722 ne
586 2656 748 2746 nosipsos
762 2656 953 2746 jugulemus
971 2683 1032 2751 per
1051 2661 1231 2756 impuden-
1341 2727 1344 2736 .

181 2761 261 2850 tiam
272 2791 282 2851 3
292 2760 351 2831 sed
366 2783 444 2830 cum
454 2761 591 2831 horrore
606 2773 640 2831 et
653 2761 797 2852 puritate
812 2763 904 2832 omni
919 2764 962 2835 ad
972 2765 1081 2857 ipsum
1097 2767 1230 2840 acceda-

181 2891 272 2955 mus,
298 2867 425 2942 etcum
441 2864 561 2962 'ipsum
579 2868 698 2940 videris
717 2869 947 2964 propositum,
976 2871 1039 2942 tibi
1062 2873 1125 2968 ipsi
1144 2877 1226 2948 dic:

182 2981 321 3069 Propter
339 2977 405 3048 hoc
420 2999 540 3070 corpus
555 2999 624 3048 non
643 2999 718 3047 sum
739 2998 800 3068 ego
816 2977 957 3072 ampliirs
973 2992 1059 3052 terra
1074 2995 1108 3051 et
1123 2982 1227 3072 cinis,
1307 3040 1310 3048 .

180 3106 249 3154 non
262 3081 350 3153 ultra
365 3083 533 3178 captivus,
560 3081 618 3154 sed
639 3082 736 3154 liber.
762 3082 843 3178 lded
859 3084 962 3160 coelos
976 3110 1071 3182 spero
1090 3103 1124 3162 et
1139 3091 1228 3174 bona
1285 3175 1288 3184 ¹

180 3189 248 3261 illic
271 3191 413 3282 reposita
435 3215 488 3260 me
509 3201 723 3284 accepturum
744 3215 836 3280 esse,
862 3193 1082 3290 immortalem
1102 3199 1226 3290 vitam,

105 3293 106 3296 ’
181 3297 374 3388 angelornm
389 3312 530 3383 sortem,
544 3323 620 3367 cum
632 3299 765 3370 Christo
779 3301 1065 3373 consuetudinem.
1074 3310 1146 3376 Hoc
1154 3330 1229 3378 cor·

181 3425 243 3496 pus
264 3404 363 3476 clavis
384 3403 567 3488 confixum,
581 3403 689 3493 flagris
703 3425 842 3492 caesum,
860 3429 948 3483 mors
963 3393 1136 3482 non'tulit.
1156 3417 1227 3484 Hoc

161 3534 301 3603 corpus
314 3510 364 3582 sol
378 3510 456 3581 cium
484 3511 678 3582 crucifixum
697 3511 843 3600 videret,
864 3515 973 3586 radios
989 3519 1117 3588 avertit.
1147 3521 1228 3592 lded
1326 3533 1330 3538 “

155 3653 156 3656 “
182 3633 263 3689 tunc
278 3619 541 3714 velum'scissum
558 3632 627 3707 est,
654 3633 758 3712 petrae
780 3633 888 3714 ruptae
909 3635 1008 3710 sunt,
1027 3637 1061 3694 ct
1075 3626 1228 3697 universa

181 3737 269 3795 terra
283 3725 545 3814 concutiebatur.
563 3729 635 3796 Hoc
650 3739 698 3796 est
713 3725 799 3797 illud
815 3750 954 3821 corpus,
971 3729 1064 3824 quod
1078 3746 1228 3804 cruenta·
1293 3796 1296 3808 ,

181 3845 255 3903 tum
271 3809 357 3918 fuit,
371 3831 485 3903 lancea
500 3831 701 3926 perfossum,
719 3831 812 3927 quod
825 3833 985 3906 salutares
996 3835 1104 3908 fontes
1119 3852 1229 3910 scatu

28 3963 35 3976 ·
92 3986 95 3996 ·
181 3937 258 4007 rivit
273 3937 365 4026 orbi,
383 3937 484 4010 alium
499 3941 679 4036 sanguinis,
694 3939 797 4012 alium
811 3966 918 4038 aquae.
935 3943 992 4014 Vis
1009 3943 1186 4016 aliunde
1157 3968 1258 4041 epus

182 4046 251 4117 vim
266 4044 427 4118 discere
396 4061 583 4141 ,interroga
594 4046 770 4126 mulierem
775 4051 949 4145 sanguinis
962 4050 1058 4124 lluxu
1072 4050 1230 4126 laborari·
