2996 4598
290 435 331 493 82
443 445 622 492 unnnorncl
645 445 671 490 s.
696 441 846 506 struunt,
873 439 949 491 taus
972 449 1016 509 rr,
1040 445 1125 492 sucu.
1151 449 1175 489 1.

287 546 375 617 blico
392 559 532 616 statutus
548 561 619 632 est,
643 561 682 616 ut
705 548 764 639 qui
785 548 820 615 in
839 569 878 617 eo
892 548 1093 632 consistunt,
1112 546 1154 614 ab
1174 546 1327 615 omnibus

287 655 560 745 videripossint¹3
579 651 1254 747 Trc'bunalverb,qubd‚quemadmodum
1269 653 1328 720 tri·

288 757 403 829 bunal
423 760 514 836 locus
535 773 604 828 erat
627 759 771 828 excelsus
799 784 838 830 ex
861 754 929 854 quo
950 762 1003 852 jus
1028 759 1181 827 tribubus
1206 757 1328 827 redde-

285 867 399 952 batur,
423 869 467 936 ita
487 867 683 935 concionum
704 865 796 936 locus
815 868 850 936 in
872 867 1005 936 sublimi
1027 867 1150 960 positus
1171 879 1271 952 essct,
1289 880 1328 936 ut

282 972 486 1042 commodius
518 997 556 1041 ex
586 996 625 1043 eo
654 973 840 1064 evangelica
863 975 915 1042 lex
945 973 1070 1066 populo
1095 971 1280 1041 traderetur
1298 978 1324 1040 ².

282 1077 404 1150 Ambo
437 1078 605 1172 denique,
634 1080 728 1172 quasi
755 1103 933 1164 ascensus,
965 1103 1023 1148 seu
1046 1077 1138 1147 locus
1168 1075 1276 1147 editus
1308 1079 1328 1147 lr

282 1187 385 1282 gerbo
400 1193 532 1271 alumno,
546 1186 610 1254 hoc
632 1171 694 1254 est*
705 1184 886 1273 ascende,
905 1184 997 1280 qubd
1010 1183 1165 1277 gradibus
1186 1183 1229 1253 ad
1248 1204 1328 1254 eum

285 1293 526 1361 ascenderetur.
784 1308 793 1315 ”

307 1411 308 1414 ’
327 1401 368 1467 V.
395 1401 496 1469 Porrb
514 1397 606 1468 locus
628 1397 684 1468 ille
704 1398 821 1491 saepiirs
844 1399 1028 1468 habebatur
1042 1400 1128 1468 inter
1142 1397 1235 1468 chori
1251 1421 1327 1467 can·

282 1503 392 1589 cellos,
408 1507 466 1600 qui
478 1507 579 1597 vulgb
590 1507 688 1575 etiarn
700 1504 1094 1576 nunc‘tribunoenornine
1104 1505 1323 1598 appellantur,

234 1674 236 1676 ,
282 1613 425 1705 quiahlc
451 1615 614 1705 pontificis
640 1614 753 1683 aderat
780 1613 871 1682 sedes
897 1638 954 1682 seu
981 1613 1146 1698 tribunal,
1172 1614 1323 1698 honest,

281 1719 471 1812 episcopalis
479 1713 646 1806 cathedra,
664 1745 703 1790 ex
715 1721 930 1814 queverbum
944 1719 1093 1789 divinum
1108 1718 1254 1790 audienti
1270 1743 1326 1811 po·

281 1825 361 1917 pulo
376 1828 548 1919 promebat
563 1841 683 1896 orator.
695 1831 766 1896 Hoc
776 1827 851 1894 satis
861 1827 971 1918 aperte
984 1826 1186 1912 demonstrat
1194 1839 1326 1894 sanctus

281 1933 455 2024 Gregorius
473 1933 711 2011 Nazianzenus;
737 1933 814 2002 clun
837 1932 878 2000 de
900 1931 965 2001 suis
984 1953 1084 2023 agens
1095 1931 1322 2016 concionibus,

279 2038 441 2110 cancellos
459 2041 544 2130 ipsos
566 2041 608 2108 ab
626 2038 815 2108 auditorum
831 2061 864 2107 se
887 2039 1005 2108 mutub
1026 2037 1268 2130 impellentium
1287 2059 1325 2106 ac

279 2145 546 2238 protrudentium
571 2145 785 2214 multitudine
810 2146 877 2215 vim
902 2169 1011 2239 passos
1041 2139 1323 2234 commemorem

278 2261 312 2321 et
332 2251 448 2322 beatus
470 2252 645 2344 Gregorius
665 2257 847 2342 Nysscnus,
874 2254 933 2347 qui
956 2254 1117 2346 populum
1141 2253 1255 2322 scribit
1279 2253 1324 2322 ob

279 2360 384 2428 acrius
399 2360 556 2428 sermonis
579 2359 734 2429 audiendi
750 2358 946 2432 desiderium
962 2361 997 2429 in
1012 2362 1189 2453 ipsummet
1208 2364 1324 2430 Sacra·

280 2465 366 2533 rium
379 2467 563 2556 penetrasse
578 2490 616 2535 ac
631 2466 819 2556 irrupisse4.

324 2572 410 2640 lllnc
429 2573 516 2663 saepe
532 2595 571 2642 ex
585 2571 759 2663 episcopali
775 2571 947 2656 cathedra,
966 2574 1051 2666 saepe
1068 2572 1231 2642 exaltaris
1247 2595 1324 2664 gra·

279 2676 377 2746 dibus
392 2678 493 2746 verba
510 2676 671 2746 faciebant
685 2678 789 2746 sancti
805 2678 974 2765 Prassules,
993 2675 1197 2772 ut‘pluribus
1212 2681 1324 2750 certis·

278 2805 345 2880 que
359 2785 550 2854 testimoniis
562 2786 808 2877 comprobatur.
902 2817 904 2824 ·
1232 2777 1234 2784 ⁴

321 2890 1324 2986 Etcertequidoliurlquarnepiscopalemsedcmindicsrepou

278 3014 356 3069 sunt
371 2999 503 3069 nomina
516 2998 572 3066 illa
584 2998 627 3066 ab
639 2998 792 3066 omnibus
807 2999 926 3066 sanctis
939 2999 1089 3067 Patribus
1099 2997 1173 3068 data
1186 3019 1323 3090 sugges-

278 3107 553 3192 rutundorum
569 3105 611 3174 ad
623 3105 781 3197 populum
794 3105 972 3191 habebant,
987 3129 1087 3199 quem
1100 3109 1325 3175 sanctusGre·

280 3213 390 3305 gorius
405 3212 626 3302 Nazianzenus
641 3209 831 3280 sublimem
848 3207 1032 3300 turonum,
1047 3215 1222 3303 Gregorius
1241 3217 1324 3301 Nys-

280 3314 377 3391 scnus
391 3317 578 3391 sublimem
598 3319 796 3413 speculum,
816 3321 1067 3409 Chrysostomus
1091 3317 1320 3405 cathedram,

280 3428 478 3498 Prudentius
490 3424 640 3495 sublime
657 3424 828 3512 tribunal,
841 3429 1044 3518 Augustinus
1059 3423 1248 3495 sublimem
1265 3450 1323 3495 se·

280 3532 381 3620 dens,
398 3532 619 3623 Chrysologus
638 3531 760 3603 sedem
770 3531 1048 3620 sacerdotalem,
1062 3557 1131 3603 uno
1141 3533 1324 3625 codemque

279 3655 442 3716 concentu
457 3640 638 3734 appellant,
656 3654 695 3710 ut
709 3664 749 3710 ex
766 3639 860 3710 dictis
874 3641 950 3712 satis
965 3628 1175 3712 manifestum
1191 3639 1325 3710 evadit?

316 3827 323 3854 ¹
338 3813 482 3868 Walasridus
497 3814 579 3867 strab.
592 3813 624 3866 de
637 3814 698 3866 neb.
713 3815 805 3866 Eccles.
820 3831 875 3881 cap.
884 3831 918 3866 vr.
932 3841 964 3852 -
982 3815 1088 3867 'Jacob
1103 3815 1193 3867 Pamel.
1208 3815 1322 3882 adcypr.

279 3900 356 3966 Epist.
372 3915 453 3950 xxrrv.
467 3895 548 3952 -³S.
557 3902 628 3965 Greg.
642 3897 754 3950 Nazianz.
771 3901 839 3952 Orat.
852 3913 912 3965 xm,
923 3894 966 3951 26.
977 3923 1009 3936 -
1022 3897 1035 3948 l
1046 3901 1070 3950 S.
1085 3903 1156 3967 Greg.
1171 3901 1239 3966 Nyas.
1250 3903 1322 3952 Orat.

279 3984 310 4036 de
319 3985 344 4036 S.
357 3982 475 4057 baptism.
