<?xml version="1.0" encoding="UTF-8"?>
<!DOCTYPE html PUBLIC "-//W3C//DTD XHTML 1.0 Transitional//EN"
    "http://www.w3.org/TR/xhtml1/DTD/xhtml1-transitional.dtd">
<html xmlns="http://www.w3.org/1999/xhtml" xml:lang="en" lang="en">
 <head>
  <title>
</title>
<meta http-equiv="Content-Type" content="text/html;charset=utf-8" />
  <meta name='ocr-system' content='tesseract 3.04.00' />
  <meta name='ocr-capabilities' content='ocr_page ocr_carea ocr_par ocr_line ocrx_word'/>
</head>
<body>
  <div class='ocr_page' id='page_1' title='image "./rhetoricasancto00cailgoog_0179.png"; bbox 0 0 2992 4590; ppageno 0'>
   <div class='ocr_carea' id='block_1_1' title="bbox 241 351 1178 460">
    <p class='ocr_par' dir='ltr' id='par_1_1' title="bbox 241 351 1178 460">
     <span class='ocr_line' id='line_1_1' title="bbox 241 351 1178 460; baseline 0.002 -26"><span class='ocrx_word' id='word_1_1' title='bbox 241 357 253 414; x_wconf 64' lang='grc' dir='ltr'>ἕ</span> <span class='ocrx_word' id='word_1_2' title='bbox 295 372 358 434; x_wconf 84' lang='grc'><strong>176</strong></span> <span class='ocrx_word' id='word_1_3' title='bbox 380 351 384 359; x_wconf 42' lang='grc'>’</span> <span class='ocrx_word' id='word_1_4' title='bbox 440 386 669 458; x_wconf 70' lang='lat' dir='ltr'><strong>uuuronmas.</strong></span> <span class='ocrx_word' id='word_1_5' title='bbox 695 386 848 460; x_wconf 67' lang='lat' dir='ltr'><strong>atreum,</strong></span> <span class='ocrx_word' id='word_1_6' title='bbox 873 389 950 438; x_wconf 77' lang='lat' dir='ltr'><strong>alas</strong></span> <span class='ocrx_word' id='word_1_7' title='bbox 972 395 1020 455; x_wconf 90' lang='lat'><strong>11,</strong></span> <span class='ocrx_word' id='word_1_8' title='bbox 1044 394 1129 438; x_wconf 80' lang='lat' dir='ltr'><strong>suen.</strong></span> <span class='ocrx_word' id='word_1_9' title='bbox 1154 397 1178 438; x_wconf 92' lang='lat'><strong>1.</strong></span> 
     </span>
    </p>
   </div>
   <div class='ocr_carea' id='block_1_2' title="bbox 186 487 1403 3694">
    <p class='ocr_par' dir='ltr' id='par_1_2' title="bbox 291 487 1334 587">
     <span class='ocr_line' id='line_1_2' title="bbox 291 487 1334 587; baseline 0.007 -30"><span class='ocrx_word' id='word_1_10' title='bbox 291 513 367 580; x_wconf 88' lang='lat' dir='ltr'><strong>quae</strong></span> <span class='ocrx_word' id='word_1_11' title='bbox 390 487 444 560; x_wconf 90' lang='lat' dir='ltr'><strong>de·</strong></span> <span class='ocrx_word' id='word_1_12' title='bbox 457 490 631 570; x_wconf 89' lang='lat' dir='ltr'><strong>Salomone</strong></span> <span class='ocrx_word' id='word_1_13' title='bbox 655 503 856 586; x_wconf 90' lang='lat' dir='ltr'><strong>sequuntur,</strong></span> <span class='ocrx_word' id='word_1_14' title='bbox 872 492 1008 563; x_wconf 67' lang='lat' dir='ltr'><strong>&#39;silentio</strong></span> <span class='ocrx_word' id='word_1_15' title='bbox 1034 493 1234 587; x_wconf 74' lang='lat' dir='ltr'><strong>preterib03</strong></span> <span class='ocrx_word' id='word_1_16' title='bbox 1257 507 1334 564; x_wconf 91' lang='lat' dir='ltr'><strong>sunt</strong></span> 
     </span>
    </p>

    <p class='ocr_par' dir='ltr' id='par_1_3' title="bbox 216 581 1333 796">
     <span class='ocr_line' id='line_1_3' title="bbox 216 581 1333 694; baseline 0.005 -28"><span class='ocrx_word' id='word_1_17' title='bbox 216 609 221 614; x_wconf 87' lang='grc'><em>“</em></span> <span class='ocrx_word' id='word_1_18' title='bbox 290 581 403 666; x_wconf 83' lang='lat' dir='ltr'><strong>autem</strong></span> <span class='ocrx_word' id='word_1_19' title='bbox 426 618 464 667; x_wconf 88' lang='lat' dir='ltr'><strong>ea</strong></span> <span class='ocrx_word' id='word_1_20' title='bbox 493 598 620 668; x_wconf 88' lang='lat' dir='ltr'><strong>cunctis</strong></span> <span class='ocrx_word' id='word_1_21' title='bbox 645 599 819 690; x_wconf 88' lang='lat' dir='ltr'><strong>conspicua</strong></span> <span class='ocrx_word' id='word_1_22' title='bbox 853 611 887 668; x_wconf 90' lang='lat' dir='ltr'><strong>et</strong></span> <span class='ocrx_word' id='word_1_23' title='bbox 906 599 1093 694; x_wconf 88' lang='lat' dir='ltr'><strong>explorata,</strong></span> <span class='ocrx_word' id='word_1_24' title='bbox 1120 599 1248 672; x_wconf 88' lang='lat' dir='ltr'><strong>etiarnsi</strong></span> <span class='ocrx_word' id='word_1_25' title='bbox 1275 623 1333 672; x_wconf 90' lang='lat' dir='ltr'><strong>nos</strong></span> 
     </span>
     <span class='ocr_line' id='line_1_4' title="bbox 289 695 1117 796; baseline 0.007 -24"><span class='ocrx_word' id='word_1_26' title='bbox 289 701 398 773; x_wconf 90' lang='lat' dir='ltr'><strong>dicere</strong></span> <span class='ocrx_word' id='word_1_27' title='bbox 413 703 693 796; x_wconf 89' lang='lat' dir='ltr'><strong>supersedeamus.</strong></span> <span class='ocrx_word' id='word_1_28' title='bbox 1113 695 1117 699; x_wconf 53' lang='grc'><strong>’</strong></span> 
     </span>
    </p>

    <p class='ocr_par' dir='ltr' id='par_1_4' title="bbox 335 809 1338 908">
     <span class='ocr_line' id='line_1_5' title="bbox 335 809 1338 908; baseline 0.01 -32"><span class='ocrx_word' id='word_1_29' title='bbox 335 837 351 876; x_wconf 78' lang='grc' dir='ltr'><strong>ιι</strong></span> <span class='ocrx_word' id='word_1_30' title='bbox 376 809 458 882; x_wconf 86' lang='lat' dir='ltr'><strong>Eliee</strong></span> <span class='ocrx_word' id='word_1_31' title='bbox 479 811 639 906; x_wconf 88' lang='lat' dir='ltr'><strong>loquendi</strong></span> <span class='ocrx_word' id='word_1_32' title='bbox 659 812 862 901; x_wconf 88' lang='lat' dir='ltr'><strong>libertatem,</strong></span> <span class='ocrx_word' id='word_1_33' title='bbox 880 837 982 908; x_wconf 89' lang='lat' dir='ltr'><strong>quam</strong></span> <span class='ocrx_word' id='word_1_34' title='bbox 1001 812 1155 885; x_wconf 78' lang='lat' dir='ltr'><strong>adversas</strong></span> <span class='ocrx_word' id='word_1_35' title='bbox 1176 814 1338 906; x_wconf 76' lang='lat' dir='ltr'><strong>tyrannos</strong></span> 
     </span>
    </p>

    <p class='ocr_par' dir='ltr' id='par_1_5' title="bbox 288 917 1330 1016">
     <span class='ocr_line' id='line_1_6' title="bbox 288 917 1330 1016; baseline 0.006 -28"><span class='ocrx_word' id='word_1_36' title='bbox 288 917 457 1005; x_wconf 80' lang='lat' dir='ltr'>adhibuit,</span> <span class='ocrx_word' id='word_1_37' title='bbox 481 919 648 1013; x_wconf 86' lang='lat' dir='ltr'><strong>ipsiusque</strong></span> <span class='ocrx_word' id='word_1_38' title='bbox 668 943 727 1012; x_wconf 89' lang='lat' dir='ltr'><strong>per</strong></span> <span class='ocrx_word' id='word_1_39' title='bbox 745 921 855 1012; x_wconf 84' lang='lat' dir='ltr'><strong>ignem</strong></span> <span class='ocrx_word' id='word_1_40' title='bbox 877 936 1008 1016; x_wconf 89' lang='lat' dir='ltr'><strong>raptum</strong></span> <span class='ocrx_word' id='word_1_41' title='bbox 1031 919 1192 992; x_wconf 81' lang='lat' dir='ltr'><strong>laudas1P</strong></span> <span class='ocrx_word' id='word_1_42' title='bbox 1218 921 1330 996; x_wconf 89' lang='lat' dir='ltr'><strong>laudas</strong></span> 
     </span>
    </p>

    <p class='ocr_par' dir='ltr' id='par_1_6' title="bbox 287 1024 1403 1118">
     <span class='ocr_line' id='line_1_7' title="bbox 287 1024 1403 1118; baseline -0.001 -25"><span class='ocrx_word' id='word_1_43' title='bbox 287 1024 386 1094; x_wconf 89' lang='lat' dir='ltr'><strong>etiam</strong></span> <span class='ocrx_word' id='word_1_44' title='bbox 407 1024 581 1118; x_wconf 84' lang='lat' dir='ltr'><strong>pulchram</strong></span> <span class='ocrx_word' id='word_1_45' title='bbox 597 1025 696 1094; x_wconf 90' lang='lat' dir='ltr'><strong>Elisei</strong></span> <span class='ocrx_word' id='word_1_46' title='bbox 712 1027 955 1114; x_wconf 88' lang='lat' dir='ltr'><strong>haereditatem,</strong></span> <span class='ocrx_word' id='word_1_47' title='bbox 974 1027 1065 1097; x_wconf 89' lang='lat' dir='ltr'><strong>illam</strong></span> <span class='ocrx_word' id='word_1_48' title='bbox 1081 1027 1238 1098; x_wconf 79' lang='lat' dir='ltr'><strong>nimirum</strong></span> <span class='ocrx_word' id='word_1_49' title='bbox 1260 1052 1330 1098; x_wconf 90' lang='lat' dir='ltr'><strong>me·</strong></span> <span class='ocrx_word' id='word_1_50' title='bbox 1400 1086 1403 1092; x_wconf 90' lang='lat'><strong>.</strong></span> 
     </span>
    </p>

    <p class='ocr_par' dir='ltr' id='par_1_7' title="bbox 285 1128 1331 1230">
     <span class='ocr_line' id='line_1_8' title="bbox 285 1128 1331 1230; baseline 0.005 -31"><span class='ocrx_word' id='word_1_51' title='bbox 285 1128 404 1218; x_wconf 91' lang='lat' dir='ltr'><strong>lotem,</strong></span> <span class='ocrx_word' id='word_1_52' title='bbox 420 1155 521 1225; x_wconf 91' lang='lat' dir='ltr'><strong>quam</strong></span> <span class='ocrx_word' id='word_1_53' title='bbox 537 1133 618 1201; x_wconf 88' lang='lat' dir='ltr'><strong>Eliae</strong></span> <span class='ocrx_word' id='word_1_54' title='bbox 633 1133 765 1226; x_wconf 87' lang='lat' dir='ltr'><strong>spiritus</strong></span> <span class='ocrx_word' id='word_1_55' title='bbox 784 1136 958 1204; x_wconf 85' lang='lat' dir='ltr'><strong>comitatus</strong></span> <span class='ocrx_word' id='word_1_56' title='bbox 974 1138 1062 1210; x_wconf 76' lang='lat' dir='ltr'><strong>est²i</strong></span> <span class='ocrx_word' id='word_1_57' title='bbox 1078 1137 1186 1229; x_wconf 85' lang='lat' dir='ltr'><strong>Hujus</strong></span> <span class='ocrx_word' id='word_1_58' title='bbox 1198 1137 1331 1230; x_wconf 74' lang='lat' dir='ltr'><strong>quoque</strong></span> 
     </span>
    </p>

    <p class='ocr_par' dir='ltr' id='par_1_8' title="bbox 285 1235 1330 1330">
     <span class='ocr_line' id='line_1_9' title="bbox 285 1235 1330 1330; baseline 0.004 -22"><span class='ocrx_word' id='word_1_59' title='bbox 285 1235 387 1308; x_wconf 87' lang='lat' dir='ltr'><strong>vitam</strong></span> <span class='ocrx_word' id='word_1_60' title='bbox 402 1235 523 1324; x_wconf 89' lang='lat' dir='ltr'><strong>lauda,</strong></span> <span class='ocrx_word' id='word_1_61' title='bbox 540 1238 576 1307; x_wconf 90' lang='lat' dir='ltr'><strong>in</strong></span> <span class='ocrx_word' id='word_1_62' title='bbox 590 1238 668 1330; x_wconf 90' lang='lat' dir='ltr'><strong>igne</strong></span> <span class='ocrx_word' id='word_1_63' title='bbox 683 1238 888 1328; x_wconf 86' lang='lat' dir='ltr'><strong>traductam,</strong></span> <span class='ocrx_word' id='word_1_64' title='bbox 906 1240 941 1310; x_wconf 92' lang='lat' dir='ltr'><strong>id</strong></span> <span class='ocrx_word' id='word_1_65' title='bbox 964 1255 1033 1329; x_wconf 88' lang='lat' dir='ltr'><strong>est,</strong></span> <span class='ocrx_word' id='word_1_66' title='bbox 1052 1242 1088 1311; x_wconf 89' lang='lat' dir='ltr'><strong>in</strong></span> <span class='ocrx_word' id='word_1_67' title='bbox 1109 1243 1330 1312; x_wconf 88' lang='lat' dir='ltr'><strong>tentationum</strong></span> 
     </span>
    </p>

    <p class='ocr_par' dir='ltr' id='par_1_9' title="bbox 276 1345 1330 1444">
     <span class='ocr_line' id='line_1_10' title="bbox 276 1345 1330 1444; baseline 0.006 -32"><span class='ocrx_word' id='word_1_68' title='bbox 276 1345 436 1436; x_wconf 82' lang='lat' dir='ltr'><strong>agmine,</strong></span> <span class='ocrx_word' id='word_1_69' title='bbox 454 1369 492 1414; x_wconf 88' lang='lat' dir='ltr'><strong>ac</strong></span> <span class='ocrx_word' id='word_1_70' title='bbox 503 1345 642 1416; x_wconf 89' lang='lat' dir='ltr'><strong>salutem</strong></span> <span class='ocrx_word' id='word_1_71' title='bbox 654 1370 718 1440; x_wconf 77' lang='lat' dir='ltr'><strong>per</strong></span> <span class='ocrx_word' id='word_1_72' title='bbox 734 1349 845 1439; x_wconf 87' lang='lat' dir='ltr'><strong>ignem</strong></span> <span class='ocrx_word' id='word_1_73' title='bbox 867 1363 1013 1442; x_wconf 89' lang='lat' dir='ltr'><strong>partam,</strong></span> <span class='ocrx_word' id='word_1_74' title='bbox 1028 1364 1180 1420; x_wconf 86' lang='lat' dir='ltr'><strong>urentem</strong></span> <span class='ocrx_word' id='word_1_75' title='bbox 1195 1349 1330 1444; x_wconf 90' lang='lat' dir='ltr'><strong>quidem</strong></span> 
     </span>
    </p>

    <p class='ocr_par' dir='ltr' id='par_1_10' title="bbox 284 1446 1327 1550">
     <span class='ocr_line' id='line_1_11' title="bbox 284 1446 1327 1550; baseline 0.007 -31"><span class='ocrx_word' id='word_1_76' title='bbox 284 1448 401 1538; x_wconf 92' lang='lat' dir='ltr'><strong>illurn,</strong></span> <span class='ocrx_word' id='word_1_77' title='bbox 420 1450 478 1521; x_wconf 90' lang='lat' dir='ltr'><strong>sed</strong></span> <span class='ocrx_word' id='word_1_78' title='bbox 494 1476 563 1522; x_wconf 92' lang='lat' dir='ltr'><strong>non</strong></span> <span class='ocrx_word' id='word_1_79' title='bbox 577 1448 807 1546; x_wconf 82' lang='lat' dir='ltr'><strong>perurentem,</strong></span> <span class='ocrx_word' id='word_1_80' title='bbox 826 1455 919 1550; x_wconf 93' lang='lat' dir='ltr'><strong>quod</strong></span> <span class='ocrx_word' id='word_1_81' title='bbox 932 1469 981 1526; x_wconf 89' lang='lat' dir='ltr'><strong>est</strong></span> <span class='ocrx_word' id='word_1_82' title='bbox 991 1457 1074 1526; x_wconf 85' lang='lat' dir='ltr'><strong>¹rubi</strong></span> <span class='ocrx_word' id='word_1_83' title='bbox 1090 1446 1288 1526; x_wconf 85' lang='lat' dir='ltr'><strong>miraculum</strong></span> <span class='ocrx_word' id='word_1_84' title='bbox 1303 1458 1327 1542; x_wconf 83' lang='lat'><strong>³,</strong></span> 
     </span>
    </p>

    <p class='ocr_par' dir='ltr' id='par_1_11' title="bbox 283 1559 1329 1661">
     <span class='ocr_line' id='line_1_12' title="bbox 283 1559 1329 1661; baseline 0.006 -31"><span class='ocrx_word' id='word_1_85' title='bbox 283 1560 538 1656; x_wconf 69' lang='lat' dir='ltr'><strong>sublimitasque</strong></span> <span class='ocrx_word' id='word_1_86' title='bbox 560 1562 607 1635; x_wconf 88' lang='lat' dir='ltr'><strong>illi</strong></span> <span class='ocrx_word' id='word_1_87' title='bbox 626 1587 813 1634; x_wconf 85' lang='lat' dir='ltr'><strong>concessam</strong></span> <span class='ocrx_word' id='word_1_88' title='bbox 828 1564 969 1661; x_wconf 86' lang='lat' dir='ltr'><strong>pellem,</strong></span> <span class='ocrx_word' id='word_1_89' title='bbox 988 1559 1144 1634; x_wconf 77' lang='lat' dir='ltr'><strong>nimirum</strong></span> <span class='ocrx_word' id='word_1_90' title='bbox 1158 1566 1329 1657; x_wconf 82' lang='lat' dir='ltr'><strong>virginita-</strong></span> 
     </span>
    </p>

    <p class='ocr_par' dir='ltr' id='par_1_12' title="bbox 283 1666 1329 1770">
     <span class='ocr_line' id='line_1_13' title="bbox 283 1666 1329 1770; baseline 0.006 -34"><span class='ocrx_word' id='word_1_91' title='bbox 283 1681 362 1736; x_wconf 88' lang='lat' dir='ltr'><strong>tem.</strong></span> <span class='ocrx_word' id='word_1_92' title='bbox 388 1669 486 1739; x_wconf 88' lang='lat' dir='ltr'><strong>Mitto</strong></span> <span class='ocrx_word' id='word_1_93' title='bbox 509 1693 583 1738; x_wconf 88' lang='lat' dir='ltr'><strong>rore</strong></span> <span class='ocrx_word' id='word_1_94' title='bbox 605 1666 754 1764; x_wconf 86' lang='lat' dir='ltr'><strong>perfusos</strong></span> <span class='ocrx_word' id='word_1_95' title='bbox 782 1673 818 1740; x_wconf 91' lang='lat' dir='ltr'><strong>in</strong></span> <span class='ocrx_word' id='word_1_96' title='bbox 842 1671 982 1742; x_wconf 87' lang='lat' dir='ltr'><strong>flammis</strong></span> <span class='ocrx_word' id='word_1_97' title='bbox 1004 1671 1272 1770; x_wconf 50' lang='lat' dir='ltr'><strong>adolescentesf,</strong></span> <span class='ocrx_word' id='word_1_98' title='bbox 1296 1687 1329 1742; x_wconf 92' lang='lat' dir='ltr'><strong>et</strong></span> 
     </span>
    </p>

    <p class='ocr_par' dir='ltr' id='par_1_13' title="bbox 250 1773 1327 1874">
     <span class='ocr_line' id='line_1_14' title="bbox 250 1773 1327 1874; baseline 0.006 -30"><span class='ocrx_word' id='word_1_99' title='bbox 250 1793 252 1796; x_wconf 84' lang='grc'><strong><em>·</em></strong></span> <span class='ocrx_word' id='word_1_100' title='bbox 282 1773 461 1868; x_wconf 85' lang='lat' dir='ltr'><strong>fugitivum</strong></span> <span class='ocrx_word' id='word_1_101' title='bbox 471 1779 683 1870; x_wconf 91' lang='lat' dir='ltr'><strong>Prophetam‚</strong></span> <span class='ocrx_word' id='word_1_102' title='bbox 701 1779 735 1848; x_wconf 93' lang='lat' dir='ltr'><strong>in</strong></span> <span class='ocrx_word' id='word_1_103' title='bbox 752 1793 867 1850; x_wconf 88' lang='lat' dir='ltr'><strong>ventre</strong></span> <span class='ocrx_word' id='word_1_104' title='bbox 880 1781 943 1850; x_wconf 89' lang='lat' dir='ltr'><strong>ceti</strong></span> <span class='ocrx_word' id='word_1_105' title='bbox 959 1795 1165 1873; x_wconf 90' lang='lat' dir='ltr'><strong>precantem,</strong></span> <span class='ocrx_word' id='word_1_106' title='bbox 1178 1794 1278 1874; x_wconf 90' lang='lat' dir='ltr'><strong>atque</strong></span> <span class='ocrx_word' id='word_1_107' title='bbox 1290 1805 1327 1850; x_wconf 84' lang='lat' dir='ltr'><strong>ex</strong></span> 
     </span>
    </p>

    <p class='ocr_par' dir='ltr' id='par_1_14' title="bbox 281 1883 1326 1981">
     <span class='ocr_line' id='line_1_15' title="bbox 281 1883 1326 1981; baseline 0.002 -27"><span class='ocrx_word' id='word_1_108' title='bbox 281 1883 396 1955; x_wconf 85' lang='lat' dir='ltr'><strong>bestiae</strong></span> <span class='ocrx_word' id='word_1_109' title='bbox 408 1885 595 1979; x_wconf 87' lang='lat' dir='ltr'><strong>praecordiis</strong></span> <span class='ocrx_word' id='word_1_110' title='bbox 611 1887 704 1980; x_wconf 85' lang='lat' dir='ltr'><strong>quasi</strong></span> <span class='ocrx_word' id='word_1_111' title='bbox 719 1889 737 1955; x_wconf 82' lang='grc' dir='ltr'>ὸ</span> <span class='ocrx_word' id='word_1_112' title='bbox 753 1887 910 1974; x_wconf 87' lang='lat' dir='ltr'><strong>thalamo,</strong></span> <span class='ocrx_word' id='word_1_113' title='bbox 925 1887 1144 1981; x_wconf 90' lang='lat' dir='ltr'><strong>prodeuntem</strong></span> <span class='ocrx_word' id='word_1_114' title='bbox 1158 1890 1187 1977; x_wconf 77' lang='lat'><strong>⁵3</strong></span> <span class='ocrx_word' id='word_1_115' title='bbox 1205 1901 1239 1956; x_wconf 91' lang='lat' dir='ltr'><strong>et</strong></span> <span class='ocrx_word' id='word_1_116' title='bbox 1250 1892 1326 1957; x_wconf 87' lang='lat' dir='ltr'><strong>Jus-</strong></span> 
     </span>
    </p>

    <p class='ocr_par' dir='ltr' id='par_1_15' title="bbox 201 1991 1326 2080">
     <span class='ocr_line' id='line_1_16' title="bbox 201 1991 1326 2080; baseline 0.004 -19"><span class='ocrx_word' id='word_1_117' title='bbox 201 2032 204 2037; x_wconf 95' lang='lat'>·</span> <span class='ocrx_word' id='word_1_118' title='bbox 282 2005 354 2062; x_wconf 87' lang='lat' dir='ltr'><strong>tum</strong></span> <span class='ocrx_word' id='word_1_119' title='bbox 369 1991 481 2080; x_wconf 88' lang='lat' dir='ltr'><strong>illum,</strong></span> <span class='ocrx_word' id='word_1_120' title='bbox 499 1993 635 2063; x_wconf 90' lang='lat' dir='ltr'><strong>leonum</strong></span> <span class='ocrx_word' id='word_1_121' title='bbox 654 1993 800 2064; x_wconf 87' lang='lat' dir='ltr'><strong>furorem</strong></span> <span class='ocrx_word' id='word_1_122' title='bbox 820 1997 855 2064; x_wconf 93' lang='lat' dir='ltr'><strong>in</strong></span> <span class='ocrx_word' id='word_1_123' title='bbox 872 1995 948 2064; x_wconf 88' lang='lat' dir='ltr'><strong>lacu</strong></span> <span class='ocrx_word' id='word_1_124' title='bbox 963 1995 1161 2066; x_wconf 89' lang='lat' dir='ltr'><strong>vincientem</strong></span> <span class='ocrx_word' id='word_1_125' title='bbox 1177 1997 1202 2062; x_wconf 83' lang='lat'><strong>⁶.</strong></span> <span class='ocrx_word' id='word_1_126' title='bbox 1228 1996 1326 2066; x_wconf 87' lang='lat' dir='ltr'><strong>Mitto</strong></span> 
     </span>
    </p>

    <p class='ocr_par' dir='ltr' id='par_1_16' title="bbox 280 2090 1326 2195">
     <span class='ocr_line' id='line_1_17' title="bbox 280 2100 1326 2195; baseline 0.002 -27"><span class='ocrx_word' id='word_1_127' title='bbox 280 2114 405 2192; x_wconf 89' lang='lat' dir='ltr'><strong>septem</strong></span> <span class='ocrx_word' id='word_1_128' title='bbox 421 2100 688 2190; x_wconf 86' lang='lat' dir='ltr'><strong>Machaheeorum</strong></span> <span class='ocrx_word' id='word_1_129' title='bbox 708 2101 967 2188; x_wconf 89' lang='lat' dir='ltr'><strong>dimicationem,</strong></span> <span class='ocrx_word' id='word_1_130' title='bbox 991 2103 1142 2195; x_wconf 92' lang='lat' dir='ltr'><strong>quicum</strong></span> <span class='ocrx_word' id='word_1_131' title='bbox 1159 2103 1326 2171; x_wconf 87' lang='lat' dir='ltr'><strong>sacerdote</strong></span> 
     </span>
    </p>

    <p class='ocr_par' dir='ltr' id='par_1_17' title="bbox 186 2206 1326 2302">
     <span class='ocr_line' id='line_1_18' title="bbox 186 2206 1326 2302; baseline 0.004 -28"><span class='ocrx_word' id='word_1_132' title='bbox 186 2277 188 2284; x_wconf 53' lang='lat'><strong>.</strong></span> <span class='ocrx_word' id='word_1_133' title='bbox 280 2219 314 2275; x_wconf 91' lang='lat' dir='ltr'><strong>et</strong></span> <span class='ocrx_word' id='word_1_134' title='bbox 326 2219 431 2275; x_wconf 90' lang='lat' dir='ltr'><strong>matre</strong></span> <span class='ocrx_word' id='word_1_135' title='bbox 448 2206 484 2275; x_wconf 93' lang='lat' dir='ltr'><strong>in</strong></span> <span class='ocrx_word' id='word_1_136' title='bbox 499 2209 668 2298; x_wconf 90' lang='lat' dir='ltr'><strong>sanguine,</strong></span> <span class='ocrx_word' id='word_1_137' title='bbox 687 2222 786 2302; x_wconf 92' lang='lat' dir='ltr'><strong>atque</strong></span> <span class='ocrx_word' id='word_1_138' title='bbox 802 2209 908 2278; x_wconf 92' lang='lat' dir='ltr'><strong>omnis</strong></span> <span class='ocrx_word' id='word_1_139' title='bbox 925 2209 1051 2301; x_wconf 91' lang='lat' dir='ltr'><strong>generis</strong></span> <span class='ocrx_word' id='word_1_140' title='bbox 1066 2209 1238 2278; x_wconf 89' lang='lat' dir='ltr'><strong>tormentis</strong></span> <span class='ocrx_word' id='word_1_141' title='bbox 1251 2233 1326 2279; x_wconf 92' lang='lat' dir='ltr'><strong>con·</strong></span> 
     </span>
    </p>

    <p class='ocr_par' dir='ltr' id='par_1_18' title="bbox 278 2313 1325 2516">
     <span class='ocr_line' id='line_1_19' title="bbox 278 2313 1325 2408; baseline 0.004 -26"><span class='ocrx_word' id='word_1_142' title='bbox 278 2313 434 2383; x_wconf 89' lang='lat' dir='ltr'><strong>summati</strong></span> <span class='ocrx_word' id='word_1_143' title='bbox 449 2329 527 2384; x_wconf 90' lang='lat' dir='ltr'><strong>sunt</strong></span> <span class='ocrx_word' id='word_1_144' title='bbox 544 2317 569 2401; x_wconf 87' lang='lat'><strong>⁷,</strong></span> <span class='ocrx_word' id='word_1_145' title='bbox 582 2337 725 2408; x_wconf 90' lang='lat' dir='ltr'><strong>quorum</strong></span> <span class='ocrx_word' id='word_1_146' title='bbox 744 2313 801 2385; x_wconf 90' lang='lat' dir='ltr'><strong>ille</strong></span> <span class='ocrx_word' id='word_1_147' title='bbox 816 2314 1024 2386; x_wconf 87' lang='lat' dir='ltr'><strong>tolerantiam</strong></span> <span class='ocrx_word' id='word_1_148' title='bbox 1039 2314 1229 2402; x_wconf 88' lang='lat' dir='ltr'><strong>aemulatus,</strong></span> <span class='ocrx_word' id='word_1_149' title='bbox 1255 2316 1325 2408; x_wconf 92' lang='lat' dir='ltr'><strong>glo-</strong></span> 
     </span>
     <span class='ocr_line' id='line_1_20' title="bbox 278 2421 1088 2516; baseline 0.006 -27"><span class='ocrx_word' id='word_1_150' title='bbox 278 2421 362 2490; x_wconf 90' lang='lat' dir='ltr'><strong>riam</strong></span> <span class='ocrx_word' id='word_1_151' title='bbox 377 2423 512 2516; x_wconf 73' lang='lat' dir='ltr'><strong>quoque</strong></span> <span class='ocrx_word' id='word_1_152' title='bbox 528 2421 652 2492; x_wconf 88' lang='lat' dir='ltr'><strong>retulit.</strong></span> <span class='ocrx_word' id='word_1_153' title='bbox 1084 2421 1088 2430; x_wconf 85' lang='grc'><strong>’</strong></span> 
     </span>
    </p>

    <p class='ocr_par' dir='ltr' id='par_1_19' title="bbox 220 2518 1324 2944">
     <span class='ocr_line' id='line_1_21' title="bbox 220 2518 1324 2623; baseline 0.006 -30"><span class='ocrx_word' id='word_1_154' title='bbox 220 2518 223 2524; x_wconf 61' lang='grc'>’</span> <span class='ocrx_word' id='word_1_155' title='bbox 323 2557 349 2594; x_wconf 77' lang='grc' dir='ltr'><strong>ιι·</strong></span> <span class='ocrx_word' id='word_1_156' title='bbox 368 2532 509 2598; x_wconf 84' lang='lat' dir='ltr'><strong>Transeo</strong></span> <span class='ocrx_word' id='word_1_157' title='bbox 520 2530 588 2622; x_wconf 79' lang='lat' dir='ltr'><strong>jam</strong></span> <span class='ocrx_word' id='word_1_158' title='bbox 605 2528 647 2598; x_wconf 90' lang='lat' dir='ltr'><strong>ad</strong></span> <span class='ocrx_word' id='word_1_159' title='bbox 662 2532 794 2600; x_wconf 90' lang='lat' dir='ltr'><strong>Novum</strong></span> <span class='ocrx_word' id='word_1_160' title='bbox 810 2533 1068 2616; x_wconf 85' lang='lat' dir='ltr'><strong>Testamentum,</strong></span> <span class='ocrx_word' id='word_1_161' title='bbox 1083 2553 1121 2600; x_wconf 93' lang='lat' dir='ltr'><strong>ac</strong></span> <span class='ocrx_word' id='word_1_162' title='bbox 1132 2528 1183 2617; x_wconf 92' lang='lat' dir='ltr'><strong>iis,</strong></span> <span class='ocrx_word' id='word_1_163' title='bbox 1201 2528 1260 2623; x_wconf 91' lang='lat' dir='ltr'><strong>qui</strong></span> <span class='ocrx_word' id='word_1_164' title='bbox 1270 2531 1324 2600; x_wconf 84' lang='lat' dir='ltr'><strong>hte</strong></span> 
     </span>
     <span class='ocr_line' id='line_1_22' title="bbox 276 2634 1320 2731; baseline 0 -25"><span class='ocrx_word' id='word_1_165' title='bbox 276 2635 375 2706; x_wconf 90' lang='lat' dir='ltr'><strong>laude</strong></span> <span class='ocrx_word' id='word_1_166' title='bbox 397 2650 496 2731; x_wconf 92' lang='lat' dir='ltr'><strong>atque</strong></span> <span class='ocrx_word' id='word_1_167' title='bbox 518 2635 621 2728; x_wconf 74' lang='lat' dir='ltr'><strong>gloria</strong></span> <span class='ocrx_word' id='word_1_168' title='bbox 639 2636 824 2707; x_wconf 80' lang='lat' dir='ltr'><strong>floruerunt</strong></span> <span class='ocrx_word' id='word_1_169' title='bbox 844 2639 878 2724; x_wconf 81' lang='lat'><strong>⁸,</strong></span> <span class='ocrx_word' id='word_1_170' title='bbox 895 2637 996 2730; x_wconf 91' lang='lat' dir='ltr'><strong>ipsius</strong></span> <span class='ocrx_word' id='word_1_171' title='bbox 1016 2637 1118 2709; x_wconf 88' lang='lat' dir='ltr'><strong>vitam</strong></span> <span class='ocrx_word' id='word_1_172' title='bbox 1133 2634 1320 2724; x_wconf 88' lang='lat' dir='ltr'><strong>conferens,</strong></span> 
     </span>
     <span class='ocr_line' id='line_1_23' title="bbox 276 2736 1323 2837; baseline -0.003 -22"><span class='ocrx_word' id='word_1_173' title='bbox 276 2768 316 2815; x_wconf 89' lang='lat' dir='ltr'><strong>cx</strong></span> <span class='ocrx_word' id='word_1_174' title='bbox 338 2744 500 2836; x_wconf 83' lang='lat' dir='ltr'><strong>magistris</strong></span> <span class='ocrx_word' id='word_1_175' title='bbox 526 2741 726 2836; x_wconf 88' lang='lat' dir='ltr'><strong>discipulum</strong></span> <span class='ocrx_word' id='word_1_176' title='bbox 750 2736 887 2818; x_wconf 84' lang='lat' dir='ltr'><strong>ornabo.</strong></span> <span class='ocrx_word' id='word_1_177' title='bbox 916 2743 997 2826; x_wconf 84' lang='lat' dir='ltr'><strong>Quis</strong></span> <span class='ocrx_word' id='word_1_178' title='bbox 1019 2767 1202 2837; x_wconf 87' lang='lat' dir='ltr'><strong>praecursor</strong></span> <span class='ocrx_word' id='word_1_179' title='bbox 1226 2747 1323 2813; x_wconf 76' lang='lat' dir='ltr'><strong>lesu?</strong></span> 
     </span>
     <span class='ocr_line' id='line_1_24' title="bbox 275 2842 1322 2944; baseline -0.001 -24"><span class='ocrx_word' id='word_1_180' title='bbox 275 2853 440 2944; x_wconf 83' lang='lat' dir='ltr'><strong>loannes,</strong></span> <span class='ocrx_word' id='word_1_181' title='bbox 458 2864 497 2920; x_wconf 91' lang='lat' dir='ltr'><strong>ut</strong></span> <span class='ocrx_word' id='word_1_182' title='bbox 511 2873 575 2920; x_wconf 88' lang='lat' dir='ltr'><strong>vox</strong></span> <span class='ocrx_word' id='word_1_183' title='bbox 589 2850 707 2936; x_wconf 85' lang='lat' dir='ltr'><strong>Verbi,</strong></span> <span class='ocrx_word' id='word_1_184' title='bbox 725 2863 759 2919; x_wconf 94' lang='lat' dir='ltr'><strong>et</strong></span> <span class='ocrx_word' id='word_1_185' title='bbox 773 2867 808 2919; x_wconf 90' lang='lat' dir='ltr'><strong>ut</strong></span> <span class='ocrx_word' id='word_1_186' title='bbox 823 2847 957 2919; x_wconf 91' lang='lat' dir='ltr'><strong>lucerna</strong></span> <span class='ocrx_word' id='word_1_187' title='bbox 969 2847 1123 2937; x_wconf 92' lang='lat' dir='ltr'><strong>luminis,</strong></span> <span class='ocrx_word' id='word_1_188' title='bbox 1134 2842 1196 2944; x_wconf 90' lang='lat' dir='ltr'><strong>qui</strong></span> <span class='ocrx_word' id='word_1_189' title='bbox 1211 2853 1322 2920; x_wconf 81' lang='lat' dir='ltr'><strong>coram</strong></span> 
     </span>
    </p>

    <p class='ocr_par' dir='ltr' id='par_1_20' title="bbox 194 2955 1322 3158">
     <span class='ocr_line' id='line_1_25' title="bbox 240 2955 1322 3051; baseline -0.002 -23"><span class='ocrx_word' id='word_1_190' title='bbox 240 2985 242 2988; x_wconf 68' lang='grc'>’</span> <span class='ocrx_word' id='word_1_191' title='bbox 274 2959 346 3050; x_wconf 90' lang='lat' dir='ltr'><strong>ipso</strong></span> <span class='ocrx_word' id='word_1_192' title='bbox 361 2973 395 3028; x_wconf 89' lang='lat' dir='ltr'><strong>et</strong></span> <span class='ocrx_word' id='word_1_193' title='bbox 406 2958 441 3027; x_wconf 90' lang='lat' dir='ltr'><strong>in</strong></span> <span class='ocrx_word' id='word_1_194' title='bbox 456 2971 571 3028; x_wconf 86' lang='lat' dir='ltr'><strong>ventre</strong></span> <span class='ocrx_word' id='word_1_195' title='bbox 583 2955 700 3042; x_wconf 86' lang='lat' dir='ltr'><strong>exiliit,</strong></span> <span class='ocrx_word' id='word_1_196' title='bbox 715 2971 748 3026; x_wconf 88' lang='lat' dir='ltr'><strong>et</strong></span> <span class='ocrx_word' id='word_1_197' title='bbox 760 2955 802 3025; x_wconf 91' lang='lat' dir='ltr'><strong>ad</strong></span> <span class='ocrx_word' id='word_1_198' title='bbox 816 2955 937 3027; x_wconf 86' lang='lat' dir='ltr'><strong>inferos</strong></span> <span class='ocrx_word' id='word_1_199' title='bbox 952 2980 1012 3051; x_wconf 91' lang='lat' dir='ltr'><strong>per</strong></span> <span class='ocrx_word' id='word_1_200' title='bbox 1025 2956 1164 3028; x_wconf 87' lang='lat' dir='ltr'><strong>Herodis</strong></span> <span class='ocrx_word' id='word_1_201' title='bbox 1173 2959 1322 3028; x_wconf 87' lang='lat' dir='ltr'><strong>furorem</strong></span> 
     </span>
     <span class='ocr_line' id='line_1_26' title="bbox 194 3050 1319 3158; baseline 0 -24"><span class='ocrx_word' id='word_1_202' title='bbox 194 3118 199 3122; x_wconf 81' lang='grc'>-</span> <span class='ocrx_word' id='word_1_203' title='bbox 274 3065 482 3134; x_wconf 89' lang='lat' dir='ltr'><strong>transmissus</strong></span> <span class='ocrx_word' id='word_1_204' title='bbox 497 3050 562 3150; x_wconf 84' lang='lat' dir='ltr'><strong>est,</strong></span> <span class='ocrx_word' id='word_1_205' title='bbox 580 3077 619 3132; x_wconf 93' lang='lat' dir='ltr'><strong>ut</strong></span> <span class='ocrx_word' id='word_1_206' title='bbox 633 3062 701 3132; x_wconf 89' lang='lat' dir='ltr'><strong>illic</strong></span> <span class='ocrx_word' id='word_1_207' title='bbox 716 3064 850 3156; x_wconf 73' lang='lat' dir='ltr'><strong>quoque</strong></span> <span class='ocrx_word' id='word_1_208' title='bbox 866 3087 941 3134; x_wconf 88' lang='lat' dir='ltr'><strong>mox</strong></span> <span class='ocrx_word' id='word_1_209' title='bbox 961 3078 1139 3142; x_wconf 80' lang='lat' dir='ltr'><strong>venturum</strong></span> <span class='ocrx_word' id='word_1_210' title='bbox 1159 3066 1319 3158; x_wconf 87' lang='lat' dir='ltr'><strong>praedica-</strong></span> 
     </span>
    </p>

    <p class='ocr_par' dir='ltr' id='par_1_21' title="bbox 230 3166 1373 3372">
     <span class='ocr_line' id='line_1_27' title="bbox 230 3166 1320 3266; baseline 0.001 -26"><span class='ocrx_word' id='word_1_211' title='bbox 230 3257 236 3266; x_wconf 18' lang='lat'><em>*</em></span> <span class='ocrx_word' id='word_1_212' title='bbox 273 3184 335 3240; x_wconf 88' lang='lat' dir='ltr'><strong>ret.</strong></span> <span class='ocrx_word' id='word_1_213' title='bbox 357 3169 455 3252; x_wconf 79' lang='lat' dir='ltr'><strong>Quod</strong></span> <span class='ocrx_word' id='word_1_214' title='bbox 471 3169 565 3238; x_wconf 92' lang='lat' dir='ltr'><strong>sicui</strong></span> <span class='ocrx_word' id='word_1_215' title='bbox 583 3166 739 3238; x_wconf 88' lang='lat' dir='ltr'><strong>audacior</strong></span> <span class='ocrx_word' id='word_1_216' title='bbox 754 3171 837 3238; x_wconf 74' lang='lat' dir='ltr'><strong>forte</strong></span> <span class='ocrx_word' id='word_1_217' title='bbox 853 3170 1003 3242; x_wconf 91' lang='lat' dir='ltr'><strong>videatur</strong></span> <span class='ocrx_word' id='word_1_218' title='bbox 1017 3172 1078 3242; x_wconf 75' lang='lat' dir='ltr'><strong>hic‘</strong></span> <span class='ocrx_word' id='word_1_219' title='bbox 1092 3195 1217 3259; x_wconf 90' lang='lat' dir='ltr'><strong>sermo,</strong></span> <span class='ocrx_word' id='word_1_220' title='bbox 1235 3170 1320 3241; x_wconf 85' lang='lat' dir='ltr'><strong>illud</strong></span> 
     </span>
     <span class='ocr_line' id='line_1_28' title="bbox 272 3271 1373 3372; baseline 0.001 -25"><span class='ocrx_word' id='word_1_221' title='bbox 272 3277 363 3372; x_wconf 83' lang='lat' dir='ltr'><strong>prids</strong></span> <span class='ocrx_word' id='word_1_222' title='bbox 379 3271 515 3370; x_wconf 81' lang='lat' dir='ltr'><strong>cogitet,</strong></span> <span class='ocrx_word' id='word_1_223' title='bbox 529 3298 583 3345; x_wconf 91' lang='lat' dir='ltr'><strong>me</strong></span> <span class='ocrx_word' id='word_1_224' title='bbox 594 3273 631 3343; x_wconf 92' lang='lat' dir='ltr'><strong>in</strong></span> <span class='ocrx_word' id='word_1_225' title='bbox 639 3275 701 3344; x_wconf 80' lang='lat' dir='ltr'><strong>hac</strong></span> <span class='ocrx_word' id='word_1_226' title='bbox 713 3278 957 3368; x_wconf 87' lang='lat' dir='ltr'><strong>comparatione</strong></span> <span class='ocrx_word' id='word_1_227' title='bbox 972 3303 1041 3348; x_wconf 92' lang='lat' dir='ltr'><strong>non</strong></span> <span class='ocrx_word' id='word_1_228' title='bbox 1050 3278 1087 3348; x_wconf 94' lang='lat' dir='ltr'><strong>id</strong></span> <span class='ocrx_word' id='word_1_229' title='bbox 1098 3303 1206 3371; x_wconf 88' lang='lat' dir='ltr'><strong>agere,</strong></span> <span class='ocrx_word' id='word_1_230' title='bbox 1220 3293 1260 3348; x_wconf 89' lang='lat' dir='ltr'><strong>ut</strong></span> <span class='ocrx_word' id='word_1_231' title='bbox 1274 3279 1316 3365; x_wconf 82' lang='lat' dir='ltr'><strong>ei,</strong></span> <span class='ocrx_word' id='word_1_232' title='bbox 1368 3288 1373 3296; x_wconf 78' lang='lat'><em>&#39;</em></span> 
     </span>
    </p>

    <p class='ocr_par' dir='ltr' id='par_1_22' title="bbox 211 3380 1358 3694">
     <span class='ocr_line' id='line_1_29' title="bbox 211 3380 1319 3480; baseline -0.001 -24"><span class='ocrx_word' id='word_1_233' title='bbox 211 3409 212 3412; x_wconf 69' lang='grc'>’</span> <span class='ocrx_word' id='word_1_234' title='bbox 271 3385 330 3480; x_wconf 93' lang='lat' dir='ltr'><strong>qui</strong></span> <span class='ocrx_word' id='word_1_235' title='bbox 345 3386 431 3455; x_wconf 91' lang='lat' dir='ltr'><strong>inter</strong></span> <span class='ocrx_word' id='word_1_236' title='bbox 446 3396 540 3454; x_wconf 91' lang='lat' dir='ltr'><strong>natos</strong></span> <span class='ocrx_word' id='word_1_237' title='bbox 554 3380 731 3450; x_wconf 90' lang='lat' dir='ltr'><strong>mulierum</strong></span> <span class='ocrx_word' id='word_1_238' title='bbox 747 3405 861 3452; x_wconf 90' lang='lat' dir='ltr'><strong>omnes</strong></span> <span class='ocrx_word' id='word_1_239' title='bbox 879 3387 1056 3480; x_wconf 86' lang='lat' dir='ltr'><strong>superavit,</strong></span> <span class='ocrx_word' id='word_1_240' title='bbox 1071 3385 1243 3473; x_wconf 83' lang='lat' dir='ltr'><strong>Basiliam,</strong></span> <span class='ocrx_word' id='word_1_241' title='bbox 1265 3384 1319 3455; x_wconf 90' lang='lat' dir='ltr'><strong>vel</strong></span> 
     </span>
     <span class='ocr_line' id='line_1_30' title="bbox 272 3485 1358 3592; baseline 0 -30"><span class='ocrx_word' id='word_1_242' title='bbox 272 3501 488 3586; x_wconf 88' lang='lat' dir='ltr'><strong>anteponam,</strong></span> <span class='ocrx_word' id='word_1_243' title='bbox 506 3488 560 3562; x_wconf 87' lang='lat' dir='ltr'><strong>vel</strong></span> <span class='ocrx_word' id='word_1_244' title='bbox 573 3513 758 3584; x_wconf 76' lang='lat' dir='ltr'><strong>exaquem3</strong></span> <span class='ocrx_word' id='word_1_245' title='bbox 776 3489 834 3560; x_wconf 88' lang='lat' dir='ltr'><strong>sed</strong></span> <span class='ocrx_word' id='word_1_246' title='bbox 845 3485 895 3578; x_wconf 87' lang='lat' dir='ltr'><strong>ut,</strong></span> <span class='ocrx_word' id='word_1_247' title='bbox 914 3516 990 3562; x_wconf 88' lang='lat' dir='ltr'><strong>eum</strong></span> <span class='ocrx_word' id='word_1_248' title='bbox 1006 3493 1105 3586; x_wconf 90' lang='lat' dir='ltr'><strong>ipsius</strong></span> <span class='ocrx_word' id='word_1_249' title='bbox 1117 3487 1321 3592; x_wconf 79' lang='lat' dir='ltr'><strong>imitatorem</strong></span> <span class='ocrx_word' id='word_1_250' title='bbox 1350 3510 1358 3516; x_wconf 69' lang='grc'><strong>“</strong></span> 
     </span>
     <span class='ocr_line' id='line_1_31' title="bbox 267 3595 1316 3694; baseline 0.002 -26"><span class='ocrx_word' id='word_1_251' title='bbox 267 3599 389 3687; x_wconf 71' lang='lat' dir='ltr'><strong>fuisse,</strong></span> <span class='ocrx_word' id='word_1_252' title='bbox 412 3615 512 3694; x_wconf 91' lang='lat' dir='ltr'><strong>atque</strong></span> <span class='ocrx_word' id='word_1_253' title='bbox 528 3622 568 3667; x_wconf 87' lang='lat' dir='ltr'><strong>ex</strong></span> <span class='ocrx_word' id='word_1_254' title='bbox 591 3599 661 3691; x_wconf 86' lang='lat' dir='ltr'><strong>ejus</strong></span> <span class='ocrx_word' id='word_1_255' title='bbox 675 3595 781 3666; x_wconf 73' lang='lat' dir='ltr'><strong>forma</strong></span> <span class='ocrx_word' id='word_1_256' title='bbox 796 3611 830 3668; x_wconf 90' lang='lat' dir='ltr'><strong>et</strong></span> <span class='ocrx_word' id='word_1_257' title='bbox 851 3599 1036 3669; x_wconf 86' lang='lat' dir='ltr'><strong>charactere</strong></span> <span class='ocrx_word' id='word_1_258' title='bbox 1051 3596 1203 3672; x_wconf 89' lang='lat' dir='ltr'><strong>nonnihil</strong></span> <span class='ocrx_word' id='word_1_259' title='bbox 1221 3601 1257 3670; x_wconf 91' lang='lat' dir='ltr'><strong>in</strong></span> <span class='ocrx_word' id='word_1_260' title='bbox 1281 3623 1316 3670; x_wconf 90' lang='lat' dir='ltr'><strong>se</strong></span> 
     </span>
    </p>
   </div>
   <div class='ocr_carea' id='block_1_3' title="bbox 267 3743 1312 4006">
    <p class='ocr_par' dir='ltr' id='par_1_23' title="bbox 267 3743 1312 4006">
     <span class='ocr_line' id='line_1_32' title="bbox 305 3743 1312 3839; baseline 0.004 -20"><span class='ocrx_word' id='word_1_261' title='bbox 305 3779 313 3806; x_wconf 89' lang='lat'>¹</span> <span class='ocrx_word' id='word_1_262' title='bbox 328 3768 344 3834; x_wconf 75' lang='grc'>4</span> <span class='ocrx_word' id='word_1_263' title='bbox 357 3773 414 3836; x_wconf 83' lang='lat' dir='ltr'><strong>Reg.</strong></span> <span class='ocrx_word' id='word_1_264' title='bbox 431 3787 450 3835; x_wconf 90' lang='lat'><strong>1,</strong></span> <span class='ocrx_word' id='word_1_265' title='bbox 467 3787 476 3820; x_wconf 92' lang='lat'>1</span> <span class='ocrx_word' id='word_1_266' title='bbox 493 3779 519 3821; x_wconf 90' lang='lat' dir='ltr'><strong>et</strong></span> <span class='ocrx_word' id='word_1_267' title='bbox 531 3786 598 3837; x_wconf 82' lang='lat' dir='ltr'><strong>seqq.</strong></span> <span class='ocrx_word' id='word_1_268' title='bbox 610 3793 642 3805; x_wconf 92' lang='lat'>-</span> <span class='ocrx_word' id='word_1_269' title='bbox 657 3743 714 3821; x_wconf 74' lang='lat' dir='ltr'><strong>²1d.</strong></span> <span class='ocrx_word' id='word_1_270' title='bbox 729 3784 756 3837; x_wconf 89' lang='grc' dir='ltr'><strong>ιι,</strong></span> <span class='ocrx_word' id='word_1_271' title='bbox 772 3787 788 3837; x_wconf 84' lang='lat'>9</span> <span class='ocrx_word' id='word_1_272' title='bbox 803 3777 903 3838; x_wconf 86' lang='lat' dir='ltr'><strong>etseqq.</strong></span> <span class='ocrx_word' id='word_1_273' title='bbox 920 3796 953 3808; x_wconf 90' lang='lat'><em>-</em></span> <span class='ocrx_word' id='word_1_274' title='bbox 968 3768 1065 3824; x_wconf 80' lang='lat' dir='ltr'><strong>³ttxod.</strong></span> <span class='ocrx_word' id='word_1_275' title='bbox 1081 3790 1118 3839; x_wconf 92' lang='grc' dir='ltr'>ιιι,</span> <span class='ocrx_word' id='word_1_276' title='bbox 1132 3787 1157 3824; x_wconf 80' lang='lat' dir='ltr'><strong>a.</strong></span> <span class='ocrx_word' id='word_1_277' title='bbox 1172 3800 1203 3812; x_wconf 97' lang='lat'>-</span> <span class='ocrx_word' id='word_1_278' title='bbox 1218 3771 1232 3822; x_wconf 69' lang='lat' dir='ltr'><strong>l</strong></span> <span class='ocrx_word' id='word_1_279' title='bbox 1249 3778 1312 3825; x_wconf 86' lang='lat' dir='ltr'><strong>Dan.</strong></span> 
     </span>
     <span class='ocr_line' id='line_1_33' title="bbox 268 3851 1311 3936; baseline 0.005 -32"><span class='ocrx_word' id='word_1_280' title='bbox 268 3870 305 3919; x_wconf 87' lang='grc' dir='ltr'>ιιι,</span> <span class='ocrx_word' id='word_1_281' title='bbox 324 3853 338 3903; x_wconf 88' lang='grc'><strong>5</strong></span> <span class='ocrx_word' id='word_1_282' title='bbox 353 3861 454 3921; x_wconf 89' lang='lat' dir='ltr'><strong>etseqq.</strong></span> <span class='ocrx_word' id='word_1_283' title='bbox 466 3879 498 3893; x_wconf 87' lang='lat'><strong>-··</strong></span> <span class='ocrx_word' id='word_1_284' title='bbox 511 3851 600 3904; x_wconf 84' lang='lat' dir='ltr'><strong>⁵Joan.</strong></span> <span class='ocrx_word' id='word_1_285' title='bbox 612 3871 639 3917; x_wconf 90' lang='lat' dir='ltr'><strong>u,</strong></span> <span class='ocrx_word' id='word_1_286' title='bbox 654 3871 665 3904; x_wconf 90' lang='lat'>1</span> <span class='ocrx_word' id='word_1_287' title='bbox 681 3860 820 3922; x_wconf 86' lang='lat' dir='ltr'><strong>etseqq.·</strong></span> <span class='ocrx_word' id='word_1_288' title='bbox 834 3851 846 3892; x_wconf 77' lang='lat'><strong>⁶</strong></span> <span class='ocrx_word' id='word_1_289' title='bbox 858 3859 918 3907; x_wconf 87' lang='lat' dir='ltr'><strong>Dan.</strong></span> <span class='ocrx_word' id='word_1_290' title='bbox 933 3872 987 3923; x_wconf 84' lang='lat' dir='ltr'><strong>rur,</strong></span> <span class='ocrx_word' id='word_1_291' title='bbox 1002 3857 1035 3909; x_wconf 85' lang='lat'><strong>28</strong></span> <span class='ocrx_word' id='word_1_292' title='bbox 1046 3863 1072 3936; x_wconf 81' lang='lat' dir='ltr'><strong>et</strong></span> <span class='ocrx_word' id='word_1_293' title='bbox 1085 3873 1152 3926; x_wconf 87' lang='lat' dir='ltr'><strong>seqq.</strong></span> <span class='ocrx_word' id='word_1_294' title='bbox 1166 3885 1198 3896; x_wconf 88' lang='lat'>-</span> <span class='ocrx_word' id='word_1_295' title='bbox 1211 3858 1311 3914; x_wconf 73' lang='lat' dir='ltr'><strong>attach.</strong></span> 
     </span>
     <span class='ocr_line' id='line_1_34' title="bbox 267 3936 706 4006; baseline 0.005 -18"><span class='ocrx_word' id='word_1_296' title='bbox 267 3956 310 4006; x_wconf 85' lang='lat' dir='ltr'><strong>vu,</strong></span> <span class='ocrx_word' id='word_1_297' title='bbox 329 3955 352 4006; x_wconf 89' lang='grc' dir='ltr'>ι,</span> <span class='ocrx_word' id='word_1_298' title='bbox 364 3944 390 3990; x_wconf 88' lang='lat' dir='ltr'><strong>et</strong></span> <span class='ocrx_word' id='word_1_299' title='bbox 405 3937 472 4006; x_wconf 86' lang='lat' dir='ltr'><strong>seqq.</strong></span> <span class='ocrx_word' id='word_1_300' title='bbox 487 3965 516 3975; x_wconf 94' lang='lat'><em>-</em></span> <span class='ocrx_word' id='word_1_301' title='bbox 532 3936 615 3992; x_wconf 78' lang='lat' dir='ltr'><strong>⁸Luc.</strong></span> <span class='ocrx_word' id='word_1_302' title='bbox 632 3955 669 4006; x_wconf 87' lang='grc' dir='ltr'>ιιι,</span> <span class='ocrx_word' id='word_1_303' title='bbox 680 3939 706 4006; x_wconf 80' lang='grc'><strong>4.</strong></span> 
     </span>
    </p>
   </div>
   <div class='ocr_carea' id='block_1_4' title="bbox 0 0 1500 4590">
    <p class='ocr_par' dir='ltr' id='par_1_24' title="bbox 0 0 1500 4590">
     <span class='ocr_line' id='line_1_35' title="bbox 0 0 1500 4590; baseline 0 8"><span class='ocrx_word' id='word_1_304' title='bbox 0 0 1500 4590; x_wconf 95' lang='lat' dir='ltr'><strong> </strong></span> 
     </span>
    </p>
   </div>
  </div>
 </body>
</html>
