2930 4582
106 411 131 441 ·'
184 418 286 466 curor
310 425 355 468 vr.
381 423 423 466 nn
445 422 601 466 neruoso
626 423 660 482 ra
677 423 884 468 concroumus
900 419 1066 468 toarnrrl.
1094 409 1156 470 257

119 522 301 614 assumpsi
320 519 412 590 milri
423 517 517 590 duos
534 521 678 616 νέφη
694 544 806 588 unum
825 523 955 594 vocari
968 521 1156 610 decorem,
1271 555 1274 560 ·

120 641 154 698 et
166 627 323 698 alterum
331 629 459 700 vocabi
461 624 691 725 funiculum:
701 641 742 695 'et
750 629 839 719 puri
843 653 991 724 gregem
1003 634 1027 698 ¹.
1040 629 1160 701 Mulier

119 738 252 830 quoque
279 733 335 805 illa
359 736 512 806 meretrix
541 736 576 806 in
602 733 781 826 Evangelio
807 740 844 821 ²,
870 760 946 829 quae
966 737 1064 829 pedes
1084 744 1163 810 Jesu

79 913 83 926 ,
118 841 270 933 lacrymis
283 841 382 924 lavat,
396 843 486 911 crine
501 835 652 930 detergit,
671 841 774 910 etcui
788 856 921 933 peccata
933 844 1043 912 omnia
1055 843 1165 916 dimit-

119 963 247 1034 tuntur,
260 949 433 1040 manifeste
441 949 546 1040 pingit
558 946 736 1018 Ecclesiam
749 945 791 1014 de
805 948 966 1045 Gentibus
984 971 1165 1040 congrega-

119 1071 198 1150 tam.
214 1062 295 1128 llaec
309 1057 432 1126 idcircb
441 1057 477 1124 in
490 1051 594 1148 primi
616 1052 725 1123 fronte
740 1053 911 1146 replicavi,
930 1057 1040 1126 necui
1054 1056 1167 1128 videa-

119 1173 178 1256 tur'
190 1166 433 1254 incongruum,
452 1163 479 1232 si
494 1162 679 1232 meretrices
695 1161 848 1230 dicantur
865 1166 1039 1256 synagoga
1057 1179 1091 1235 et
1106 1169 1168 1235 Ec·

120 1256 395 1366 blesim-quarum
420 1295 487 1339 una
512 1268 694 1340 Salomonis
712 1268 855 1362 judicio,
882 1271 941 1340 lilii
966 1271 1168 1362 possessione

55 1445 58 1456 λ
120 1379 245 1448 donata
266 1393 325 1448 est.
345 1377 491 1448 Prudens
515 1389 642 1468 quaerat
661 1375 808 1462 auditor,
831 1377 1000 1468 quomodb
1016 1380 1170 1450 meretrix

94 1487 165 1555 'sit
184 1469 441 1576 Ecclesiasquae
464 1505 533 1552 non
556 1481 658 1552 habet
681 1484 845 1552 maculam
854 1536 867 1569 ,
893 1507 1002 1578 neque
1028 1489 1169 1575 rugam?

13 1637 14 1644 ι
122 1594 199 1659 Non
207 1589 343 1658 dicimus
352 1587 528 1658 Ecclesiam
540 1587 755 1680 permansisse
763 1589 1048 1676 meretricem,sed
1057 1589 1167 1666 fuisse.

120 1697 205 1766 Ntm
221 1710 253 1764 et
269 1685 309 1764 in
321 1696 457 1766 Simonis
468 1697 606 1788 Leprosi
619 1697 718 1765 domo
735 1695 883 1766 Salvator
898 1697 1053 1774 scribitur
1072 1699 1171 1768 inisse
1236 1713 1238 1720 ’

120 1801 468 1894 conviviu'm³,utique
479 1825 548 1886 non
556 1801 634 1894 quia
645 1800 793 1893 leprosus
804 1817 874 1872 erat
885 1826 925 1873 eo
945 1817 1170 1898 temporequo

77 1901 79 1906 ’
120 1907 267 1978 habebat
281 1907 444 1999 hospitem
456 1907 670 1994 salvatorem,
684 1908 742 1976 sed
757 1909 834 2002 quia
848 1909 998 2002 leprosus
1011 1913 1088 1980 ante
1099 1912 1171 1981 fue·

122 2028 183 2085 rat.
203 2015 379 2084 Matthaeus
388 2014 524 2106 quoque
545 2013 580 2082 in
589 2013 739 2104 catalogo
755 2012 1003 2110 Apostolorum,
1019 2017 1170 2110 publica·

26 2207 29 2220 Ι
122 2144 185 2191 nus
196 2119 947 2212 dicitur4,nonqubdpermanseritpublicanus
957 2137 1172 2214 postaposto·

122 2225 219 2298 licam
230 2224 505 2316 dignitatem‚sed
517 2225 595 2316 quia
606 2224 810 2316 priitssuerat
820 2227 1031 2318 publicanus:
1050 2228 1099 2298 Ut
1110 2227 1174 2299 ubi
1253 2235 1256 2245 '

123 2331 434 2428 superabundabit
450 2345 656 2424 peccatum,
678 2330 993 2422 superabundaret
1006 2337 1169 2428 grutr'u⁵.

160 2469 176 2506 ι
198 2441 368 2534 Simulque
378 2439 547 2516 considera
559 2435 640 2530 quid
648 2438 735 2508 dicat
746 2437 890 2508 Ecclesia
902 2441 1018 2510 contri
1029 2443 1193 2532 synago.
1215 2481 1217 2490 ·

125 2532 200 2640 gain
216 2546 496 2617 calumniatricem
512 2573 519 2615 :
537 2542 625 2640 Ego
634 2544 669 2612 et
683 2541 812 2614 mulier
823 2542 901 2614 laceo
910 2543 1171 2618 habitabamus

126 2655 164 2723 in
177 2651 285 2723 domo
298 2653 411 2720 unct.
427 2656 504 2720 Post
519 2651 789 2718 resurrectionem
804 2651 892 2718 enim
908 2653 1039 2722 Domini
1059 2654 1173 2724 Salva·

74 2813 76 2816 -
126 2761 221 2844 toris,
241 2783 307 2828 una
323 2759 365 2826 de
376 2771 518 2848 utroque
535 2755 660 2846 populo
682 2753 828 2822 Ecclesia
847 2771 1042 2846 congregata
1057 2773 1123 2846 est3
1138 2775 1172 2830 et
1209 2761 1213 2770 '

52 2947 55 2955 ¹
76 2937 78 2942 ,
126 2869 226 2960 quim
237 2865 401 2955 eleganter
413 2893 421 2932 ε
435 2863 581 2956 Peperi,
595 2861 716 2954 inquit,
736 2858 839 2952 apud
850 2885 933 2960 eom
945 2861 1137 2936 incubicul
1161 2918 1169 2934 .

126 2973 272 3044 Ecclesia
282 2973 369 3042 enim
383 2970 425 3041 de
433 2971 611 3056 Gentibus,
624 2994 699 3064 quae
715 2990 783 3039 non
792 2967 937 3053 habebat
948 2971 1037 3060 priris
1050 2977 1173 3066 Legem

127 3096 161 3152 et
174 3079 366 3174 Prophetas,
385 3080 511 3172 peperit
526 3079 562 3147 in
578 3077 677 3148 domo
692 3081 874 3168 Synagogae
892 3106 899 3146 ε
914 3101 975 3148 nec
988 3079 1114 3171 'egressa
1124 3094 1186 3153 est·

128 3191 170 3260 de
185 3187 355 3274 cubiculo,
369 3186 426 3256 sed
442 3187 596 3278 ingressa.
616 3183 711 3254 Unde
726 3183 805 3253 dicit
817 3186 852 3252 in
868 3185 1003 3256 Cantica
1016 3188 1173 3259 Cantico·
1269 3167 1288 3221 j

128 3319 203 3365 rum
221 3324 230 3365 ι
246 3289 461 3370 Introduxit
475 3314 532 3359 me
545 3291 628 3370 Rem
641 3291 678 3357 in
693 3286 895 3358 cubiculum
910 3313 1012 3383 suunt
1023 3291 1047 3359 l.
1056 3298 1100 3362 Et
1114 3295 1173 3364 ite·

63 3419 66 3428 ’
129 3402 202 3470 ritm
227 3398 310 3484 :Et
329 3395 562 3489 quidem‘non
587 3417 760 3486 spernam
777 3407 822 3461 te.
841 3394 1041 3464 Assumens
1060 3399 1174 3468 t'ntro-
1210 3393 1212 3397 ’

130 3505 265 3579 ducum
290 3522 329 3578 te
352 3509 390 3576 in
412 3502 557 3576 domm
581 3503 709 3572 matris
732 3503 834 3584 meoe',
859 3513 894 3568 et
917 3501 955 3568 in
972 3497 1176 3575 cubiculum
1267 3584 1269 3588 ¹
1351 3566 1354 3571 .

131 3616 299 3714 ejusque
313 3613 542 3705 concepitme
557 3603 585 3682 θ’.
610 3608 737 3680 Tertiri
749 3619 872 3682 autem
883 3602 942 3674 die
951 3632 961 3675 .·
971 3607 1177 3700 Postquam

95 3805 97 3808 ,
132 3747 198 3820 ego
212 3722 355 3817 peperi,
370 3718 511 3814 peperit
527 3733 563 3788 et
586 3715 684 3831 liuor
700 3717 733 3788 Si
754 3715 938 3786 consideres
962 3715 1104 3786 Pilatum
1126 3719 1178 3789 la·
1293 3798 1295 3802 y

163 3881 177 3907 '¹
193 3871 265 3922 Zaclr.
281 3886 315 3928 ιι,
326 3885 351 3934 7.
365 3893 397 3906 -
412 3877 422 3903 ²
436 3869 494 3918 Luc.
509 3883 554 3922 vn.
567 3888 598 3908 *-
612 3860 623 3900 ³
636 3862 726 3932 Matth.
741 3877 807 3912 xxvi.
819 3887 851 3897 -
864 3857 877 3899 ⁴
888 3865 949 3914 Luc.
963 3878 1042 3915 xv.·-
1054 3860 1067 3900 5
1084 3867 1176 3920 rfTim.

134 3971 152 4019 r,
172 3931 211 4024 rb.
224 3980 256 3992 —
269 3949 282 3990 ⁶
294 3953 309 4003 3
320 3955 378 4017 fleg.
397 3965 432 4013 ru,
446 3965 485 4014 17.
500 3971 531 3984 -
545 3959 556 4000 7
569 3951 637 4000 Cant.
648 3963 666 4011 r,
681 3945 704 3997 3.
720 3971 751 3982 -
765 3941 777 3981 ⁸
792 3945 853 3996 lbid.
870 3943 895 4010 tl·

256 4051 292 4098 11.
337 4077 339 4082 ·
1001 4034 1038 4090 17
