2992 4590
228 446 329 494 canor
354 412 631 492 v1.oruuruooo
654 447 689 490 ru
712 447 920 492 concroursus
942 442 1111 508 tournrut.
1140 425 1200 492 lli

165 545 322 618 attendite
333 549 432 640 quim
453 546 610 616 acerbum
626 558 661 614 et
673 566 782 634 grave.
801 544 886 616 Cium
898 544 1204 618 enimconsiderts-

163 667 211 723 set
223 653 360 744 regionis
375 667 549 738 naturam,
564 651 657 746 quod
671 645 791 740 frigida
803 665 903 736 esset,
921 667 955 724 et
969 653 1047 726 anni
1058 667 1201 746 tempus,

163 758 252 854 quod
267 759 468 850 hybernum,
481 757 653 828 observati
669 769 779 838 nocte,
796 755 832 824 in
844 757 912 850 qul
924 759 1063 828 maximia
1078 759 1204 830 malum

140 892 144 896 ·
163 866 363 958 augebatur,
379 855 562 960 praesertim
585 862 663 934 ciun
682 862 797 933 boreas
815 862 852 931 in
866 863 937 956 ipsi
952 877 1033 936 tunc
1048 866 1203 957 spiraret,

157 970 344 1070 'denudatos
363 995 477 1043 omnes
489 972 587 1066 jussit
602 969 665 1040 sub
681 968 736 1040 dio
757 970 793 1038 in
813 969 923 1040 media
938 971 1071 1043 civitate
1085 993 1207 1062 conge·

160 1077 242 1153 latos
257 1081 353 1152 mori.
368 1080 463 1152 Scitis
480 1093 591 1150 autem
605 1077 741 1149 omnind
753 1101 824 1164 vos,
839 1079 897 1173 qni
908 1075 1064 1170 hyer'nem
1081 1081 1207 1174 experti

82 1229 86 1238 ·
160 1189 254 1276 estis,
272 1190 375 1284 quam
402 1185 610 1256 intolerabile
623 1185 665 1254 sit
683 1184 768 1254 illud
786 1187 945 1258 tormenti
961 1211 1076 1279 genus.
1091 1191 1206 1281 Neque

160 1297 247 1366 enim
264 1294 336 1364 fieri
360 1307 469 1386 potest
488 1307 526 1364 ut
551 1292 587 1362 id
607 1291 676 1362 aliis
697 1306 815 1362 notum
831 1292 891 1376 sit,
914 1293 977 1364 nisi
992 1294 1113 1388 quibus
1131 1307 1207 1388 post

160 1402 266 1495 ipsam
289 1399 517 1492 experientiam
538 1411 722 1492 suppetunt
745 1422 881 1484 eorum,
901 1398 944 1470 de
958 1400 1081 1492 quibus
1093 1399 1206 1494 loqui·

161 1531 251 1592 mur,
265 1504 422 1598 exempla.
435 1508 561 1596 Corpus
571 1504 678 1586 enim,
692 1507 785 1598 quod
795 1504 909 1598 frigori
936 1506 1123 1598 exponitur,
1135 1506 1205 1600 pri-

161 1613 255 1682 mimr
279 1611 538 1706 quideui'totum
562 1609 703 1680 lividum
718 1626 785 1698 est,
814 1613 979 1705 sanguine
1003 1613 1204 1704 congelato:

159 1717 279 1787 exinde
301 1717 442 1808 agitatur
462 1742 501 1788 ac
519 1718 724 1804 effervescit,
742 1718 898 1787 dentibus
914 1718 1000 1796 inse
1019 1720 1207 1812 impingen·
1297 1739 1299 1746 ⁴

160 1825 267 1910 tibus,
294 1825 441 1894 retractis
456 1824 586 1910 nervis,
605 1838 639 1893 et
652 1823 740 1893 mole
755 1825 847 1893 omni
866 1838 986 1917 praeter
1000 1811 1206 1896 uoluntatem

159 1932 340 2002 eontracta.
369 1932 459 2016 Quin
486 1945 520 2000 et
545 1944 661 2000 acutus
687 1930 823 2023 quidam
846 1932 1029 2018 cruciatus,
1050 1947 1095 2029 etx
1111 1931 1207 2004 dolor

158 2035 388 2109 inenarrabilis
403 2035 445 2106 ad
466 2037 553 2130 ipsas
574 2037 679 2130 usque
702 2029 862 2108 medullas
883 2039 1093 2131 perveniens,
1109 2063 1206 2110 sensu

159 2143 362 2216 intolerabili
373 2143 519 2236 algentes
534 2144 646 2212 allicit.
664 2142 948 2232 Trimgmutilatur,
966 2147 1116 2218 extremis
1130 2171 1207 2242 par·-

126 2265 129 2272 '
158 2251 250 2324 tibus
274 2251 369 2348 quasi
384 2251 427 2320 ab
442 2250 755 2350 igneconcrcmatis.
773 2250 872 2326 Calor
887 2252 974 2326 enim
990 2254 1032 2321 ab
1053 2254 1205 2326 extremi·

158 2360 284 2430 tatibus
302 2357 448 2450 corporis
464 2355 616 2449 fugatus,
630 2370 664 2425 et
679 2354 722 2426 ad
735 2357 889 2428 interiora
902 2358 1117 2451 confugiens,
1135 2383 1205 2453 par·

159 2482 229 2552 tes,
245 2469 264 2535 a
279 2465 402 2560 quibus
418 2463 586 2550 abscedit,
601 2462 759 2558 relinquit
776 2478 921 2534 mortuas
938 2494 947 2536 ε
965 2469 1018 2536 eas
1037 2469 1136 2555 verb,
1162 2468 1206 2540 ad

159 2597 244 2668 quas
257 2567 486 2657 contruditur,
498 2570 673 2657 excruciat,
692 2584 797 2660 inopte
813 2571 970 2666 paulatim
987 2597 1045 2666 per
1056 2574 1206 2666 congela-

159 2683 285 2752 tionem
302 2677 490 2752 accedente.
510 2683 603 2748 Tune
625 2679 724 2769 igitur
748 2703 786 2748 ea
801 2681 836 2748 in
860 2681 934 2750 illos
957 2682 1023 2752 lata
1043 2685 1205 2754 sententia

159 2803 230 2874 est,
245 2803 284 2858 ut
295 2787 358 2857 sub
373 2785 429 2858 dio
444 2797 687 2878 pernoctarent,
705 2783 781 2853 etim
796 2798 961 2876 stagnum,
978 2789 1102 2858 citcirm
1113 2790 1205 2882 quod

160 2893 296 2966 condita
311 2906 382 2962 erat
396 2893 530 2976 civitas,
544 2889 659 2984 inqui
674 2889 778 2959 sancti
800 2888 1035 2980 decertabant,
1054 2909 1137 2964 esset
1153 2917 1205 2964 ve·

159 3003 213 3072 lut
236 2997 390 3096 quaedam
409 2996 560 3092 planities
575 2995 778 3090 equitabilis,
807 2996 908 3088 glacie
931 2997 1014 3070 illud
1040 3014 1206 3078 transmu-

159 3108 435 3202 tante,ci1mque
459 3105 495 3176 id
515 3131 555 3176 ex
575 3105 697 3197 lrigore
711 3105 754 3178 ad
769 3108 965 3182 continentis
984 3124 1136 3181 naturam
1151 3133 1205 3182 re·

161 3216 319 3302 dadum,
344 3237 443 3308 super
469 3214 603 3299 dorsum
625 3213 688 3282 iter
710 3212 895 3282 accolarum
918 3216 1060 3308 pedibus
1094 3231 1206 3290 tutum

162 3325 344 3417 praeberet,
361 3323 585 3416 praetereaque
600 3318 708 3404 fluvii,
722 3318 781 3412 qui
792 3321 916 3413 jugiter
927 3321 1089 3410 fluebant,
1105 3323 1206 3416 glacie

163 3429 348 3516 constricti,
366 3427 537 3497 desiissent
548 3448 698 3510 manare,
719 3439 752 3494 et
767 3448 928 3518 aquarum
943 3441 1061 3498 natura
1076 3429 1207 3500 mollior

163 3537 198 3606 in
212 3537 362 3630 lapidum
380 3533 533 3604 duritiem
560 3555 716 3602 conversa
739 3545 838 3617 esset,
864 3531 941 3602 otim
958 3523 1102 3629 denique
1117 3560 1207 3606 acres

163 3645 273 3716 boreae
288 3643 386 3712 llatus
399 3639 576 3710 animantia
589 3639 698 3724 omnia
714 3654 870 3731 urgerent
882 3638 924 3708 ad
938 3655 1088 3710 mortem.

210 3781 227 3819 n
252 3757 345 3821 Tunc
368 3751 469 3842 igitur
479 3747 593 3818 audito
617 3746 745 3833 edicto,
764 3751 777 3839 (
797 3749 926 3818 etmihi
942 3749 996 3819 hic
1023 3751 1208 3824 consideres

163 3858 262 3928 velim
276 3859 426 3930 virorum
436 3854 691 3948 insuperabilem
705 3855 923 3926 constantiam
935 3859 968 3946 ,)
981 3860 1208 3954 uuusquisque

163 3966 329 4059 postremi
342 3961 441 4035 etiam
451 3961 563 4040 tunicd
579 3961 654 4032 laete
669 3962 807 4056 abjecti,
820 3985 878 4056 per
892 3961 996 4055 frigus
1010 3965 1052 4036 ad
1068 3981 1208 4048 mortem
