2930 4582
270 457 333 520 111
425 472 652 519 1111111111.
679 471 830 533 rinnon,
856 471 931 519 anns
955 477 997 534 11,
1023 470 1106 516 11111.
1133 476 1156 516 1.

266 593 351 665 copo
366 569 491 640 dabant
513 571 547 639 in
566 568 700 639 ecclesii
720 569 853 662 publice
872 567 1047 660 legendos,
1065 569 1124 662 qni
1144 582 1178 638 et
1201 569 1311 640 morbi

166 663 172 676 ’
265 679 397 764 seriem,
414 691 448 747 et
469 677 709 746 restitutionem
728 674 855 762 salutis,
876 691 910 746 et
928 676 1128 746 imminentis
1143 677 1312 769 urgentis-

266 808 332 880 que
348 782 426 854 mali
437 782 693 856 declinationem
709 783 924 852 continebant
935 814 944 872 3
956 805 1086 853 necnon
1096 782 1195 851 etiam
1210 785 1312 876 ipsius

262 889 368 961 sancti
396 912 519 960 nomen
543 890 603 983 qui
628 913 662 958 sc
681 911 742 981 pro
768 889 813 958 eis
840 888 1087 983 deprecatorem
1108 890 1308 982 praebuerat.

264 996 461 1091 Hujusmodi
472 997 571 1088 porrh
586 993 719 1068 libellos
731 995 884 1088 episcopo
897 995 1003 1084 datos,
1016 997 1089 1090 ipso
1100 997 1311 1088 permittente

262 1103 316 1175 vel
327 1103 480 1197 jubente,
501 1100 635 1194 publice
651 1100 693 1171 de
709 1102 831 1194 scripto
843 1101 948 1172 lector
963 1101 1004 1172 ad
1017 1101 1181 1196 populum
1195 1105 1312 1174 recita-

261 1210 330 1280 bat.
359 1211 462 1302 Gujus
485 1208 562 1275 sane
579 1206 825 1278 consuetudinis
847 1222 944 1278 testes
973 1209 1132 1278 habemus
1161 1210 1310 1303 inprimis

260 1313 427 1386 Evodium
451 1310 641 1382 Uzalensem
664 1315 874 1407 episcopum,
889 1317 1074 1408 Augustino
1089 1339 1255 1402 coaevum,
1276 1329 1310 1386 et

257 1422 368 1515 ipsum
383 1442 460 1489 curn
472 1441 512 1490 eo
529 1420 762 1510 Augustinum.
778 1424 897 1490 Beatus
912 1423 1001 1491 enim
1016 1422 1161 1494 Evodius
1174 1423 1209 1490 in
1224 1421 1310 1492 libro

241 1529 300 1600 de
316 1527 481 1598 miraculis
497 1527 601 1596 saneti
618 1527 777 1620 Stephani
799 1529 904 1615 hanc,
923 1528 965 1597 de
980 1530 1047 1622 quai
1067 1529 1209 1618 agimus,
1227 1553 1309 1598 con-

259 1635 481 1720 suetudinem,
511 1632 678 1704 verissime
707 1634 879 1726 exprimit,
911 1635 988 1714 oiim
1001 1635 1188 1729 'plerosque
1213 1650 1310 1706 testes

263 1739 1124 1837 11111111111111111111,«111111111111111111111111111111,
1138 1745 1306 1836 Stephani,

265 1848 364 1949 prinii
386 1851 539 1940 martyris
563 1849 695 1934 Christi,
721 1849 878 1918 miracula
902 1847 1043 1918 fideliter
1066 1849 1247 1942 descripta,
1276 1863 1310 1919 et

265 1960 399 2056 publici
414 1956 622 2028 attestatione
644 1956 857 2048 comprobata
880 1955 934 2043 iis,
960 1957 1018 2050 qui
1037 1956 1193 2044 aderant,
1211 1956 1310 2026 fuisse

265 2069 308 2139 de
322 2065 458 2160 publico
473 2064 608 2134 recitata
625 2065 648 2132 ¹.
670 2090 686 2131 n
702 2070 805 2145 Quem
823 2086 949 2140 morem
964 2065 1162 2134 confirmans
1177 2071 1310 2157 Augus-

261 2176 351 2246 tinus
369 2203 377 2243 :
398 2201 415 2240 r<
434 2173 468 2243 Si
482 2168 657 2256 miracula,
676 2168 798 2262 inquit,
813 2171 1012 2257 sanitatum,
1030 2185 1068 2240 ut
1088 2171 1151 2240 alia
1166 2186 1308 2259 taceam,

264 2307 303 2354 ea
320 2277 552 2352 tantummodi>
571 2277 672 2348 velim
686 2277 844 2364 scrihere,
863 2301 938 2371 quae
954 2301 1012 2370 per
1027 2269 1117 2348 hunc
1131 2283 1311 2368 Martyrem

262 2391 351 2462 facta
365 2387 489 2459 suntin
506 2383 635 2455 colonii
649 2383 845 2470 calamensi,
858 2402 892 2454 et
906 2385 942 2454 in
953 2385 1075 2471 nostri,
1089 2384 1224 2478 plurimi
1236 2409 1312 2457 con-

262 2496 398 2566 ficiendi
412 2505 490 2562 sunt
504 2491 599 2580 libri,
616 2513 677 2560 nec
694 2504 806 2560 tamen
816 2491 927 2561 omnia
943 2491 1052 2584 colligi
1063 2507 1238 2586 poterunt,
1254 2491 1313 2563 sed

266 2602 396 2674 tantiam
407 2599 449 2669 de
463 2598 585 2692 quihus
600 2595 705 2667 libelli
717 2597 787 2666 dati
802 2613 891 2685 sunt,
904 2601 962 2693 qni
978 2601 1198 2670 recitarentur
1208 2602 1244 2670 iu
1256 2625 1314 2694 po·

267 2709 392 2807 pul'uz..
410 2703 568 2779 Nondirm
583 2717 632 2774 111
655 2703 828 2774 biennium
849 2727 889 2775 ex
903 2729 971 2799 quo
994 2705 1084 2800 apud
1105 2708 1314 2800 Hipponem-

269 2819 413 2912 Regium
427 2812 530 2907 coepit
545 2835 614 2882 esse
632 2810 694 2881 ista
708 2812 883 2898 Memoria,
906 2825 940 2881 11
957 2812 1082 2900 multis,
1105 2817 1198 2906 quod
1219 2814 1315 2884 nobis

271 2925 488 3001 certissimum
500 2933 570 3005 est,
584 2941 653 2988 non
668 2916 752 2988 datis
767 2917 902 3006 libellis,
922 2919 964 2989 de
978 2920 1017 2989 iis
1030 2945 1105 3014 quae
1120 2921 1315 2991 mirabiliter

272 3035 358 3108 facta
379 3043 475 3116 suut,
491 3025 540 3096 illi
562 3025 624 3117 ipsi
643 3026 703 3118 qui
724 3024 793 3094 dati
815 3041 892 3095 suut
915 3025 958 3094 ad
981 3029 1187 3120 septuaginta
1211 3027 1316 3098 ferme

205 3181 209 3194 ·
271 3127 451 3214 ‘numerum
471 3143 703 3226 pervenerant,
729 3132 864 3225 quando
886 3132 947 3203 ista
965 3135 1152 3228 conscripsi.
1171 3135 1316 3206 Calamae

276 3237 905 3334 1111111111111111111111111111111111
919 3241 1020 3342 eoepit
1031 3255 1065 3310 et
1079 3241 1226 3311 crebrihs
1238 3241 1318 3311 dan-

275 3372 342 3443 tur,
359 3344 610 3440 incomparabili
630 3343 844 3414 multitudine
858 3360 1015 3438 superant
1030 3351 1055 3416 ².
1082 3376 1099 3421 o
1121 3351 1189 3419 Nec
1211 3348 1318 3417 multh

274 3477 372 3563 post:
397 3455 624 3540 «Petroniam,
638 3451 847 3522 clarissimam
863 3451 1053 3542 foeminam,
1064 3480 1140 3550 quae
1156 3457 1203 3525 ihi
1219 3457 1320 3526 mira·

275 3572 387 3646 biliter
401 3590 440 3636 ex
459 3585 579 3654 magno
595 3574 694 3653 atque
709 3557 884 3646 diuturno,
902 3562 1020 3654 inquo
1036 3562 1240 3632 medicorum
1256 3561 1318 3633 ad-

271 3675 395 3777 jutoria
410 3669 522 3742 omnia
536 3664 739 3750 defecerant,
757 3665 915 3757 languore
930 3681 1041 3737 sanata
1051 3681 1114 3755 est,
1129 3669 1254 3738 hortati
1265 3693 1321 3738 su·

276 3807 371 3869 mus,
384 3765 516 3855 volente
527 3767 706 3865 supradicti
721 3771 786 3842 loci
801 3771 973 3867 episcopo,
992 3789 1031 3844 ut
1044 3773 1196 3846 libellum
1211 3775 1317 3862 daret,

311 3938 322 3964 ι
335 3923 413 4006 m·
426 3918 492 3973 Uzal.
506 3917 630 3971 (11111111.
642 3917 729 3984 ,8111111
744 3915 788 3968 lib.
798 3933 824 3968 11.
839 3942 871 3954 -
881 3927 893 3955 ²
905 3885 932 3970 s]
950 3921 1050 3985 August.
1064 3919 1096 3972 de
1116 3919 1189 3972 (tivit.
1204 3921 1259 3987 nei,
1272 3919 1316 3972 lib.

277 4028 339 4078 xm,
353 4024 409 4077 etp.
428 4009 455 4073 8,
467 4019 494 4058 n.
504 4017 547 4059 at.
