2984 4580
296 423 361 484 336
446 434 626 484 ananciten
648 436 674 482 s.
699 436 853 501 aaaron,
879 435 955 485 aras
977 441 1023 500 11,
1048 439 1132 485 sacr.
1159 442 1184 483 1.

295 539 416 612 Christi
432 539 702 624 exinanitionem,
724 551 757 606 et
773 539 856 608 servi
867 538 1024 625 formam,
1043 551 1076 608 et
1090 537 1266 631 passiones,
1284 539 1332 632 ip·

294 645 361 714 sius
377 645 627 715 mortificatione
642 645 818 714 honoratas
830 643 863 711 ¹!
884 671 900 710 o

337 751 462 822 Eidem
488 752 594 842 figura
617 751 723 820 utitur
746 765 877 821 sanctus
898 753 1073 844 Ephrem,
1087 751 1165 823 ciam
1176 752 1223 822 itt
1236 752 1334 823 animi

294 859 441 952 quietem
456 869 491 927 ct'
504 857 775 951 tranquillitatem
792 857 919 928 extollit
938 887 946 928 :

334 951 357 1032 ‘a
382 966 516 1058 Oquics
530 965 617 1034 scala
630 963 808 1034 coelorum!
830 965 850 1034 ὃ
866 963 959 1057 quies
976 964 1241 1056 compunctionis
1261 987 1333 1035 ma-

292 1071 364 1142 ter!
384 1073 404 1141 ὂ
420 1072 513 1164 quies
530 1085 741 1163 peccatorum
752 1069 941 1163 speculum,
959 1093 1036 1163 quae
1048 1070 1174 1140 homini
1190 1093 1249 1140 sua
1263 1095 1334 1140 see-
1436 1131 1440 1138 .

292 1179 361 1249 lera
378 1193 478 1273 atque
492 1178 613 1248 delicta
627 1177 790 1250 ostendis!
809 1179 934 1272 oquies
948 1200 1024 1272 qum
1039 1176 1198 1269 lacrymas
1210 1203 1334 1272 nequa-

196 1281 208 1294 ‘
292 1288 394 1378 quam
423 1283 582 1378 impedis!
611 1285 755 1379 tiquies
784 1285 1045 1356 mansuetudinis
1071 1285 1290 1378 procreatrix!
1313 1286 1333 1355 t

292 1392 385 1484 quies
406 1388 600 1461 humilitatis
621 1390 866 1462 contubernalis
883 1416 920 1460 ac
936 1392 1039 1462 socia!
1064 1393 1084 1461 t
1108 1392 1200 1484 quies
1227 1392 1334 1462 timori

293 1498 354 1567 Dei
370 1500 562 1591 conjuncta,
580 1523 655 1592 quac
675 1499 779 1568 menti
795 1497 904 1568 lucem
923 1496 1042 1568 infers!
1061 1500 1082 1568 ὂ
1101 1499 1194 1591 quies
1209 1499 1335 1590 cogita·

292 1604 422 1674 tionum
438 1605 631 1696 inspectrix,
646 1618 679 1673 et
694 1604 895 1692 discretionis
910 1602 1068 1698 adjutrix!
1084 1605 1104 1672 ὀ
1120 1605 1213 1696 quies
1229 1605 1334 1674 omnis

292 1709 373 1780 boni
388 1711 540 1802 genitrix,
555 1710 670 1804 jejunii
682 1713 942 1795 firmamentum,
964 1724 997 1779 et
1014 1709 1100 1801 gulae
1115 1709 1333 1810 impedimen-

292 1817 384 1885 tum!
400 1819 420 1886 ὃ
434 1817 527 1910 quies
539 1816 694 1887 orationis
705 1839 871 1908 sacraeque
881 1815 1031 1900 lectionis
1042 1816 1188 1886 vacatio!
1208 1817 1333 1909 ‹iquies

292 1923 529 2014 cogitationum
546 1923 712 2008 serenitas,
730 1936 764 1991 et
786 1921 1031 2015 tranquillitatis
1055 1922 1186 2014 portus!
1204 1923 1225 1992 ὂ
1240 1923 1333 2016 quies

292 2029 409 2097 animae
428 2028 599 2098 securitas!
622 2029 643 2097 ὂ
658 2028 751 2122 quies
759 2030 877 2122 jugum
893 2051 992 2099 suave
1007 2042 1040 2098 et
1055 2051 1139 2098 onus
1152 2027 1241 2116 leve,
1255 2031 1332 2099 reli·

291 2136 379 2204 ciens
403 2149 602 2228 portansque
621 2148 808 2227 portantem
828 2133 916 2204 telis
939 2134 1031 2228 quies
1051 2137 1255 2228 procacitatis
1279 2137 1332 2206 in-

291 2242 491 2333 teremptrix,
507 2255 540 2309 et
553 2241 767 2333 impudentiae
782 2240 930 2310 inimica!
950 2242 1077 2334 ‹iqnies
1093 2244 1222 2334 pietatis
1234 2267 1272 2312 ac
1282 2267 1333 2312 re-

291 2347 420 2439 ligionis
437 2347 561 2416 mater!
576 2348 596 2415 ὂ
612 2348 705 2440 quies
723 2348 911 2438 passionum
926 2348 1054 2418 carcer!
1073 2349 1201 2442 ‹iquies
1212 2351 1331 2419 animae

291 2454 405 2522 laetitia
423 2469 456 2524 ct
470 2453 592 2523 cordis!
612 2454 632 2520 ὃ
648 2453 741 2545 quies
757 2453 928 2524 oculorum
947 2469 981 2523 et
995 2461 1124 2525 aurium
1143 2455 1331 2550 linguaeque

289 2559 438 2630 frenum!
458 2563 478 2628 ὂ
502 2559 595 2652 quies
611 2560 717 2628 omnis
735 2561 865 2630 virtutis
885 2563 1102 2654 cooperatrix!
1121 2565 1258 2658 tlpquies
1273 2588 1332 2636 vo-

289 2667 442 2736 luntariae
465 2667 666 2759 paupertatis
688 2667 816 2758 hospita
837 2681 871 2736 et
886 2667 1020 2754 amica!
1050 2671 1070 2740 ὃ
1094 2671 1186 2763 quies
1209 2672 1331 2742 (lhriati

209 2859 211 2868 Ι
290 2797 365 2864 ager
391 2773 519 2844 fructus
539 2775 680 2866 optimos
700 2770 884 2866 proferens!
911 2776 931 2843 ὀ
949 2763 1042 2868 quies
1060 2797 1174 2846 murus
1190 2801 1228 2847 ac
1251 2801 1329 2870 pro-

288 2878 514 2973 pugnaculum
527 2879 693 2950 decertare
708 2879 912 2970 cupientium
921 2894 1055 2972 propter
1070 2905 1210 2974 regnum
1225 2883 1329 2953 coelo·

288 2988 380 3056 rum!
400 2988 462 3070 Ita,
481 2987 527 3053 mi
545 2991 675 3069 Frater,
689 2986 774 3053 hanc
786 2985 943 3077 optimam
957 2986 1019 3055 tibi
1033 3002 1161 3080 partem
1175 3012 1328 3082 compara

288 3114 388 3184 quam
407 3091 510 3161 Maria
533 3089 631 3180 elegit
648 3118 661 3158 x:
684 3088 756 3157 lraec
782 3090 869 3158 enim
889 3091 991 3162 Maria
1016 3093 1134 3185 quietis
1162 3095 1328 3188 exemplar

267 3246 269 3253 .
288 3197 411 3281 existit,
425 3193 540 3264 sedens
552 3192 644 3262 sectis
659 3193 758 3286 pedes
770 3195 914 3281 Domini,
927 3198 1055 3290 ipsique
1066 3200 1127 3270 soli
1139 3201 1325 3289 adhaerens3

264 3299 268 3306 ’
287 3303 388 3396 quare
415 3314 449 3370 et
467 3307 541 3370 eam'
558 3298 705 3370 laudavit
719 3302 902 3386 Dominus,
926 3301 1038 3372 dicens
1056 3333 1064 3373 ε
1082 3305 1214 3376 Maria
1236 3310 1326 3400 opti·

288 3432 388 3480 mam
400 3421 545 3501 partem
557 3405 676 3504 elegit,
691 3431 771 3499 quae
787 3431 861 3478 non
870 3407 1065 3506 auferetur
1074 3409 1123 3480 ab
1135 3415 1183 3482 ed
1197 3419 1224 3482 ².

331 3517 418 3586 Huic
437 3517 592 3599 finitima,
616 3515 683 3584 imo
703 3529 737 3584 et
752 3517 978 3586 veliementior
988 3519 1239 3612 Apostrophe,
1261 3523 1325 3616 qu!

287 3649 365 3694 usus
384 3638 433 3694 est
447 3624 532 3692 inter
548 3623 627 3692 alios
643 3621 737 3690 divus
751 3623 972 3714 Hieronymus
986 3625 1021 3693 in
1038 3627 1203 3719 epitaphio
1219 3633 1326 3722 Nepo-

287 3732 379 3816 tiani,
398 3730 457 3798 ubi
471 3730 517 3798 sic
534 3741 674 3797 mortem
689 3726 868 3822 alloquitur
886 3760 893 3798 :

323 3889 331 3914 ¹
346 3881 370 3928 8,
383 3880 482 3942 Gregor.
496 3874 580 3925 Theoi.
596 3877 664 3926 Orat.
680 3891 735 3939 rna,
750 3893 774 3926 n.
792 3875 830 3942 ¹!-
845 3901 877 3914 -
901 3886 911 3916 ¹
933 3878 993 3931 Luc.
1010 3895 1036 3945 x,
1054 3877 1096 3945 42.
1117 3882 1141 3932 S.
1158 3881 1232 3949 Ephr.
1247 3883 1323 3934 Serm.

286 3965 317 4014 de
329 3961 477 4014 Patientet
491 3963 603 4019 Consum.
622 3959 700 4013 sacal.
718 3977 742 4011 n.
769 3960 808 4026 ¹l·
