2930 4582
277 399 341 462 20⁶
431 415 612 464 annosior
633 415 662 462 s.
685 415 837 480 armon,
860 417 939 466 »aas
959 417 1012 480 u,
1034 414 1119 464 saca.
1144 418 1170 462 ι.

275 515 456 609 pestribus,
470 516 608 586 urbanae
623 501 748 609 plebib
766 514 917 588 civilibus
931 515 1117 610 desumptae
1126 537 1315 610 preponen-

181 669 184 674 -
274 635 330 692 tur
345 622 598 712 Similitudines3
621 626 655 694 3⁰
672 622 815 716 deniqne
835 621 1089 720 intelligibiles,
1109 646 1147 694 ac
1170 623 1315 716 quodam

275 729 376 800 modo
399 727 706 817 demonstrativa,
729 754 804 824 qnae
823 733 973 800 omnium
997 731 1097 799 etiam
1121 731 1314 803 rusticorum

274 851 401 906 mentes
415 837 451 906 iu
462 837 840 926 veritatiscognitionem
856 835 951 908 facile
966 835 1113 909 inducat.

319 946 399 1012 uec
414 943 515 1034 igitur
524 956 618 1012 curet
629 942 823 1014 christianus
834 945 971 1028 Orator,
985 956 1026 1012 ut
1038 943 1105 1014 sive
1121 942 1233 1028 sacris,
1250 942 1314 1014 sive

274 1047 435 1142 profanis,
457 1049 525 1118 sive
548 1049 749 1140 allegoricis,
771 1049 839 1120 sive
862 1049 1057 1142 parabolicis
1075 1049 1315 1120 narrationibus

208 1167 210 1170 ’
274 1157 479 1227 audientium
494 1165 587 1226 aures
602 1155 808 1243 demulceat,
827 1172 953 1228 mentes
974 1157 1116 1244 relaxet,
1134 1157 1314 1228 illuminet-

272 1288 339 1358 que
353 1265 495 1349 animos,
507 1288 575 1335 non
588 1263 756 1356 placendi,
774 1267 865 1358 quod
881 1287 1016 1365 uanum,
1034 1262 1093 1336 sed
1102 1264 1311 1362 proficiendi,

182 1424 192 1444 .
272 1369 365 1464 quod
376 1385 526 1442 sanctum
541 1382 601 1457 cst,
616 1367 739 1442 studio.

468 1632 470 1638 .
570 1589 1016 1676 §1v.t>elr9amaatattaa.
1074 1627 1076 1630 ·

316 1805 390 1870 Duo
416 1800 456 1874 ad
472 1801 800 1891 Argumentationem
828 1813 974 1891 spectare
998 1798 1168 1896 ridentur,
1197 1798 1313 1892 nempe

271 1909 449 1979 convictio
462 1904 1115 2002 etpcrsuaai0,·convictioueimpellitur
1127 1907 1311 1997 ingenium3

270 2015 480 2107 persuasione
500 2015 579 2084 verb
600 2013 741 2082 trahitur
758 2012 898 2080 animus.
926 2015 974 2080 De
1000 2010 1132 2081 duobus
1157 2035 1249 2082 nunc
1264 2035 1311 2082 se·

270 2119 409 2212 paratim
428 2118 675 2204 disserendum,
698 2115 826 2210 adjecta
849 2116 969 2188 debinc
987 2115 1119 2186 illarum
1136 2117 1313 2207 figurarum

271 2227 536 2313 enumeratione,
555 2249 631 2320 quae
648 2225 689 2294 ad
702 2238 882 2318 utrumque
899 2237 1037 2318 possunt
1054 2223 1220 2296 efficacius
1239 2246 1313 2296 cou-

271 2332 404 2404 ducere.
592 2401 594 2404 ,
874 2401 880 2414 ,

316 2444 343 2508 Ι.
366 2438 553 2512 Οοηνίοιίο
574 2439 695 2508 dieitur
718 2439 964 2508 ratiociniorum
983 2439 1102 2526 series,
1121 2439 1189 2533 qua
1198 2421 1313 2512 veritas

270 2545 316 2612 sic
336 2545 445 2613 animo
466 2544 670 2628 ostenditur,
687 2558 726 2612 ut
739 2545 809 2636 jam
826 2542 914 2614 ultra
930 2542 1089 2614 reluctare
1110 2567 1179 2614 non
1200 2545 1309 2638 possit.
1364 2570 1366 2572 ·
1452 2551 1453 2558 ’

270 2649 452 2740 Ratiocinia
470 2663 579 2718 autem
596 2643 875 2720 deduidresancti
893 2655 1003 2720 Patres
1019 2649 1127 2722 velex
1146 2652 1312 2744 Scripturd

269 2759 370 2845 sacra,
383 2757 435 2828 vel
451 2783 490 2828 ex
502 2758 765 2852 praecedentibus
778 2759 988 2845 Ductoribus,
1000 2758 1053 2848 vel
1069 2781 1108 2829 ex
1115 2759 1311 2830 auctoritate

268 2855 504 2951 Conciliorum,
522 2865 575 2934 vel
590 2888 629 2932 ex
645 2865 716 2956 ipso
730 2865 880 2934 Rationis
895 2865 1094 2935 testimonio.

315 2975 348 3040 1⁰
365 2972 507 3054 Quidem
521 2995 560 3040 ex
581 2971 692 3040 sancti
706 2971 885 3062 Scriptura,
903 2994 1004 3064 quam
1018 2971 1065 3041 ire
1087 2969 1311 3064 pervolventes

267 3079 426 3148 memorial
445 3078 619 3162 tenebant,
636 3089 675 3144 ut
700 3074 792 3144 illam
812 3078 846 3144 in
869 3078 960 3147 omni
979 3077 1112 3169 prorsds
1130 3079 1312 3172 quaestione

269 3185 474 3254 adhiberent.
499 3185 601 3253 Modo
623 3184 799 3276 Scripturas
822 3207 921 3252 sacrae
942 3185 1179 3279 testimouiaex
1197 3185 1312 3256 ordine

156 3307 159 3316 ’
267 3289 469 3376 referebant,
487 3290 587 3361 'modb
605 3315 709 3360 uuum
726 3290 955 3384 particularem
971 3306 1098 3362 textum
1112 3293 1159 3366 iti
1174 3317 1312 3386 usurpa-

267 3399 365 3484 bant,
377 3413 415 3468 ut
430 3397 525 3468 illum
537 3399 717 3469 eviscerare
729 3398 874 3490 quodam
890 3398 990 3470 modo
1006 3413 1172 3468 curarent.
1192 3398 1311 3470 Peioris

266 3506 409 3577 babetur
436 3505 623 3600 exemplum
639 3507 674 3574 in
694 3506 752 3576 illo
768 3507 925 3599 Cypriani
940 3507 1030 3592 loco,
1050 3529 1118 3600 quo
1134 3507 1250 3576 fideles
1270 3505 1312 3576 ad

265 3615 461 3705 martyrium
488 3615 662 3684 exhortans
688 3611 1123 3707 idolorumquevanitatem
1149 3612 1310 3704 explicare

264 3721 458 3808 intendens,
479 3721 584 3791 varios
604 3719 767 3812 percurrit
791 3720 915 3790 Veteris
939 3720 1089 3812 Novique
1111 3716 1309 3788 Testamenti

265 3827 390 3898 libros:
913 3825 917 3836 '

312 3961 328 3999 a
345 3931 537 4002 ostenditur
551 3933 587 4004 in
607 3931 763 4006 Psalmo:
788 3927 900 4004 Idola
923 3931 1086 4028 gentium
1110 3943 1306 4030 argentum
1408 3931 1412 3934 ’
