2992 4590
295 395 356 483 tob
405 415 620 482 ''unmonrct
643 411 670 494 sf.
696 436 848 499 sarnum,
875 433 950 482 rans
973 438 1024 499 rr,
1047 435 1133 510 anor.
1158 437 1183 478 r.

292 541 453 633 perpetub
464 537 590 624 ridere,
609 535 753 607 deliciari
769 551 803 606 et
817 537 1003 627 convivari,
1019 535 1078 606 sed
1093 556 1208 606 eorum
1219 534 1278 627 qui
1296 535 1332 604 in

292 648 389 737 scene
409 644 548 731 ludunt,
581 644 811 729 meretricum,
836 644 983 714 virorum
1008 643 1066 738 qui
1091 643 1134 712 ad
1154 639 1230 713 talia
1255 653 1333 712 sunt

292 753 462 840 adornati,
489 753 726 846 parasitorum,
745 750 953 822 adulatorum
972 779 980 822 t
1000 775 1068 821 non
1084 764 1194 820 autem
1216 772 1332 819 eorum

292 863 350 956 qui
362 861 405 930 ad
419 860 541 930 coelum
553 861 662 931 vocati
682 873 779 950 sunt3
794 881 863 930 non
879 881 994 931 eorum
1010 859 1115 952 quiin
1130 859 1332 952 supernbci-

290 968 391 1038 vitate
410 981 488 1037 sunt
509 966 683 1058 descripti3
701 989 769 1056 non
783 989 898 1037 eorum
921 965 977 1059 qui
995 964 1092 1034 armis
1111 962 1333 1056 spiritualibus

289 1091 367 1146 sunt
376 1075 542 1162 instmcti3
553 1075 609 1143 sed
618 1097 731 1146 eorum
739 1076 797 1167 qui
806 1073 937 1144 diabolo
951 1071 1231 1142 suntinitiati.llle
1241 1095 1333 1140 nam·

290 1205 357 1275 que
372 1195 432 1266 est,
444 1179 499 1248 ille
511 1181 568 1272 qui
581 1181 731 1265 hhcart'e,
744 1181 808 1249 hoc
819 1203 918 1272 opere
932 1193 1070 1250 conatur
1082 1178 1201 1248 Christi
1213 1177 1333 1246 milites

291 1287 471 1370 attrahere,
499 1284 701 1378 illorumque
725 1287 825 1354 animi
855 1285 1020 1355 molliores
1045 1282 1162 1354 nervos
1187 1284 1329 1353 efficere.

292 1391 373 1463 ldeb
397 1393 525 1461 theatra
538 1392 574 1460 in
589 1391 729 1460 urbibus
743 1391 877 1478 struxit,
891 1405 925 1460 et
938 1393 1056 1461 mimos
1070 1390 1144 1460 illos
1160 1411 1330 1476 exercens,

290 1497 423 1580 illorum
432 1500 666 1596 operi,contrh
674 1510 777 1567 totam
787 1498 1191 1590 civitatem,hancpestem
1199 1496 1331 1585 excitat3

290 1629 391 1699 quam
401 1603 643 1696 lugerel‘aulus
648 1604 757 1698 jussit,
765 1603 1006 1697 stultiloquium
1016 1604 1136 1697 nempe
1145 1616 1179 1672 et
1187 1601 1332 1672 scurrili-

290 1712 531 1794 tatem¹.Quod
541 1725 652 1780 autem
661 1713 780 1781 horum
789 1712 938 1782 omnium
947 1711 1173 1802 gravissimum
1181 1708 1333 1794 est,risris

290 1818 377 1887 illius
390 1833 438 1888 est
450 1821 575 1890 occasio
592 1847 599 1890 :
619 1818 753 1912 quando
769 1817 939 1914 quidpiam
959 1831 1017 1888 aut
1031 1816 1259 1910 blasphemum
1276 1831 1334 1886 aut

290 1940 387 2019 turpe
399 1926 486 1995 inter
500 1925 637 1996 ridicula
648 1926 741 1994 mimi
752 1925 903 2010 dixerint,
918 1941 999 1996 tuuc
1008 1950 1047 1996 ex
1056 1925 1332 2019 insipientioribus

289 2025 424 2127 quidam
438 2032 547 2102 rident
559 2045 592 2102 et
611 2032 778 2102 laetantur.
791 2033 877 2104 Cirm
894 2033 1058 2126 lapidibus
1076 2035 1162 2124 ipsos
1175 2033 1334 2124 impetere

289 2155 471 2234 oporteret,
485 2139 651 2233 plaudunt
661 2139 710 2210 illi
722 2141 895 2234 superbis,
914 2155 947 2212 et
955 2163 1013 2234 per
1029 2143 1115 2210 hanc
1127 2139 1332 2232 voluptatem

289 2247 545 2340 caminnmignis
560 2251 674 2318 contrh
685 2261 890 2342 caputsuum
901 2249 1082 2320 attrahunt.
1093 2251 1176 2319 Nam
1188 2249 1246 2342 qui
1255 2247 1333 2318 talia

290 2354 434 2438 dicentes
450 2347 606 2441 laudant,
620 2355 643 2424 ii
660 2367 737 2424 sunt
752 2357 810 2450 qni
829 2355 969 2424 maxime
984 2353 1020 2424 id
1042 2353 1151 2425 dicere
1167 2353 1308 2426 suadent
1321 2367 1344 2426 ε’

289 2463 431 2554 ideoque
447 2461 607 2555 supplicio
621 2463 700 2532 huic
720 2462 858 2532 facinori
882 2463 995 2533 debito
1006 2465 1183 2558 justissime
1198 2463 1333 2532 obnoxii

290 2583 398 2636 erunt.
414 2570 547 2638 Etenim
566 2570 593 2636 si
614 2567 726 2638 nullus
747 2584 829 2639 esset
848 2583 1030 2663 spectator,
1049 2569 1161 2638 nullus
1180 2568 1329 2662 prodiret

289 2673 403 2744 histrio
430 2697 438 2738 ι
461 2674 538 2744 cirm
568 2689 680 2744 autem
705 2697 762 2746 vos
792 2676 904 2746 vident
935 2689 968 2746 et
995 2677 1152 2760 officinas,
1171 2689 1204 2744 et
1221 2689 1328 2761 artes,

290 2795 324 2851 et
339 2795 502 2877 quaestum
519 2784 597 2853 hinc
613 2785 879 2877 provenientem,
901 2798 1000 2878 atque
1014 2809 1083 2854 uno
1101 2783 1203 2853 verbo
1219 2783 1331 2854 omnia

289 2890 490 2984 relinquere,
509 2905 548 2974 ut
561 2891 603 2959 ad
619 2893 690 2960 haec
705 2889 891 2983 spectacula
915 2891 1110 2977 occurratis,
1125 2889 1241 2983 majori
1257 2888 1330 2958 ala·
1370 2957 1372 2962 ,

289 2997 404 3066 oritate
436 3011 535 3088 atque
561 2996 670 3064 studio
696 2997 747 3065 his
767 3021 901 3093 operam
923 2997 1092 3068 adhihent.
1121 3001 1192 3067 Hoc
1217 3011 1331 3066 autern

288 3101 378 3186 dico,
395 3126 464 3170 non
479 3115 517 3169 ut
531 3098 604 3188 illos
619 3101 786 3172 herimine
799 3101 961 3173 vindicem
974 3137 983 3194 3
1004 3105 1061 3173 sed
1077 3117 1115 3173 ut
1130 3103 1261 3173 discatis
1273 3126 1332 3172 vos

289 3231 357 3276 esse
371 3207 429 3298 qui
443 3207 634 3301 hujusmodi
650 3211 748 3303 nequi
754 3211 805 3279 fiae
826 3212 1024 3305 principium
1039 3227 1073 3282 et
1087 3211 1230 3281 radicem
1251 3212 1331 3280 sub-

289 3315 490 3402 ministratis,
504 3317 562 3408 qui
577 3329 680 3386 totam
689 3315 776 3386 diem
791 3318 842 3387 his
857 3319 892 3388 in
903 3321 1001 3388 rebus
1015 3320 1189 3406 insumitis,
1207 3321 1331 3388 hones·

288 3435 361 3493 tum
370 3425 512 3518 conjugii
527 3438 646 3494 statum
660 3427 869 3496 traducentes
882 3482 891 3516 ,
910 3443 943 3497 et
962 3431 1156 3518 mysterium
1173 3451 1332 3518 magnum

289 3529 551 3600 dehonestantes.
569 3537 683 3628 Neque
711 3535 799 3604 enim
815 3535 929 3626 histrio
945 3531 1001 3603 ille
1016 3536 1061 3603 ira
1086 3533 1266 3628 delinquit,
1292 3547 1331 3602 ut

288 3650 342 3724 tu,
360 3639 417 3730 qui
437 3637 508 3708 haec
522 3639 592 3708 lieri
604 3641 718 3734 jubes,
735 3641 802 3710 imh
823 3665 883 3712 nec
895 3641 992 3736 jubes
1008 3642 1107 3712 modo
1127 3672 1134 3712 :
1158 3641 1329 3710 sedetiam

289 3737 561 3833 curamadhibes,
574 3745 705 3832 laetaris,
721 3747 822 3834 rides,
839 3745 1019 3842 laudasque
1031 3749 1221 3842 hujusmodi
1234 3773 1328 3840 spec·

290 3849 415 3936 tacula,
448 3855 604 3946 omnique
636 3851 735 3933 modo
766 3855 852 3940 hanc
879 3855 970 3924 foves
1000 3853 1191 3926 daemonum
1217 3853 1327 3927 offici-

327 3976 433 4044 ¹Ephos
447 3979 538 4045 v,d.'
