2992 4590
235 341 302 421 ldl
384 357 565 430 antrorum
587 359 614 408 s.
640 336 795 421 strauit,
820 355 897 411 rans
916 361 962 418 rr,
987 359 1072 409 sacr.
1098 361 1123 404 1.
1213 419 1215 432 Α

233 486 271 534 ac
286 484 343 556 per
358 475 507 553 terrena,
525 485 643 560 supera
653 461 853 544 lucraretur,
869 474 903 532 et
912 483 970 554 per
982 461 1070 533 fluxa
1085 473 1119 530 et
1134 457 1273 558 fragilia,

234 592 358 666 eaquae
373 569 468 656 firma
483 582 516 638 et
531 582 653 640 aeterna
669 581 767 652 sunt,
784 581 1003 660 compararet:
1133 661 1134 666 ἵ

279 703 296 742 n
315 676 400 750 Hinc
412 676 624 764 Byzantium,
647 673 765 742 urbem
786 673 887 744 totius
900 671 1040 742 Orientis
1055 672 1278 766 principatum
1368 703 1370 708 ·

233 765 425 868 tenentem,
443 783 534 856 venit
549 813 559 872 3
576 775 874 871 (excellentissimis
897 779 985 850 enim
1001 778 1185 853 oratoribus
1199 780 1277 872 phi-

234 889 445 986 losophisque
468 887 626 974 florebat,
649 887 904 981 quorum'brevi
921 887 1044 978 optima
1067 909 1208 980 quaeque
1223 887 1277 980 in-

234 994 321 1086 genii
349 993 516 1067 celeritate
544 1018 581 1067 ac
608 991 836 1086 magnitudine
860 991 992 1084 collegit
1007 999 1049 1084 ς)
1075 1007 1175 1086 atque
1200 993 1278 1065 inde

233 1103 400 1187 Athenas,
419 1103 483 1172 hoc
507 1115 579 1186 est,
606 1101 789 1183 litterarum
818 1099 927 1171 sedem
952 1124 989 1172 ac
1016 1099 1280 1192 domicilium,a

212 1212 328 1295 lleo,
345 1220 445 1302 atque
461 1206 651 1300 inexplebili
669 1206 766 1280 simul
791 1220 824 1275 et
838 1205 995 1302 praeclara
1011 1207 1169 1278 doctrinae
1185 1208 1280 1303 cupi-

235 1313 337 1386 ditate
356 1315 499 1387 mittitur
511 1346 519 1402 3
533 1316 695 1401 Athenas,
712 1316 866 1408 inquam,
883 1315 965 1388 mihi
978 1315 1054 1386 vere
1073 1339 1205 1400 aureas,
1224 1339 1278 1401 ac,

235 1421 262 1493 si
278 1421 434 1514 cuiquam
452 1420 524 1507 alii,
551 1421 716 1492 bonorum
742 1422 989 1516 procuratrices.
1009 1423 1092 1494 Nam
1115 1419 1181 1492 ittae
1199 1421 1282 1506 mihi

234 1527 422 1612 hominem,
446 1550 514 1600 non
536 1527 631 1598 illum
647 1529 783 1624 quidem
803 1528 879 1598 ante
896 1529 1068 1620 ignotum,
1089 1527 1147 1599 sed
1170 1543 1282 1607 tamen

236 1632 367 1730 plenius
382 1634 586 1707 noscendum
598 1633 812 1730 praebudrunt
825 1663 833 1706 ε
848 1658 885 1704 ac
901 1633 1085 1724 doctrinam
1095 1635 1281 1729 exquirens,

237 1739 478 1813 beatitudinem
497 1743 625 1836 reperi3
649 1742 796 1836 mihique
814 1740 936 1834 dispari
956 1740 1055 1816 modo
1081 1739 1169 1816 idem
1190 1741 1282 1834 quod

240 1845 330 1918 Saiili
346 1845 482 1938 accidit,
506 1847 581 1944 Qui
588 1849 708 1939 patris
724 1847 850 1919 asinus
865 1870 1047 1938 quaerens,
1063 1871 1211 1942 regnum
1226 1849 1283 1918 in-

240 1954 366 2042 υθηίιῑ,
387 1953 528 2053 plusque
545 1955 580 2024 in
597 1956 634 2022 ed
649 1978 704 2040 re,
727 1977 827 2051 quam
851 1955 958 2024 obiter
973 1955 1092 2046 agebat
1106 2007 1115 2042 ,
1127 1949 1232 2050 'quarn
1248 1956 1283 2024 in

241 2083 301 2146 ea,
328 2085 404 2154 quae
430 2061 596 2154 praecipue
611 2063 673 2157 ipsi
690 2086 778 2132 curae
795 2076 884 2148 erat,
906 2061 1080 2134 lucrifecit.
1099 2065 1173 2133 lam
1187 2063 1283 2135 nobis

241 2165 377 2258 quidem
400 2168 560 2239 hactends
586 2167 700 2262 planat,
724 2181 757 2238 et
782 2165 870 2246 sacili
892 2193 929 2240 ac
947 2169 1023 2240 verb
1044 2169 1132 2260 regia
1146 2167 1284 2242 laudum

240 2269 327 2345 illius
343 2274 396 2342 vid
420 2297 613 2368 prosperum
629 2298 762 2344 cursum
791 2277 894 2347 oratio
914 2277 1022 2346 tenuit
1040 2305 1048 2346 ι
1066 2299 1156 2345 nunc
1173 2290 1283 2352 autern

146 2425 148 2432 ,
241 2405 343 2476 quam
367 2379 499 2450 dicendi
523 2384 683 2452 rationem
711 2407 850 2476 sequar,
876 2397 953 2470 aut,
972 2385 1039 2478 qud
1063 2397 1281 2470 marottam,

241 2488 369 2576 nesci03
383 2488 483 2556 habet
504 2489 592 2556 eni-m
613 2489 695 2558 mihi
712 2489 853 2562 arduum
868 2489 1055 2584 aliquidhic
1067 2514 1184 2561 sermo.
1209 2491 1284 2562 tlte

210 2653 216 2667 .
241 2593 328 2662 enim
356 2595 502 2664 oratione
521 2618 729 2686 progressuS,
747 2610 846 2692 atque
874 2598 960 2667 hanc
975 2597 1179 2668 occasionem
1204 2623 1284 2668 nac·
1369 2660 1373 2664 .

241 2713 311 2787 tus,
329 2703 553 2772 rerumretiam
567 2726 716 2773 mearum
728 2701 857 2798 aliquid
877 2705 1075 2798 adjungere,
1093 2702 1286 2798 paulnllrm·

243 2833 309 2904 quc
322 2801 368 2879 'in
390 2810 452 2878 hac
472 2811 658 2880 narratione
680 2811 847 2880 immorari
863 2812 984 2904 gestio,
1000 2825 1099 2908 atquc
1124 2809 1233 2900 nude,
1252 2828 1286 2887 et

241 2915 444 3012 quomodo,
464 2941 501 2986 ac
517 2917 638 3012 quibus
662 2940 702 2986 ex
717 2917 817 2990 initiis
833 2917 976 2986 conflata
993 2919 1155 2988 internos
1171 2919 1285 2990 amiei-

242 3025 306 3112 tia,
324 3023 407 3109 sive,
426 3038 464 3092 ut
479 3023 714 3114 congruontilrs
729 3021 865 3118 loquar,
884 3025 1070 3096 animorum
1086 3027 1286 3118 conspiratio

242 3146 276 3202 et
298 3145 425 3200 naturae
455 3133 646 3222 conjunctio
669 3129 769 3200 tuerit
796 3129 967 3223 explicare.
994 3131 1286 3215 Quemadmodum

242 3239 331 3306 enim
355 3235 443 3304 oculi
469 3229 655 3330 ajucundis
682 3238 876 3329 spectaculis
892 3261 971 3332 ¹non
987 3237 1082 3308 facile
1098 3237 1257 3310 recedunt
1274 3293 1283 3326 ,

243 3369 280 3414 ac
296 3345 411 3438 siquis
427 3367 485 3438 per
508 3344 575 3413 vim
591 3368 644 3414 eos
668 3347 830 3431 retrahat,
849 3345 966 3416 eddam
981 3347 1092 3418 rursus
1108 3346 1284 3440 feruntur3

242 3453 287 3523 sic
308 3476 369 3522 nec
387 3475 493 3522 sermo
509 3453 528 3520 a
547 3476 656 3521 rerum
681 3453 942 3522 suavissimarum
959 3455 1282 3548 commemoratione.

244 3559 309 3632 Sed
333 3562 368 3630 in
393 3561 456 3631 hoc
476 3574 597 3630 conatu
617 3558 828 3632 metuendam
855 3560 936 3628 mihi
959 3559 1189 3632 difficultatem
1216 3585 1285 3635 esse

242 3668 418 3762 conspicio.
437 3667 577 3738 Annitor
592 3666 723 3760 itaque,
742 3681 795 3753 ut,
819 3669 920 3760 quarn
941 3667 1123 3760 parcissimd
1146 3683 1281 3764 potero,
1368 3680 1373 3693 '

167 3854 171 3861 ¹
242 3773 279 3844 id
294 3771 423 3844 faciam.
448 3772 545 3856 Quod
567 3773 594 3842 si
617 3795 676 3842 nos
692 3769 778 3844 forte
794 3773 911 3844 amoris
931 3786 965 3842 et
983 3772 1171 3868 cupiditatis
1186 3789 1285 3846 aestus

281 3913 288 3940 ¹
306 3903 435 3968 mean,
453 3900 478 3966 3,
492 3907 518 3952 et
526 3917 593 3970 seqq.
