2996 4598
246 433 349 481 carun
371 436 416 480 vr.
442 435 484 478 na
507 433 663 480 neruoso
686 435 723 480 rrt
744 431 954 482 eoncrortrsos
974 429 1142 479 tuururrt.
1176 417 1219 480 89

182 549 275 606 tuum
295 553 441 606 mensam
461 533 628 626 daemones
641 536 831 605 hominibus
850 549 1087 630 apparaverunt
1105 549 1220 606 conta-

179 643 373 728 minatam¹,
389 641 700 735 inquinatissimam,
719 653 753 709 et
767 641 926 711 diabolica
941 656 1101 734 potestate
1116 639 1221 712 reser-

179 763 258 819 tarn.
276 750 398 820 Verium
413 751 598 842 postquam?
611 747 790 832 advenisti,
807 750 830 817 d
842 751 996 836 Domine,
1016 750 1172 820 Potuisti
1175 737 1221 820 'in

179 848 371 950 conspectu
389 880 470 926 meo
486 877 663 926 mensam.
677 851 815 936 Quaudd
835 855 935 923 homo
946 859 1014 924 Deo
1034 856 1139 926 dicit:
1158 861 1221 926 Pa·

179 963 255 1033 rasti
270 963 305 1032 in
317 977 496 1055 conspectu
511 985 586 1032 meo
598 983 756 1046 mensam,
771 958 852 1052 quid
862 959 951 1030 aliud
961 961 1121 1052 significat
1134 985 1222 1053 prae-

179 1083 228 1138 ter
242 1069 415 1160 mysticam
430 1083 464 1138 et
482 1066 721 1158 intelligibilem
737 1089 881 1135 mensam
902 1091 1003 1160 quarn
1028 1073 1111 1136 Deus
1127 1067 1223 1138 nobis

179 1176 360 1268 apparavit.
388 1173 456 1253 Ea
474 1171 642 1257 adverso,
665 1173 728 1242 hoc
751 1185 819 1258 est,
840 1195 879 1242 ex
900 1172 1034 1243 adversa
1052 1185 1167 1265 parte,
1189 1185 1223 1242 et

179 1282 367 1375 oppositam
378 1280 606 1349 daemonibus?
620 1281 663 1347 Et
673 1278 761 1347 recte
771 1277 906 1371 quidem
922 1301 1052 1348 :mensa
1063 1271 1149 1347 enirlr
1165 1275 1222 1348 illa

180 1389 448 1459 communionem
476 1387 618 1455 habebat
644 1409 722 1456 curn
751 1387 975 1475 daemonibus,
1005 1387 1118 1456 isthaec
1143 1390 1222 1456 verd

181 1519 260 1565 curn
287 1499 366 1564 Deo.
391 1491 638 1587 Impingucistt'
662 1495 700 1562 in
718 1490 797 1562 oleo
820 1507 932 1584 caput
954 1517 1072 1562 meum
1085 1499 1123 1580 ²,
1148 1493 1222 1564 oleo

180 1613 280 1692 caput
289 1599 645 1690 tuumimpinguavitin
655 1597 842 1691 lronte,per
851 1599 1056 1691 signaculum
1067 1598 1158 1694 quod
1166 1601 1222 1670 ha·

178 1706 237 1774 bes
249 1707 318 1790 Dei,
333 1702 372 1774 ut
386 1705 535 1774 efficiaris
549 1705 673 1796 effigies
695 1704 872 1796 signaculi,
890 1705 1102 1775 sanctificatio
1123 1707 1181 1774 Dei
1193 1707 1218 1774 ³.

178 1809 231 1881 Et
243 1808 345 1880 colim
358 1824 438 1879 tuus
450 1807 636 1879 inebrians
647 1833 705 1879 me
717 1811 826 1902 quasi
839 1813 993 1903 optimus
1009 1813 1033 1880 ⁴.
1052 1811 1151 1880 Vides
1166 1811 1221 1881 hlc

178 1941 255 2016 eurn
268 1916 404 1986 calicem
416 1913 497 2002 dici,
516 1916 615 2010 quein
632 1917 709 1988 cum
724 1918 912 2009 sumpsisset
923 1922 1016 1986 lesus
1030 1919 1066 1986 in
1084 1941 1219 2002 manus,

179 2037 211 2122 et
235 2024 353 2115 gratias
373 2023 507 2114 egisset,
531 2022 616 2092 dixit
640 2053 648 2092 ε
668 2021 745 2092 Hic
773 2047 874 2093 meus
900 2039 953 2093 est
982 2025 1149 2120 sanguia,
1162 2025 1225 2114 qui

143 2163 148 2189 2
178 2155 245 2224 pro
264 2128 385 2200 multis
402 2129 601 2226 effunditur
622 2131 922 2200 rn‘remzirsionem
943 2145 1178 2224 peccatorum
1194 2136 1218 2200 ⁶.

224 2265 240 2304 u
249 2239 378 2308 Idcircd
390 2251 424 2306 et
441 2235 596 2306 Salomon
611 2261 683 2306 earn
696 2239 832 2328 gratiam
845 2239 880 2307 in
892 2240 1085 2309 Ecclesiaste
1095 2239 1222 2328 signill-

180 2368 266 2431 cans,
283 2345 328 2413 ait
338 2373 346 2414 a
358 2342 402 2417 V
398 2343 459 2411 eni
465 2397 478 2430 ,
489 2339 639 2412 comede
656 2344 693 2411 in
704 2341 832 2414 laetr'tr'd
842 2369 979 2436 ponem
993 2359 1092 2412 tuum
1103 2344 1222 2436 (spiri-

180 2451 304 2521 tualem
321 2459 468 2545 panem).
491 2449 534 2521 V
532 2451 611 2520 eni:
633 2445 739 2521 Vocat
752 2451 907 2520 nimirlrm
925 2451 1078 2538 salutari,
1099 2465 1133 2520 et
1147 2475 1222 2544 quae

180 2559 291 2630 beatos
314 2558 415 2645 facit,
437 2559 619 2628 vocatione.
641 2557 695 2630 Et
719 2557 836 2629 oleum
858 2584 967 2654 super
991 2575 1103 2653 caput
1124 2574 1221 2640 tuum

181 2662 401 2762 effundatur.
437 2663 595 2733 Vides-*ne
616 2665 897 2757 quemadmodum
925 2667 1023 2736 etiam
1046 2667 1221 2757 mysticum

181 2775 319 2845 chrisma
329 2771 477 2862 designet
491 2769 563 2842 :Et
574 2773 841 2862 omnitempore
853 2773 924 2840 sint
934 2787 998 2840 tua
1009 2774 1223 2842 vestimentu

181 2875 363 2962 condida,
386 2877 473 2969 qut'cz
496 2877 577 2948 Deo
597 2891 751 2969 accepta
771 2892 854 2946 sunt
871 2879 1101 2969 operatual.
1129 2879 1223 2948 Prius

181 2987 268 3055 enim
289 2987 391 3079 quam
411 2983 453 3054 ad
473 2987 608 3076 gratiam
633 2987 821 3072 accederes,
839 2986 986 3054 vunr'tas
1000 2986 1222 3053 vant'tatum⁷
1278 3011 1280 3018 ‘

181 3111 271 3165 erant
286 3117 385 3186 opera
401 3107 476 3184 tua,
490 3097 664 3186 postquam
674 3097 753 3163 verd
765 3093 880 3162 exuisti
895 3107 1004 3163 vetera
1018 3093 1220 3179 vestimenta,

181 3215 213 3271 et
228 3227 284 3288 ea,
303 3226 378 3296 quae
401 3215 478 3271 sunt
505 3200 714 3294 spiritualiter
736 3200 896 3280 candida,
921 3202 1079 3287 induisti,
1096 3225 1224 3294 semper
1310 3283 1313 3289 ⁴

181 3307 327 3378 candidis
347 3310 501 3379 vestitum
524 3331 592 3377 esse
608 3322 750 3400 oportet.
771 3311 846 3377 Non
869 3309 933 3376 hoc
955 3307 1110 3392 dicimus,
1133 3307 1222 3401 quod

180 3415 324 3486 vestibus
340 3415 422 3484 albis
434 3429 468 3484 te
483 3437 610 3506 semper
625 3407 720 3483 indui
739 3436 870 3482 necesse
891 3413 933 3482 sit
950 3443 958 3483 ι
975 3413 1032 3484 sed
1051 3437 1126 3506 quae
1148 3416 1223 3504 vere

182 3521 255 3592 alba
278 3535 356 3592 sunt
380 3535 413 3592 et
435 3513 607 3614 splendida
634 3527 685 3607 (et
708 3509 921 3612 spiritualia),
948 3519 999 3590 his
1015 3533 1048 3589 te
1067 3518 1223 3588 indutum

183 3643 323 3722 oportet,
341 3643 380 3698 ut
386 3631 478 3722 juxta
492 3628 627 3698 beatum
640 3631 792 3698 Hesai'am
804 3626 891 3698 dicas
904 3656 911 3696 ε
926 3625 1082 3696 E'oeultet
1097 3627 1223 3694 anima

218 3819 226 3845 ι
242 3800 344 3852 Malach.
361 3818 383 3861 ι,
398 3817 421 3867 7.
437 3827 468 3838 -
488 3811 498 3838 ²
514 3801 576 3852 Psal.
593 3816 656 3862 xxu,
672 3799 696 3850 5.
717 3826 749 3836 —
767 3796 778 3838 ³
795 3800 870 3851 Exod.
885 3815 971 3864 xxrnr,
984 3799 1015 3850 32
1028 3838 1035 3865 ‚
1045 3799 1116 3864 juxta
1128 3815 1183 3860 axx,
1199 3807 1225 3850 et

186 3885 226 3951 36,
240 3886 313 3950 jaatd
333 3885 467 3952 vulgatam.
486 3913 517 3923 -
536 3885 547 3934 l
565 3886 626 3938 Psal.
645 3902 707 3952 tarr,
724 3883 749 3939 5.
767 3883 1001 3951 -5utatth.xxv1,
1015 3885 1057 3936 28.
1074 3911 1105 3922 —
1119 3883 1130 3920 ⁶
1142 3885 1222 3935 Eccle.

185 3985 220 4035 rx,
233 3984 258 4036 7,
272 3974 297 4023 8.
312 3971 415 4022 -71d.
432 3987 456 4035 r,
469 3983 493 4022 a.
