2984 4580
256 427 357 470 crau-n
380 426 425 470 vr.
445 427 486 468 1111
501 425 657 468 nonnoso
681 425 716 466 rn
738 417 946 500 cqncronraus
969 421 1134 466 saaraim.
1160 405 1221 466 361

94 607 97 612 Ι
187 525 255 594 illlc
280 527 374 593 nobis
397 539 518 615 pereat.
546 525 713 613 Ingressus
735 521 770 588 in
793 519 992 612 cauponam,
1018 522 1099 613 quid
1123 543 1225 614 puero

187 631 291 700 dicis?
307 633 390 700 Vide
403 655 469 729 qqo
490 629 564 700 loco
580 629 630 697 res
645 642 771 696 nostras
789 627 936 718 deponis,
954 649 996 694 ne
1011 627 1094 719 quid
1105 629 1159 696 hic
1174 651 1224 696 re·

186 737 372 832 linquatur,
388 737 526 831 nequid
541 737 752 830 quantumvis
770 735 842 802 leve
858 733 910 804 vel
925 735 1080 826 exiguum
1094 750 1223 827 pereat,

186 859 225 914 ut
241 845 498 916 omniadomum
514 857 728 935 reportemus.
745 842 798 912 Sic
810 856 843 910 et
854 865 913 910 nus
925 843 959 912 in
972 843 1124 933 praesenti
1135 843 1223 912 vita:

184 973 257 1020 eam
276 953 369 1044 quasi
386 972 570 1042 cauponam
583 949 808 1040 respiciamus,
822 945 971 1040 nihilque
986 949 1040 1016 hic
1056 948 1226 1040 relinqua·

184 1077 274 1143 mus,
290 1057 348 1126 sed
367 1058 486 1126 omnia
497 1056 533 1124 in
548 1054 754 1146 metropolim
771 1068 985 1145 reportemus.
1009 1055 1170 1124 Viatores
1190 1079 1226 1124 ac

130 1139 137 1159 ⁸
184 1163 393 1253 peregrinus,
416 1162 483 1230 imo
501 1161 625 1231 viatore
645 1161 750 1230 vilior.
765 1161 964 1242 Quomodo?
984 1165 1055 1251 Ego
1080 1160 1188 1229 dicam
1215 1191 1223 1228 :

185 1270 300 1350 Viator
322 1270 384 1340 scit
410 1267 544 1361 quando
567 1267 750 1358 ingreditur
772 1266 1008 1353 diversorium,
1034 1282 1068 1337 et
1091 1269 1225 1360 quando

186 1376 354 1466 egreditur
373 1403 380 1445 :
399 1376 432 1442 in
455 1376 524 1466 ejus
540 1374 641 1444 enim
654 1373 787 1442 arbitrio
811 1387 861 1442 est
880 1397 1038 1465 egressus,
1065 1373 1226 1468 quemad-

176 1479 322 1549 modirm
338 1495 371 1549 et
381 1480 553 1569 ingressus.
568 1483 637 1569 Ego
649 1493 758 1548 autem
773 1481 936 1570 ingressus
949 1481 984 1548 in
996 1481 1222 1566 diversorium,

186 1587 249 1654 hoc
273 1599 320 1654 est
342 1585 376 1652 in
403 1600 598 1676 praesentem
624 1587 747 1672 vitam,
779 1585 914 1678 quando
943 1609 1129 1675 egressurus
1152 1610 1225 1656 sum

184 1691 310 1781 ignoro.
326 1697 436 1785 Atque
445 1693 613 1774 interdum
625 1692 794 1784 prolongo
804 1707 951 1786 tempore
961 1692 1116 1762 alimenta
1130 1717 1222 1786 paro,

184 1811 217 1868 et
241 1801 399 1871 Dominus
426 1801 561 1892 repente
583 1795 636 1868 mc
658 1815 754 1869 vocat
781 1822 788 1864 ε
815 1797 951 1886 Stulte,
981 1823 1061 1890 quoe
1080 1803 1227 1894 persisti

181 1903 286 1999 cujus
315 1901 452 1974 erunt?
483 1904 556 1976 loric
588 1905 683 1976 enim
715 1919 819 1974 nocte
848 1907 1028 1998 accipient
1061 1907 1225 1978 anticam

183 2023 286 2080 tuam
310 2017 333 2080 1.
365 2018 515 2083 Incertus
542 2014 664 2096 exitus,
682 2013 842 2082 instabilis
866 2015 1043 2106 possessio,
1062 2029 1224 2084 sexcenta

182 2119 380 2210 praecipitia,
398 2121 546 2213 undique
568 2119 730 2212 procellae.
750 2125 818 2191 Cur
834 2121 955 2190 insanis
971 2123 1060 2193 circa·
1073 2121 1224 2192 umbras?

181 2226 369 2296 cur‘relictd
382 2229 519 2297 veritate
535 2229 577 2296 ad
592 2229 724 2296 umbras
739 2227 913 2320 confugis?

229 2360 245 2396 11
272 2337 351 2402 Haec
366 2333 459 2416 dicu,
478 2358 539 2402 nec
555 2333 664 2402 dicere
679 2335 826 2403 desinam
850 2335 998 2404 dolorem
1013 2333 1171 2419 inserens,
1190 2349 1224 2404 et

180 2439 317 2532 vulnera
338 2441 573 2534 comprimens3
591 2440 692 2534 idque
712 2466 780 2510 non
795 2456 929 2534 propter
945 2465 1000 2510 eos
1023 2441 1080 2533 qui
1096 2440 1224 2510 cecide-

181 2561 280 2632 runt,
298 2547 357 2616 sed
368 2535 502 2640 propter
517 2571 572 2617 cos
587 2549 644 2641 qui
656 2563 842 2640 supersunt.
863 2547 915 2616 Illi
933 2548 1077 2640 namque
1093 2547 1222 2620 absces-

180 2653 306 2738 serunt,
324 2655 491 2746 finemque
507 2658 704 2745 acceperunt
722 2685 729 2724 :
745 2657 802 2748 qui
813 2659 891 2724 verd
903 2671 1090 2746 supersunt,
1109 2680 1223 2726 eorum

179 2757 420 2828 calamitatibus
435 2761 595 2828 cautiores
610 2760 793 2828 evaserunt.
818 2765 861 2828 Et
881 2759 982 2852 quid,
999 2761 1152 2852 inquies}
1170 2760 1221 2830 la-

178 2865 325 2934 cicmus‘t
343 2869 452 2936 Unum
464 2867 527 2936 hoc
539 2865 651 2949 facite,
666 2867 819 2956 pecunias
835 2865 912 2936 odio
925 2867 1058 2950 habeas,
1072 2880 1106 2934 et
1121 2867 1221 2935 vitam

180 2984 273 3061 tuam
291 2970 417 3061 diligas.
437 2969 757 3065 Abjicelacultates,
772 2997 841 3058 non
857 2974 932 3044 dico
948 2997 1073 3059 omnes,
1092 2976 1149 3044 sed
1164 2998 1222 3044 su-

179 3077 320 3168 perfluas
335 3102 454 3148 reseca.
474 3079 588 3160 Aliena
608 3105 651 3148 ne
664 3081 893 3172 concupiscas,
912 3081 1046 3154 viduam
1062 3106 1104 3150 nc
1120 3107 1222 3175 expo-

178 3181 250 3268 lies,
277 3183 395 3275 pupilli
417 3186 504 3254 bona
527 3210 569 3254 ne
591 3189 713 3279 rapias,
738 3187 873 3256 domum
895 3211 936 3258 nc
958 3190 1099 3281 accipias
1123 3219 1130 3261 :
1153 3215 1221 3262 non

178 3312 332 3379 personas
349 3289 441 3386 dico,
460 3291 518 3358 sed
530 3315 591 3359 res.
615 3295 648 3362 Si
665 3311 763 3384 quern
777 3293 975 3364 conscientia
991 3295 1135 3381 mordet,
1152 3298 1221 3388 ipse

178 3395 214 3463 in
239 3399 339 3466 causat¹
354 3411 423 3482 est,
446 3419 514 3466 non
538 3415 631 3468 meus
653 3421 770 3468 sermo.
790 3402 857 3468 Cur
877 3401 979 3491 rapis,
999 3401 1057 3473 ubi
1073 3403 1221 3474 invidia?

140 3549 142 3562 .
178 3527 273 3595 rape,
293 3503 351 3570 ubi
367 3505 507 3572 coronat
517 3507 572 3600 *Ne
585 3504 689 3595 rapias
697 3518 832 3590 terram,
853 3506 910 3574 sed
917 3507 1053 3578 coelum.
1069 3507 1111 3580 V
1109 3508 1220 3580 iolen-

179 3622 295 3678 torum
312 3624 364 3678 est
376 3633 525 3704 regnum
537 3607 720 3697 caelorum,
733 3626 769 3680 et
782 3610 1083 3706 violentr'rapiunt
1094 3614 1185 3686 illud
1192 3623 1216 3686 ².

178 3717 265 3799 Quid
290 3719 374 3809 rapis
396 3741 574 3810 pauperem
600 3725 823 3790 accusantem?
849 3727 939 3814 Rape
960 3724 1126 3793 Christum
1146 3725 1220 3794 lau-

175 3823 323 3892 dantem,
345 3822 463 3898 Vidisti
483 3825 726 3916 improbitatem
743 3841 776 3896 et
791 3829 971 3898 insaniam?
989 3830 1075 3922 rapis
1094 3853 1219 3922 paupe-

214 3961 222 3988 ¹
236 3954 295 4002 Luc.
306 3967 349 4015 xn,
364 3964 405 4002 20.
421 3963 473 3988 -2
492 3955 577 4004 Matth.
597 3972 631 4014 ru,
648 3967 686 4004 12.
