2984 4580
243 477 344 526 curor
366 482 413 526 v1.
438 483 479 530 ou
503 480 659 526 nurnero
674 483 708 526 m
725 480 932 527 concremans
948 479 1113 527 summm.
1148 465 1211 526 413

175 577 336 678 vestibulo
347 580 492 650 versaris.
509 583 635 660 Intrare
650 592 684 648 te
699 592 841 672 oportet,
859 579 979 649 atrium
994 579 1209 674 pertransire,

151 709 153 716 ·
175 699 287 754 sancta
309 687 480 774 contueri,
497 688 533 759 in
557 690 676 756 Sancta
698 701 885 758 sanctorum
906 689 1108 780 prospicere,
1135 711 1213 764 cum

177 793 333 864 Trinitate
350 796 518 888 conjungi.
536 799 656 887 Magna
672 809 823 882 suntor,
842 795 886 866 ob
901 819 977 890 quae
996 796 1212 890 oppugnaris3

174 915 295 991 magno
311 903 445 994 quoque
461 899 613 994 praesidio
632 925 715 994 opus
735 902 847 972 habes.
871 903 1031 986 Quocirca
1047 901 1124 972 fidei
1143 899 1216 991 cly-

173 1029 273 1098 peum
289 1007 442 1078 adversius
452 1009 662 1102 eumsobjice.
678 1009 784 1078 Timet
798 1024 832 1080 te
847 1033 924 1080 cnm
940 1009 1036 1080 armis
1051 1007 1214 1079 dimican-
1309 1074 1311 1086 ,

173 1126 261 1203 tem,
282 1137 320 1184 ac
339 1115 513 1206 proptereb
529 1128 562 1184 te
581 1115 776 1184 charismate
791 1115 929 1208 spoliat,
945 1129 985 1185 ut
1007 1117 1166 1186 inermem
1181 1128 1215 1184 et

158 1220 345 1291 incautum
363 1219 492 1292 facilius
507 1223 682 1316 opprimat.
697 1225 819 1294 Omnes
834 1237 970 1292 aetatum
987 1221 1124 1316 gradus,
1142 1245 1216 1293 om-

174 1328 229 1398 nia
243 1327 321 1400 vitae
341 1351 459 1420 genere
482 1343 516 1399 et
530 1331 679 1400 instituta
695 1329 836 1422 attingit.
859 1331 968 1414 Quarb
992 1331 1082 1402 omni
1105 1329 1215 1403 studio

157 1435 395 1528 propulsetur.

222 1569 239 1608 o
265 1545 400 1614 Juvenis
414 1547 468 1614 es?
480 1545 603 1616 Contrb
620 1567 737 1638 pravos
747 1545 897 1632 affectus,
908 1546 944 1614 in
960 1546 1028 1617 acie
1043 1569 1121 1616 cum
1132 1547 1214 1616 sub-

174 1647 257 1718 sidio
268 1664 333 1734 sta,
352 1651 387 1720 in
402 1651 459 1720 Dei
476 1650 640 1744 phalange
656 1655 779 1723 nornen
792 1655 958 1746 profitere,
975 1651 1128 1723 adversus
1145 1655 1214 1724 Go-

171 1755 253 1824 liath
269 1759 400 1827 strenue
424 1781 549 1850 pugna,
567 1759 657 1828 mille
669 1759 722 1831 vel
734 1758 841 1829 decies
853 1759 991 1829 totidem
1001 1761 1110 1830 hostes
1120 1783 1212 1854 cape,

68 1851 71 1858 ¹
172 1887 211 1934 ac
225 1863 287 1934 tibi
302 1866 436 1959 subjice.
462 1869 512 1936 Ita
529 1867 610 1936 flore
626 1865 730 1936 aetatis
751 1865 882 1956 fruere,
902 1888 964 1936 nec
983 1881 1075 1936 tuam
1095 1869 1215 1960 juven-

160 1983 278 2041 tutem
294 1995 492 2044 marcescere
502 1974 636 2055 sustine,
646 1973 844 2066 'imperfecti
855 1972 922 2043 fide
936 1987 1102 2043 mortuam
1114 1987 1147 2043 et
1157 1997 1215 2042 ex-

171 2077 321 2149 tinctam.
342 2079 483 2163 senilem
499 2093 628 2150 aetatem
640 2080 719 2171 agis,
734 2103 794 2150 nec
807 2073 825 2148 ὲ
837 2080 1015 2149 necessarie
1030 2079 1214 2173 praestituto

171 2182 226 2253 die
234 2183 334 2276 longe
350 2187 449 2255 abes?
463 2190 570 2257 Canos
587 2209 734 2274 reverere
745 2217 755 2276 3
768 2185 989 2280 prudentiam,
1000 2209 1075 2280 quae
1087 2189 1147 2254 'ate
1162 2209 1215 2256 re-

171 2292 334 2386 quiritur,
352 2296 483 2386 proed,
507 2296 573 2388 qual
598 2318 688 2364 nunc
708 2296 843 2380 teneris,
858 2293 1049 2363 infirmitate
1072 2308 1213 2386 praesta3

172 2401 285 2494 paucis
299 2402 350 2472 his
365 2401 493 2489 diebus,
507 2424 590 2496 quos
606 2401 750 2496 reliquos
765 2403 879 2490 habes,
897 2422 1073 2498 succurre3
1090 2409 1214 2495 purga-

171 2509 297 2578 tionem
318 2510 684 2580 senectuti-committe.
712 2509 802 2592 Quid
836 2511 871 2578 in
898 2511 1012 2580 effoeti
1046 2523 1216 2580 senectute

172 2629 272 2708 atque
298 2629 443 2685 extremo
466 2616 542 2686 vitae
564 2616 697 2708 spiritu,
716 2615 872 2710 juvenilis
889 2619 993 2686 aetatis
1016 2616 1096 2688 vitia
1113 2617 1215 2710 perti-

169 2723 308 2793 mescis?
324 2745 366 2792 au
380 2735 418 2792 tu
433 2722 532 2790 ctiam
548 2735 710 2813 expectas,
728 2721 809 2789 diun
824 2735 986 2809 mortuus,
998 2747 1066 2793 non
1078 2725 1146 2816 jam
1158 2723 1215 2794 mi·

172 2829 382 2900 sericordiam
398 2829 516 2920 magis,
530 2830 631 2924 qu‘am
642 2827 694 2896 tui
708 2827 821 2896 odium
833 2851 980 2914 movens,
999 2828 1161 2898 abluaris?
1173 2851 1216 2898 an

171 2935 382 3028 voluptatum
398 2934 550 3028 reliquias
568 2933 604 3003 in
616 2933 751 3005 hisvitae
777 2931 922 3028 reliquiis
944 2935 1090 3027 expetis?
1108 2939 1216 3026 Turpe

172 3059 232 3131 est,
254 3043 331 3114 cbm
348 3057 444 3113 aetate
460 3043 668 3114 consenueris
685 3065 722 3112 ac
738 3041 932 3128 deflexeris,
946 3041 1084 3112 libidine
1105 3055 1217 3110 tamen

171 3167 205 3226 te
217 3153 352 3222 minime
368 3152 597 3242 consenuisse3
614 3149 693 3237 sed,
710 3148 764 3220 vel
781 3149 818 3218 ed
835 3149 939 3236 affici,
955 3148 1013 3219 'vel
1032 3172 1104 3219 eam
1128 3149 1217 3220 certb

172 3261 374 3356 opinionem,
391 3283 449 3351 per
459 3259 615 3359 Baptismi
623 3257 831 3340 dilationem,
850 3255 1038 3362 hominibus
1053 3256 1213 3348 praebere.

173 3368 287 3438 Infans
298 3367 359 3439 tibi
375 3368 503 3436 esti'Ne
514 3365 716 3435 occasionem
729 3362 920 3452 improbitas
938 3363 1091 3454 arripiat:
1110 3363 1152 3432 ab'
1168 3362 1217 3430 in·

172 3475 276 3546 santii
284 3475 517 3558 sanctificetur,
527 3472 649 3564 abipsis
659 3467 846 3562 unguiculis
856 3469 1213 3562 Spirituiconsecretur.
1297 3523 1301 3530 .

173 3588 217 3653 nt
229 3595 363 3680 propter
377 3595 505 3651 naturae
520 3575 778 3648 imbecillitatem
795 3573 941 3667 sigillum
956 3577 1094 3646 metuis?
1108 3577 1216 3658 Qu'am

172 3689 347 3761 imbecillis
361 3690 459 3760 animi
473 3679 578 3758 m'ater
593 3709 627 3756 es
642 3684 837 3778 pusillaeque
851 3681 945 3753 fidei!
965 3686 1060 3754 Anna
1074 3685 1153 3754 verb
1164 3687 1217 3754 Sa·
1324 3759 1327 3762 ,

172 3799 334 3884 moelem,
356 3798 446 3890 pribs
467 3799 565 3866 etiam
597 3797 696 3890 quim
721 3807 911 3886 procreatus
936 3802 1034 3878 esset,
1061 3797 1129 3862 Deo
1155 3815 1216 3862 vo-

168 3907 398 4000 rit13atque
427 3904 462 3974 in
488 3903 597 3975 lucem
633 3901 759 3974 editum
787 3901 896 3972 statim
926 3899 1143 3988 consecravit,
1179 3923 1216 3970 ac

128 4063 131 4069 ,
210 4045 217 4072 ¹
237 4051 248 4086 ι
266 4037 413 4100 Rog.1,1o.
