2930 4582
192 425 294 472 etrus
318 430 364 472 vr.
383 431 424 472 mr
442 427 598 471 marnono
621 426 656 468 tu
679 423 886 470 conoromnus
908 419 1075 467 nnururrt.
1101 407 1160 466 221

126 526 390 615 chrysostomus,
405 526 482 594 clim
493 547 570 594 mox
586 521 820 593 illuminandos
836 521 1168 594 allocutusGatechu·

126 655 240 703 menos
250 633 358 702 aiebat
376 661 384 702 :

174 767 190 803 a
216 741 323 821 Qu'am
349 735 574 807 desiderabilis
594 733 807 826 amabilisque
824 733 919 802 nobis
935 748 983 802 est
1006 735 1167 826 juvenum

127 843 265 914 fratrum
282 845 418 915 chorus!
437 848 504 914 Vos
517 843 607 912 enim
623 839 737 911 sratres
751 840 805 910 vel
821 841 1043 934 antepartum
1063 865 1167 929 voco,

127 976 308 1045 eorumque
324 952 383 1043 qui
394 949 544 1020 nondum
561 948 631 1018 nati
642 963 719 1018 sunt
734 948 965 1040 cognationem
977 947 1167 1039 amplector.

128 1059 211 1130 Novi
234 1058 371 1150 quippe,
397 1056 550 1148 clareque
574 1055 673 1140 novi,
696 1054 731 1124 iu
750 1067 912 1147 quantum
930 1054 1112 1142 honorem,
1137 1053 1172 1121 in

129 1179 293 1258 quantum
321 1163 540 1254 principatum
571 1158 729 1230 evehendi
760 1159 839 1228 sitis.
867 1163 933 1228 Eos
967 1173 1076 1228 autern
1114 1159 1172 1253 qui

128 1269 351 1362 principatum
371 1267 534 1360 accepturi
549 1279 637 1350 sunt,
660 1265 714 1334 vel
731 1268 909 1359 antequam
925 1267 1097 1357 accipiant,
1116 1289 1171 1334 so-

131 1375 202 1443 lent
217 1396 330 1442 omnes
345 1373 517 1456 honorare,
536 1385 574 1440 ut
588 1371 777 1463 hujusmodi
789 1371 960 1464 obsequio,
979 1395 1093 1441 eorum
1109 1371 1172 1441 sibi

130 1467 394 1550 benerolentiam
414 1477 456 1546 ad
473 1475 634 1547 futurum¹
647 1475 859 1547 commodum
880 1493 1024 1570 captent.
1047 1484 1118 1548 Hoc
1139 1491 1173 1547 et

132 1611 195 1678 ego
210 1585 316 1674 faci03
331 1609 398 1653 non
417 1583 523 1653 saltim
539 1589 627 1653 enim
640 1585 682 1654 ad
694 1585 927 1677 principatum,
941 1585 999 1655 sed
1011 1583 1052 1654 ad
1064 1585 1173 1678 ipsum

131 1715 269 1781 regnum
281 1689 494 1784 promovendi
504 1692 597 1782 estis3
610 1691 678 1759 imb
690 1714 757 1760 non
771 1690 812 1759 ad
824 1715 960 1781 regnum
970 1691 1171 1784 simpliciter,

131 1796 188 1866 sed
204 1795 247 1867 ad
256 1820 394 1887 regnum
406 1796 581 1867 coelorum.
595 1795 814 1880 Quamobrem
826 1820 885 1867 oro
897 1811 995 1892 atque
1005 1797 1170 1891 supplico,

131 1921 168 1976 ut
180 1906 257 1976 cium
274 1905 316 1974 ad
332 1929 472 1996 regnum
486 1902 572 1973 illud
586 1906 813 1998 perveneritis,
828 1905 894 1974 mel
909 1906 1171 1992 reminiscamini,

132 2012 289 2106 quodque
297 1998 419 2104 loseph
432 2011 664 2103 pincernarum
673 2011 813 2103 principi
821 2010 952 2081 dicebat
966 2042 974 2106 ².
989 2012 1175 2084 Memento

134 2123 215 2206 mei,
233 2119 316 2190 eum
334 2115 424 2187 bene
437 2115 629 2212 tibifaerit
642 2120 666 2204 ¹,
687 2117 722 2186 id
737 2131 769 2186 et
784 2142 874 2188 nunc
889 2117 962 2189 dico
977 2119 1070 2190 vobis
1082 2150 1089 2190 :
1102 2125 1175 2191 Me·

134 2240 280 2296 mentote
307 2223 374 2292 mel
402 2223 479 2320 ciam
506 2225 591 2292 bene
617 2223 710 2322 vobis
736 2221 877 2293 fuerit...
900 2227 1021 2318 Joseph
1041 2226 1176 2319 quidem

135 2334 300 2426 pincernae
331 2328 463 2400 dicebat
493 2359 501 2400 r
529 2325 664 2399 Adhuc
695 2327 851 2398 triduum
883 2345 918 2399 et
948 2336 1108 2402 restituet
1143 2347 1177 2402 te

138 2441 294 2511 Pharao
306 2440 344 2507 in
351 2438 600 2530 principatum
615 2438 875 2529 pincernarum
887 2441 911 2506 ².
930 2443 1001 2530 Ego
1021 2443 1178 2511 verbnon

113 2544 230 2634 fidia,
249 2546 358 2617 adhirc
372 2545 520 2616 triduum
539 2559 573 2614 ct
591 2545 755 2638 pincernae
771 2547 903 2636 tyranni
917 2547 1176 2638 constituamini,

139 2655 323 2726 sed‘adlritc
346 2655 479 2744 triginta
503 2652 587 2739 dies,
611 2667 645 2722 et
668 2653 818 2723 restituet
841 2677 914 2740 vos,
939 2677 1007 2723 non
1030 2658 1176 2744 Pharao,

139 2765 196 2833 sed
211 2762 372 2832 coelorum
388 2785 445 2829 rex
460 2760 495 2828 in
509 2783 684 2852 supernam
692 2761 844 2851 patriam.
859 2759 919 2827 Ille
932 2760 1062 2831 dicebat
1081 2793 1087 2832 :
1102 2765 1180 2835 Da·

142 2867 194 2940 bis
209 2865 364 2938 calicem
376 2868 413 2934 in
423 2889 553 2936 manus
564 2863 778 2934 Pharaonis
794 2867 825 2955 ³3
838 2889 899 2956 ego
909 2869 987 2936 verb
1002 2890 1070 2937 non
1082 2869 1176 2939 dico:

140 2975 265 3046 Dabitis
279 2972 413 3044 calicem
433 2973 468 3041 in
488 2995 605 3041 manus
627 2972 726 3062 regis,
751 2969 808 3041 sed
829 2973 897 3065 ipse
919 2997 975 3042 rex
994 2976 1028 3044 in
1045 2970 1181 3045 manum
1288 2989 1293 2994 ’

141 3083 233 3154 vobis
245 3078 354 3150 tradet
368 3077 503 3149 calicem
512 3077 607 3148 illum
616 3077 833 3166 horrendum,
852 3080 956 3151 multa
968 3080 1105 3174 plenum
1119 3083 1182 3152 vir·

142 3202 228 3275 tute,
247 3202 347 3281 atque
362 3187 504 3280 utrique
518 3185 667 3254 creaturi
683 3185 907 3278 pretiosiorem
920 3189 945 3256 ⁴.
958 3215 974 3252 a

187 3300 234 3366 4⁰.
260 3293 409 3387 Denique
426 3291 616 3384 aliquandi),
633 3289 711 3359 licet
726 3293 811 3377 raro,
830 3290 1096 3366 Adversariorum
1110 3321 1185 3390 per-

145 3418 259 3474 sonam
268 3400 478 3492 objurgantes
492 3395 545 3467 vel
557 3395 775 3489 deprimentes
788 3395 896 3467 dicere
905 3399 1079 3492 incipiunt,
1094 3405 1186 3496 quod

146 3509 233 3595 idem
249 3506 367 3598 agebat
383 3501 738 3595 Chrysostomus,ci1m
754 3500 795 3570 de
806 3501 960 3590 laudibus
974 3509 1078 3577 sancti
1093 3509 1187 3579 Pauli

148 3637 331 3687 sermonem
346 3613 471 3682 habens
484 3613 528 3680 ita
542 3610 734 3704 loqueretur
751 3639 759 3680 ε

195 3753 211 3790 «
223 3722 289 3793 ttbt
302 3745 392 3792 nunc
405 3720 451 3789 illi
464 3732 552 3805 sunt,
565 3718 623 3811 qui
633 3715 772 3810 querulo
782 3741 908 3810 semper
923 3718 1031 3790 animo
1048 3738 1188 3796 mortem

184 3882 191 3906 ¹
207 3873 296 3922 Gencs.
312 3883 350 3933 u,
368 3865 405 3933 14.
421 3891 453 3902 -
467 3865 552 3916 ²1bid.
576 3865 615 3918 13.
634 3889 666 3902 ·-
681 3859 691 3902 ³
704 3863 765 3914 lbit.
781 3887 812 3900 -·
825 3860 838 3911 4
850 3867 873 3915 S.
889 3865 972 3931 Chrys.
986 3868 1113 3922 Calecbes.
1126 3889 1146 3938 ι,
1159 3873 1190 3924 ad

152 3957 251 4008 illumin.
267 3967 292 4004 n.
307 3969 328 4002 r.
