<?xml version="1.0" encoding="UTF-8"?>
<!DOCTYPE html PUBLIC "-//W3C//DTD XHTML 1.0 Transitional//EN"
    "http://www.w3.org/TR/xhtml1/DTD/xhtml1-transitional.dtd">
<html xmlns="http://www.w3.org/1999/xhtml" xml:lang="en" lang="en">
 <head>
  <title>
</title>
<meta http-equiv="Content-Type" content="text/html;charset=utf-8" />
  <meta name='ocr-system' content='tesseract 3.04.00' />
  <meta name='ocr-capabilities' content='ocr_page ocr_carea ocr_par ocr_line ocrx_word'/>
</head>
<body>
  <div class='ocr_page' id='page_1' title='image "./rhetoricasancto00cailgoog_0115.png"; bbox 0 0 2992 4590; ppageno 0'>
   <div class='ocr_carea' id='block_1_1' title="bbox 210 358 1155 460">
    <p class='ocr_par' dir='ltr' id='par_1_1' title="bbox 210 358 1155 460">
     <span class='ocr_line' id='line_1_1' title="bbox 210 358 1155 460; baseline -0.002 -22"><span class='ocrx_word' id='word_1_1' title='bbox 210 358 212 362; x_wconf 71' lang='lat'>‚</span> <span class='ocrx_word' id='word_1_2' title='bbox 270 379 331 441; x_wconf 69' lang='lat'>112</span> <span class='ocrx_word' id='word_1_3' title='bbox 358 453 361 460; x_wconf 21' lang='grc' dir='ltr'>ι</span> <span class='ocrx_word' id='word_1_4' title='bbox 415 390 598 438; x_wconf 73' lang='lat' dir='ltr'>annroarct</span> <span class='ocrx_word' id='word_1_5' title='bbox 621 391 647 438; x_wconf 88' lang='lat' dir='ltr'>s.</span> <span class='ocrx_word' id='word_1_6' title='bbox 674 391 826 454; x_wconf 71' lang='lat' dir='ltr'>aaaron,</span> <span class='ocrx_word' id='word_1_7' title='bbox 852 392 928 440; x_wconf 73' lang='lat' dir='ltr'>rrae</span> <span class='ocrx_word' id='word_1_8' title='bbox 950 397 997 455; x_wconf 85' lang='lat' dir='ltr'>rr,</span> <span class='ocrx_word' id='word_1_9' title='bbox 1022 397 1107 440; x_wconf 77' lang='lat' dir='ltr'>socr.</span> <span class='ocrx_word' id='word_1_10' title='bbox 1132 398 1155 438; x_wconf 88' lang='lat' dir='ltr'>r.</span> 
     </span>
    </p>
   </div>
   <div class='ocr_carea' id='block_1_2' title="bbox 262 491 1310 796">
    <p class='ocr_par' dir='ltr' id='par_1_2' title="bbox 262 491 1310 796">
     <span class='ocr_line' id='line_1_2' title="bbox 264 491 1308 586; baseline -0.002 -23"><span class='ocrx_word' id='word_1_11' title='bbox 264 504 441 586; x_wconf 85' lang='lat' dir='ltr'>appetente</span> <span class='ocrx_word' id='word_1_12' title='bbox 461 491 515 562; x_wconf 88' lang='lat' dir='ltr'>die</span> <span class='ocrx_word' id='word_1_13' title='bbox 528 493 734 562; x_wconf 74' lang='lat' dir='ltr'>evanuerunt</span> <span class='ocrx_word' id='word_1_14' title='bbox 749 521 756 562; x_wconf 78' lang='grc' dir='ltr'>ι</span> <span class='ocrx_word' id='word_1_15' title='bbox 774 492 871 562; x_wconf 86' lang='lat' dir='ltr'>flores</span> <span class='ocrx_word' id='word_1_16' title='bbox 889 491 1026 566; x_wconf 74' lang='lat' dir='ltr'>suerunt</span> <span class='ocrx_word' id='word_1_17' title='bbox 1042 495 1154 580; x_wconf 79' lang='lat' dir='ltr'>remi,</span> <span class='ocrx_word' id='word_1_18' title='bbox 1172 506 1217 579; x_wconf 88' lang='lat' dir='ltr'>et,</span> <span class='ocrx_word' id='word_1_19' title='bbox 1232 514 1308 563; x_wconf 88' lang='lat' dir='ltr'>vere</span> 
     </span>
     <span class='ocr_line' id='line_1_3' title="bbox 262 597 1309 692; baseline 0 -26"><span class='ocrx_word' id='word_1_20' title='bbox 262 611 389 684; x_wconf 83' lang='lat' dir='ltr'>exacto,</span> <span class='ocrx_word' id='word_1_21' title='bbox 407 598 639 670; x_wconf 76' lang='lat' dir='ltr'>emarcuerunt</span> <span class='ocrx_word' id='word_1_22' title='bbox 660 598 770 668; x_wconf 88' lang='lat' dir='ltr'>omnia</span> <span class='ocrx_word' id='word_1_23' title='bbox 789 626 796 668; x_wconf 76' lang='grc' dir='ltr'><strong>ε</strong></span> <span class='ocrx_word' id='word_1_24' title='bbox 825 600 943 670; x_wconf 89' lang='lat' dir='ltr'>umbra</span> <span class='ocrx_word' id='word_1_25' title='bbox 963 615 1073 687; x_wconf 88' lang='lat' dir='ltr'>erant,</span> <span class='ocrx_word' id='word_1_26' title='bbox 1092 615 1125 680; x_wconf 80' lang='lat' dir='ltr'>et</span> <span class='ocrx_word' id='word_1_27' title='bbox 1139 597 1309 692; x_wconf 65' lang='lat' dir='ltr'>preterie-</span> 
     </span>
     <span class='ocr_line' id='line_1_4' title="bbox 262 702 1310 796; baseline 0.001 -25"><span class='ocrx_word' id='word_1_28' title='bbox 262 717 360 776; x_wconf 83' lang='lat' dir='ltr'>runt:</span> <span class='ocrx_word' id='word_1_29' title='bbox 374 702 486 774; x_wconf 83' lang='lat' dir='ltr'>fumus</span> <span class='ocrx_word' id='word_1_30' title='bbox 497 717 604 786; x_wconf 87' lang='lat' dir='ltr'>erant,</span> <span class='ocrx_word' id='word_1_31' title='bbox 618 717 651 774; x_wconf 90' lang='lat' dir='ltr'>et</span> <span class='ocrx_word' id='word_1_32' title='bbox 663 704 769 774; x_wconf 86' lang='lat' dir='ltr'>soluta</span> <span class='ocrx_word' id='word_1_33' title='bbox 780 719 858 774; x_wconf 87' lang='lat' dir='ltr'>sunt</span> <span class='ocrx_word' id='word_1_34' title='bbox 872 735 880 776; x_wconf 77' lang='lat'>2</span> <span class='ocrx_word' id='word_1_35' title='bbox 894 705 996 776; x_wconf 87' lang='lat' dir='ltr'>bullae</span> <span class='ocrx_word' id='word_1_36' title='bbox 1011 720 1117 790; x_wconf 87' lang='lat' dir='ltr'>erant,</span> <span class='ocrx_word' id='word_1_37' title='bbox 1130 718 1164 774; x_wconf 88' lang='lat' dir='ltr'>et</span> <span class='ocrx_word' id='word_1_38' title='bbox 1176 703 1310 796; x_wconf 80' lang='lat' dir='ltr'>dinrpta</span> 
     </span>
    </p>
   </div>
   <div class='ocr_carea' id='block_1_3' title="bbox 134 803 1309 905">
    <p class='ocr_par' dir='ltr' id='par_1_3' title="bbox 134 803 1309 905">
     <span class='ocr_line' id='line_1_5' title="bbox 134 803 1309 905; baseline 0 -27"><span class='ocrx_word' id='word_1_39' title='bbox 134 814 135 823; x_wconf 77' lang='grc'>’</span> <span class='ocrx_word' id='word_1_40' title='bbox 188 809 199 819; x_wconf 81' lang='grc'><em>“</em></span> <span class='ocrx_word' id='word_1_41' title='bbox 261 823 340 880; x_wconf 88' lang='lat' dir='ltr'>sunt</span> <span class='ocrx_word' id='word_1_42' title='bbox 357 837 365 880; x_wconf 89' lang='lat'><strong>:</strong></span> <span class='ocrx_word' id='word_1_43' title='bbox 385 832 512 880; x_wconf 87' lang='lat' dir='ltr'>araneae</span> <span class='ocrx_word' id='word_1_44' title='bbox 533 821 643 896; x_wconf 83' lang='lat' dir='ltr'>erant,</span> <span class='ocrx_word' id='word_1_45' title='bbox 662 803 697 878; x_wconf 82' lang='lat' dir='ltr'>et</span> <span class='ocrx_word' id='word_1_46' title='bbox 714 809 856 883; x_wconf 87' lang='lat' dir='ltr'>lacerata</span> <span class='ocrx_word' id='word_1_47' title='bbox 875 827 963 882; x_wconf 91' lang='lat' dir='ltr'>sunt.</span> <span class='ocrx_word' id='word_1_48' title='bbox 983 813 1194 905; x_wconf 73' lang='lat' dir='ltr'><strong>Quapropter</strong></span> <span class='ocrx_word' id='word_1_49' title='bbox 1212 811 1309 903; x_wconf 90' lang='lat' dir='ltr'>spiri-</span> 
     </span>
    </p>
   </div>
   <div class='ocr_carea' id='block_1_4' title="bbox 219 913 1311 1755">
    <p class='ocr_par' dir='ltr' id='par_1_4' title="bbox 219 913 1311 1755">
     <span class='ocr_line' id='line_1_6' title="bbox 263 913 1311 1008; baseline 0 -24"><span class='ocrx_word' id='word_1_50' title='bbox 263 915 351 986; x_wconf 89' lang='lat' dir='ltr'>tuale</span> <span class='ocrx_word' id='word_1_51' title='bbox 361 916 425 984; x_wconf 90' lang='lat' dir='ltr'>hoc</span> <span class='ocrx_word' id='word_1_52' title='bbox 435 913 958 1008; x_wconf 85' lang='lat' dir='ltr'>dictumoccinimus,frequenter</span> <span class='ocrx_word' id='word_1_53' title='bbox 968 917 1131 994; x_wconf 80' lang='lat' dir='ltr'>dicentesr</span> <span class='ocrx_word' id='word_1_54' title='bbox 1146 917 1190 993; x_wconf 91' lang='lat' dir='ltr'><em>V</em></span> <span class='ocrx_word' id='word_1_55' title='bbox 1187 919 1311 988; x_wconf 77' lang='lat' dir='ltr'>anites</span> 
     </span>
     <span class='ocr_line' id='line_1_7' title="bbox 261 1017 1311 1115; baseline 0.002 -25"><span class='ocrx_word' id='word_1_56' title='bbox 261 1023 493 1108; x_wconf 78' lang='lat' dir='ltr'>vanitatum,</span> <span class='ocrx_word' id='word_1_57' title='bbox 504 1035 539 1090; x_wconf 85' lang='lat' dir='ltr'>et</span> <span class='ocrx_word' id='word_1_58' title='bbox 555 1022 680 1092; x_wconf 84' lang='lat' dir='ltr'>omnia</span> <span class='ocrx_word' id='word_1_59' title='bbox 696 1023 854 1094; x_wconf 79' lang='lat' dir='ltr'><em>vanitas,</em></span> <span class='ocrx_word' id='word_1_60' title='bbox 874 1027 946 1094; x_wconf 86' lang='lat' dir='ltr'>Hoc</span> <span class='ocrx_word' id='word_1_61' title='bbox 959 1017 1047 1094; x_wconf 89' lang='lat' dir='ltr'>enim</span> <span class='ocrx_word' id='word_1_62' title='bbox 1063 1023 1189 1094; x_wconf 90' lang='lat' dir='ltr'>dictum</span> <span class='ocrx_word' id='word_1_63' title='bbox 1201 1023 1237 1093; x_wconf 91' lang='lat' dir='ltr'>in</span> <span class='ocrx_word' id='word_1_64' title='bbox 1252 1043 1311 1115; x_wconf 88' lang='lat' dir='ltr'>pa-</span> 
     </span>
     <span class='ocr_line' id='line_1_8' title="bbox 263 1127 1308 1227; baseline 0.002 -29"><span class='ocrx_word' id='word_1_65' title='bbox 263 1127 411 1227; x_wconf 83' lang='lat' dir='ltr'>rietibus,</span> <span class='ocrx_word' id='word_1_66' title='bbox 429 1128 633 1214; x_wconf 69' lang='lat' dir='ltr'>intestibus,</span> <span class='ocrx_word' id='word_1_67' title='bbox 646 1127 778 1216; x_wconf 83' lang='lat' dir='ltr'>infero,</span> <span class='ocrx_word' id='word_1_68' title='bbox 798 1129 833 1198; x_wconf 91' lang='lat' dir='ltr'>in</span> <span class='ocrx_word' id='word_1_69' title='bbox 848 1128 988 1216; x_wconf 80' lang='lat' dir='ltr'>aeditus,</span> <span class='ocrx_word' id='word_1_70' title='bbox 1002 1130 1122 1216; x_wconf 86' lang='lat' dir='ltr'>inviis,</span> <span class='ocrx_word' id='word_1_71' title='bbox 1140 1129 1174 1198; x_wconf 91' lang='lat' dir='ltr'>in</span> <span class='ocrx_word' id='word_1_72' title='bbox 1185 1130 1308 1224; x_wconf 77' lang='lat' dir='ltr'>januiS,</span> 
     </span>
     <span class='ocr_line' id='line_1_9' title="bbox 262 1233 1311 1330; baseline 0 -26"><span class='ocrx_word' id='word_1_73' title='bbox 262 1235 299 1304; x_wconf 92' lang='lat' dir='ltr'>in</span> <span class='ocrx_word' id='word_1_74' title='bbox 326 1235 433 1320; x_wconf 87' lang='lat' dir='ltr'>atriis,</span> <span class='ocrx_word' id='word_1_75' title='bbox 459 1233 517 1303; x_wconf 88' lang='lat' dir='ltr'>sed</span> <span class='ocrx_word' id='word_1_76' title='bbox 540 1233 746 1326; x_wconf 84' lang='lat' dir='ltr'>potissimirm</span> <span class='ocrx_word' id='word_1_77' title='bbox 772 1235 809 1316; x_wconf 88' lang='lat' dir='ltr'>in</span> <span class='ocrx_word' id='word_1_78' title='bbox 834 1236 903 1328; x_wconf 75' lang='lat' dir='ltr'>ipsa</span> <span class='ocrx_word' id='word_1_79' title='bbox 927 1239 1086 1330; x_wconf 87' lang='lat' dir='ltr'>cujusque</span> <span class='ocrx_word' id='word_1_80' title='bbox 1113 1237 1311 1307; x_wconf 59' lang='lat' dir='ltr'>conscientie</span> 
     </span>
     <span class='ocr_line' id='line_1_10' title="bbox 230 1341 1311 1436; baseline 0 -24"><span class='ocrx_word' id='word_1_81' title='bbox 230 1389 233 1394; x_wconf 92' lang='lat'><em>-</em></span> <span class='ocrx_word' id='word_1_82' title='bbox 263 1342 471 1412; x_wconf 83' lang='lat' dir='ltr'>continenter</span> <span class='ocrx_word' id='word_1_83' title='bbox 490 1341 685 1432; x_wconf 88' lang='lat' dir='ltr'>inscriptum</span> <span class='ocrx_word' id='word_1_84' title='bbox 712 1365 780 1410; x_wconf 91' lang='lat' dir='ltr'>esse</span> <span class='ocrx_word' id='word_1_85' title='bbox 806 1355 957 1434; x_wconf 79' lang='lat' dir='ltr'><strong>oportet,</strong></span> <span class='ocrx_word' id='word_1_86' title='bbox 980 1343 1137 1434; x_wconf 89' lang='lat' dir='ltr'>omnique</span> <span class='ocrx_word' id='word_1_87' title='bbox 1161 1356 1311 1436; x_wconf 88' lang='lat' dir='ltr'>tempore</span> 
     </span>
     <span class='ocr_line' id='line_1_11' title="bbox 219 1445 1310 1540; baseline 0.002 -24"><span class='ocrx_word' id='word_1_88' title='bbox 219 1533 223 1540; x_wconf 21' lang='grc' dir='ltr'>ι</span> <span class='ocrx_word' id='word_1_89' title='bbox 264 1446 456 1538; x_wconf 76' lang='lat' dir='ltr'>cogitationi</span> <span class='ocrx_word' id='word_1_90' title='bbox 479 1445 642 1516; x_wconf 86' lang='lat' dir='ltr'>obversari</span> <span class='ocrx_word' id='word_1_91' title='bbox 671 1474 679 1516; x_wconf 92' lang='lat'>:</span> <span class='ocrx_word' id='word_1_92' title='bbox 712 1446 984 1539; x_wconf 87' lang='lat' dir='ltr'>quandoquidem</span> <span class='ocrx_word' id='word_1_93' title='bbox 1012 1449 1142 1537; x_wconf 86' lang='lat' dir='ltr'>negotia</span> <span class='ocrx_word' id='word_1_94' title='bbox 1168 1447 1310 1518; x_wconf 82' lang='lat' dir='ltr'>fraudu·</span> 
     </span>
     <span class='ocr_line' id='line_1_12' title="bbox 263 1543 1311 1648; baseline 0.001 -26"><span class='ocrx_word' id='word_1_95' title='bbox 263 1553 354 1624; x_wconf 87' lang='lat' dir='ltr'>lenta</span> <span class='ocrx_word' id='word_1_96' title='bbox 375 1567 408 1622; x_wconf 89' lang='lat' dir='ltr'>et</span> <span class='ocrx_word' id='word_1_97' title='bbox 428 1551 601 1645; x_wconf 83' lang='lat' dir='ltr'>personata</span> <span class='ocrx_word' id='word_1_98' title='bbox 628 1575 665 1622; x_wconf 90' lang='lat' dir='ltr'>ac</span> <span class='ocrx_word' id='word_1_99' title='bbox 686 1551 815 1623; x_wconf 87' lang='lat' dir='ltr'>mimica</span> <span class='ocrx_word' id='word_1_100' title='bbox 838 1553 981 1623; x_wconf 89' lang='lat' dir='ltr'>veritatis</span> <span class='ocrx_word' id='word_1_101' title='bbox 1007 1543 1196 1646; x_wconf 85' lang='lat' dir='ltr'>opinionem</span> <span class='ocrx_word' id='word_1_102' title='bbox 1221 1555 1311 1648; x_wconf 91' lang='lat' dir='ltr'>apud</span> 
     </span>
     <span class='ocr_line' id='line_1_13' title="bbox 264 1660 1311 1755; baseline 0.002 -25"><span class='ocrx_word' id='word_1_103' title='bbox 264 1661 438 1754; x_wconf 90' lang='lat' dir='ltr'>plerosque</span> <span class='ocrx_word' id='word_1_104' title='bbox 461 1660 523 1728; x_wconf 93' lang='lat' dir='ltr'>sibi</span> <span class='ocrx_word' id='word_1_105' title='bbox 549 1661 750 1752; x_wconf 74' lang='lat' dir='ltr'>paraverunt</span> <span class='ocrx_word' id='word_1_106' title='bbox 778 1689 784 1730; x_wconf 94' lang='lat'><strong>:</strong></span> <span class='ocrx_word' id='word_1_107' title='bbox 811 1662 874 1730; x_wconf 93' lang='lat' dir='ltr'>boc</span> <span class='ocrx_word' id='word_1_108' title='bbox 900 1661 1007 1749; x_wconf 88' lang='lat' dir='ltr'>dicto,</span> <span class='ocrx_word' id='word_1_109' title='bbox 1033 1663 1068 1730; x_wconf 89' lang='lat' dir='ltr'>in</span> <span class='ocrx_word' id='word_1_110' title='bbox 1093 1663 1250 1755; x_wconf 88' lang='lat' dir='ltr'>prandio,</span> <span class='ocrx_word' id='word_1_111' title='bbox 1275 1663 1311 1732; x_wconf 92' lang='lat' dir='ltr'>in</span> 
     </span>
    </p>
   </div>
   <div class='ocr_carea' id='block_1_5' title="bbox 161 1768 1311 1860">
    <p class='ocr_par' dir='ltr' id='par_1_5' title="bbox 161 1768 1311 1860">
     <span class='ocr_line' id='line_1_14' title="bbox 161 1768 1311 1860; baseline 0.001 -22"><span class='ocrx_word' id='word_1_112' title='bbox 161 1802 165 1806; x_wconf 94' lang='lat'>·</span> <span class='ocrx_word' id='word_1_113' title='bbox 264 1769 377 1854; x_wconf 72' lang='lat' dir='ltr'>crena,</span> <span class='ocrx_word' id='word_1_114' title='bbox 404 1768 438 1838; x_wconf 90' lang='lat' dir='ltr'>in</span> <span class='ocrx_word' id='word_1_115' title='bbox 465 1781 557 1836; x_wconf 86' lang='lat' dir='ltr'>coetu</span> <span class='ocrx_word' id='word_1_116' title='bbox 580 1768 773 1854; x_wconf 89' lang='lat' dir='ltr'>hominum,</span> <span class='ocrx_word' id='word_1_117' title='bbox 807 1791 973 1860; x_wconf 88' lang='lat' dir='ltr'>quemque</span> <span class='ocrx_word' id='word_1_118' title='bbox 999 1769 1311 1860; x_wconf 75' lang='lat' dir='ltr'>proiimmnsuum</span> 
     </span>
    </p>
   </div>
   <div class='ocr_carea' id='block_1_6' title="bbox 264 1873 1310 2180">
    <p class='ocr_par' dir='ltr' id='par_1_6' title="bbox 264 1873 1310 2180">
     <span class='ocr_line' id='line_1_15' title="bbox 265 1873 1308 1973; baseline 0.002 -27"><span class='ocrx_word' id='word_1_119' title='bbox 265 1873 464 1973; x_wconf 80' lang='lat' dir='ltr'>compellare</span> <span class='ocrx_word' id='word_1_120' title='bbox 487 1874 681 1967; x_wconf 84' lang='lat' dir='ltr'>oportebat,</span> <span class='ocrx_word' id='word_1_121' title='bbox 704 1874 858 1968; x_wconf 86' lang='lat' dir='ltr'>idemque</span> <span class='ocrx_word' id='word_1_122' title='bbox 879 1874 995 1952; x_wconf 90' lang='lat' dir='ltr'>abillo</span> <span class='ocrx_word' id='word_1_123' title='bbox 1018 1875 1157 1951; x_wconf 86' lang='lat' dir='ltr'>vicissim</span> <span class='ocrx_word' id='word_1_124' title='bbox 1177 1877 1308 1965; x_wconf 87' lang='lat' dir='ltr'>audire,</span> 
     </span>
     <span class='ocr_line' id='line_1_16' title="bbox 264 1979 1310 2074; baseline 0.001 -21"><span class='ocrx_word' id='word_1_125' title='bbox 264 1983 384 2074; x_wconf 79' lang='lat' dir='ltr'>nempe</span> <span class='ocrx_word' id='word_1_126' title='bbox 405 1979 449 2054; x_wconf 91' lang='lat' dir='ltr'><em>V</em></span> <span class='ocrx_word' id='word_1_127' title='bbox 446 1980 569 2066; x_wconf 62' lang='lat' dir='ltr'>auitas,</span> <span class='ocrx_word' id='word_1_128' title='bbox 582 1981 788 2050; x_wconf 78' lang='lat' dir='ltr'>vanitatum</span> <span class='ocrx_word' id='word_1_129' title='bbox 794 2033 807 2066; x_wconf 87' lang='lat'>,</span> <span class='ocrx_word' id='word_1_130' title='bbox 820 1993 855 2049; x_wconf 81' lang='lat' dir='ltr'>et</span> <span class='ocrx_word' id='word_1_131' title='bbox 873 1981 998 2072; x_wconf 84' lang='lat' dir='ltr'>omnia</span> <span class='ocrx_word' id='word_1_132' title='bbox 1013 1983 1169 2066; x_wconf 82' lang='lat' dir='ltr'>oanr&#39;tns.</span> <span class='ocrx_word' id='word_1_133' title='bbox 1187 1989 1310 2055; x_wconf 82' lang='lat' dir='ltr'>Annon</span> 
     </span>
     <span class='ocr_line' id='line_1_17' title="bbox 265 2087 1310 2180; baseline -0.002 -18"><span class='ocrx_word' id='word_1_134' title='bbox 265 2091 392 2162; x_wconf 77' lang='lat' dir='ltr'>assidue</span> <span class='ocrx_word' id='word_1_135' title='bbox 409 2089 470 2158; x_wconf 93' lang='lat' dir='ltr'>tibi</span> <span class='ocrx_word' id='word_1_136' title='bbox 485 2089 635 2159; x_wconf 86' lang='lat' dir='ltr'>dicebam</span> <span class='ocrx_word' id='word_1_137' title='bbox 659 2087 813 2180; x_wconf 81' lang='lat' dir='ltr'>fugitivas</span> <span class='ocrx_word' id='word_1_138' title='bbox 834 2113 901 2174; x_wconf 85' lang='lat' dir='ltr'>esse</span> <span class='ocrx_word' id='word_1_139' title='bbox 922 2089 1073 2162; x_wconf 77' lang='lat' dir='ltr'>divitias?</span> <span class='ocrx_word' id='word_1_140' title='bbox 1092 2105 1130 2160; x_wconf 90' lang='lat' dir='ltr'>tu</span> <span class='ocrx_word' id='word_1_141' title='bbox 1150 2093 1227 2163; x_wconf 85' lang='lat' dir='ltr'>verb</span> <span class='ocrx_word' id='word_1_142' title='bbox 1250 2115 1310 2180; x_wconf 86' lang='lat' dir='ltr'>nps</span> 
     </span>
    </p>
   </div>
   <div class='ocr_carea' id='block_1_7' title="bbox 146 2193 1310 2288">
    <p class='ocr_par' dir='ltr' id='par_1_7' title="bbox 146 2193 1310 2288">
     <span class='ocr_line' id='line_1_18' title="bbox 146 2193 1310 2288; baseline 0 -20"><span class='ocrx_word' id='word_1_143' title='bbox 146 2207 149 2210; x_wconf 83' lang='grc'><strong>’</strong></span> <span class='ocrx_word' id='word_1_144' title='bbox 215 2277 216 2282; x_wconf 11' lang='lat'>1</span> <span class='ocrx_word' id='word_1_145' title='bbox 265 2223 334 2268; x_wconf 92' lang='lat' dir='ltr'>non</span> <span class='ocrx_word' id='word_1_146' title='bbox 354 2194 492 2282; x_wconf 85' lang='lat' dir='ltr'>ferebas.</span> <span class='ocrx_word' id='word_1_147' title='bbox 525 2199 648 2266; x_wconf 75' lang='lat' dir='ltr'>Annon</span> <span class='ocrx_word' id='word_1_148' title='bbox 668 2193 819 2265; x_wconf 82' lang='lat' dir='ltr'>dicebam</span> <span class='ocrx_word' id='word_1_149' title='bbox 837 2219 889 2264; x_wconf 89' lang='lat' dir='ltr'>eas</span> <span class='ocrx_word' id='word_1_150' title='bbox 909 2196 1075 2288; x_wconf 83' lang='lat' dir='ltr'>ingratum</span> <span class='ocrx_word' id='word_1_151' title='bbox 1093 2195 1310 2268; x_wconf 84' lang='lat' dir='ltr'>domesticum</span> 
     </span>
    </p>
   </div>
   <div class='ocr_carea' id='block_1_8' title="bbox 185 2285 1320 3890">
    <p class='ocr_par' dir='ltr' id='par_1_8' title="bbox 232 2285 1311 2611">
     <span class='ocr_line' id='line_1_19' title="bbox 232 2285 1311 2396; baseline -0.006 -17"><span class='ocrx_word' id='word_1_152' title='bbox 232 2376 236 2380; x_wconf 85' lang='grc'><strong>,</strong></span> <span class='ocrx_word' id='word_1_153' title='bbox 258 2285 353 2375; x_wconf 65' lang='lat' dir='ltr'>&#39;essel</span> <span class='ocrx_word' id='word_1_154' title='bbox 373 2317 413 2372; x_wconf 91' lang='lat' dir='ltr'>tu</span> <span class='ocrx_word' id='word_1_155' title='bbox 431 2304 510 2370; x_wconf 82' lang='lat' dir='ltr'>verb</span> <span class='ocrx_word' id='word_1_156' title='bbox 538 2299 671 2372; x_wconf 81' lang='lat' dir='ltr'>crede&#39;re</span> <span class='ocrx_word' id='word_1_157' title='bbox 692 2300 826 2370; x_wconf 85' lang='lat' dir='ltr'>nolebas</span> <span class='ocrx_word' id='word_1_158' title='bbox 847 2327 854 2370; x_wconf 90' lang='lat'>:</span> <span class='ocrx_word' id='word_1_159' title='bbox 876 2325 952 2372; x_wconf 88' lang='lat' dir='ltr'>ecce</span> <span class='ocrx_word' id='word_1_160' title='bbox 977 2303 1174 2396; x_wconf 85' lang='lat' dir='ltr'>experientia</span> <span class='ocrx_word' id='word_1_161' title='bbox 1197 2302 1311 2374; x_wconf 89' lang='lat' dir='ltr'>docuit</span> 
     </span>
     <span class='ocr_line' id='line_1_20' title="bbox 265 2407 1309 2508; baseline -0.004 -26"><span class='ocrx_word' id='word_1_162' title='bbox 265 2436 335 2508; x_wconf 83' lang='lat' dir='ltr'>nep</span> <span class='ocrx_word' id='word_1_163' title='bbox 345 2409 453 2494; x_wconf 84' lang='lat' dir='ltr'>soldm</span> <span class='ocrx_word' id='word_1_164' title='bbox 463 2407 617 2500; x_wconf 85' lang='lat' dir='ltr'>fugitivas</span> <span class='ocrx_word' id='word_1_165' title='bbox 630 2421 664 2477; x_wconf 85' lang='lat' dir='ltr'>et</span> <span class='ocrx_word' id='word_1_166' title='bbox 676 2407 830 2498; x_wconf 86' lang='lat' dir='ltr'>ingratas,</span> <span class='ocrx_word' id='word_1_167' title='bbox 846 2407 905 2477; x_wconf 89' lang='lat' dir='ltr'>sed</span> <span class='ocrx_word' id='word_1_168' title='bbox 921 2409 1100 2480; x_wconf 86' lang='lat' dir='ltr'>homicidas</span> <span class='ocrx_word' id='word_1_169' title='bbox 1116 2411 1215 2490; x_wconf 82' lang='lat' dir='ltr'>etiam</span> <span class='ocrx_word' id='word_1_170' title='bbox 1227 2435 1309 2496; x_wconf 87' lang='lat' dir='ltr'>esse,</span> 
     </span>
     <span class='ocr_line' id='line_1_21' title="bbox 265 2509 1308 2611; baseline -0.002 -23"><span class='ocrx_word' id='word_1_171' title='bbox 265 2533 303 2588; x_wconf 88' lang='lat' dir='ltr'>ut</span> <span class='ocrx_word' id='word_1_172' title='bbox 330 2541 407 2611; x_wconf 79' lang='lat' dir='ltr'>quae</span> <span class='ocrx_word' id='word_1_173' title='bbox 433 2517 669 2608; x_wconf 71' lang='lat' dir='ltr'>inmemorem</span> <span class='ocrx_word' id='word_1_174' title='bbox 701 2539 739 2583; x_wconf 91' lang='lat' dir='ltr'>ac</span> <span class='ocrx_word' id='word_1_175' title='bbox 764 2509 1005 2610; x_wconf 86' lang='lat' dir='ltr'>metumnunc</span> <span class='ocrx_word' id='word_1_176' title='bbox 1037 2532 1071 2586; x_wconf 87' lang='lat' dir='ltr'>te</span> <span class='ocrx_word' id='word_1_177' title='bbox 1096 2519 1308 2611; x_wconf 86' lang='lat' dir='ltr'>conjecerint.</span> 
     </span>
    </p>

    <p class='ocr_par' dir='ltr' id='par_1_9' title="bbox 220 2621 1310 2722">
     <span class='ocr_line' id='line_1_22' title="bbox 220 2621 1310 2722; baseline -0.003 -25"><span class='ocrx_word' id='word_1_178' title='bbox 220 2715 222 2722; x_wconf 17' lang='grc' dir='ltr'><strong><em>Α</em></strong></span> <span class='ocrx_word' id='word_1_179' title='bbox 264 2628 382 2699; x_wconf 90' lang='lat' dir='ltr'>Nonne</span> <span class='ocrx_word' id='word_1_180' title='bbox 407 2623 558 2707; x_wconf 85' lang='lat' dir='ltr'>dicebam</span> <span class='ocrx_word' id='word_1_181' title='bbox 583 2623 655 2708; x_wconf 89' lang='lat' dir='ltr'>tibi,</span> <span class='ocrx_word' id='word_1_182' title='bbox 688 2621 764 2705; x_wconf 82' lang='lat' dir='ltr'>edm</span> <span class='ocrx_word' id='word_1_183' title='bbox 792 2645 845 2692; x_wconf 91' lang='lat' dir='ltr'>me</span> <span class='ocrx_word' id='word_1_184' title='bbox 873 2623 1095 2694; x_wconf 85' lang='lat' dir='ltr'>indesinenter</span> <span class='ocrx_word' id='word_1_185' title='bbox 1121 2627 1310 2719; x_wconf 72' lang='lat' dir='ltr'>objurgas-es</span> 
     </span>
    </p>

    <p class='ocr_par' dir='ltr' id='par_1_10' title="bbox 185 2729 1320 3890">
     <span class='ocr_line' id='line_1_23' title="bbox 209 2729 1311 2826; baseline -0.004 -20"><span class='ocrx_word' id='word_1_186' title='bbox 209 2757 217 2764; x_wconf 91' lang='grc'>··</span> <span class='ocrx_word' id='word_1_187' title='bbox 264 2757 341 2807; x_wconf 85' lang='lat' dir='ltr'>vera</span> <span class='ocrx_word' id='word_1_188' title='bbox 358 2745 569 2816; x_wconf 88' lang='lat' dir='ltr'>monentem,</span> <span class='ocrx_word' id='word_1_189' title='bbox 586 2753 642 2816; x_wconf 82' lang='lat' dir='ltr'>me</span> <span class='ocrx_word' id='word_1_190' title='bbox 655 2730 716 2816; x_wconf 88' lang='lat' dir='ltr'>tibi</span> <span class='ocrx_word' id='word_1_191' title='bbox 732 2729 841 2823; x_wconf 83' lang='lat' dir='ltr'>potibs</span> <span class='ocrx_word' id='word_1_192' title='bbox 857 2731 998 2803; x_wconf 87' lang='lat' dir='ltr'>amicum</span> <span class='ocrx_word' id='word_1_193' title='bbox 1009 2753 1090 2819; x_wconf 92' lang='lat' dir='ltr'>esse,</span> <span class='ocrx_word' id='word_1_194' title='bbox 1109 2736 1210 2826; x_wconf 77' lang='lat' dir='ltr'>qubm</span> <span class='ocrx_word' id='word_1_195' title='bbox 1227 2733 1311 2804; x_wconf 83' lang='lat' dir='ltr'>adu-</span> 
     </span>
     <span class='ocr_line' id='line_1_24' title="bbox 185 2838 1307 2932; baseline 0 -22"><span class='ocrx_word' id='word_1_196' title='bbox 185 2849 191 2860; x_wconf 87' lang='lat'><em>&#39;</em></span> <span class='ocrx_word' id='word_1_197' title='bbox 265 2841 405 2930; x_wconf 80' lang='lat' dir='ltr'>latores;</span> <span class='ocrx_word' id='word_1_198' title='bbox 427 2862 479 2908; x_wconf 91' lang='lat' dir='ltr'>me</span> <span class='ocrx_word' id='word_1_199' title='bbox 500 2838 559 2932; x_wconf 88' lang='lat' dir='ltr'>qui</span> <span class='ocrx_word' id='word_1_200' title='bbox 580 2860 770 2928; x_wconf 82' lang='lat' dir='ltr'>arguerem,</span> <span class='ocrx_word' id='word_1_201' title='bbox 792 2839 950 2930; x_wconf 90' lang='lat' dir='ltr'>majorem</span> <span class='ocrx_word' id='word_1_202' title='bbox 974 2839 1023 2907; x_wconf 83' lang='lat' dir='ltr'>tul</span> <span class='ocrx_word' id='word_1_203' title='bbox 1044 2863 1157 2908; x_wconf 86' lang='lat' dir='ltr'>euram</span> <span class='ocrx_word' id='word_1_204' title='bbox 1175 2863 1307 2931; x_wconf 82' lang='lat' dir='ltr'>gerere,</span> 
     </span>
     <span class='ocr_line' id='line_1_25' title="bbox 264 2932 1311 3041; baseline -0.001 -25"><span class='ocrx_word' id='word_1_205' title='bbox 264 2949 366 3041; x_wconf 76' lang='lat' dir='ltr'>quim</span> <span class='ocrx_word' id='word_1_206' title='bbox 382 2970 453 3031; x_wconf 91' lang='lat' dir='ltr'>eos,</span> <span class='ocrx_word' id='word_1_207' title='bbox 471 2945 530 3038; x_wconf 91' lang='lat' dir='ltr'>qui</span> <span class='ocrx_word' id='word_1_208' title='bbox 554 2943 616 3012; x_wconf 84' lang='lat' dir='ltr'>tibi</span> <span class='ocrx_word' id='word_1_209' title='bbox 635 2967 693 3034; x_wconf 89' lang='lat' dir='ltr'>per</span> <span class='ocrx_word' id='word_1_210' title='bbox 715 2932 825 3012; x_wconf 88' lang='lat' dir='ltr'>omnia</span> <span class='ocrx_word' id='word_1_211' title='bbox 844 2945 1123 3038; x_wconf 77' lang='lat' dir='ltr'>obsequerentur?</span> <span class='ocrx_word' id='word_1_212' title='bbox 1137 2951 1261 3018; x_wconf 88' lang='lat' dir='ltr'>Nonne</span> <span class='ocrx_word' id='word_1_213' title='bbox 1274 2960 1311 3016; x_wconf 73' lang='lat' dir='ltr'>‘et</span> 
     </span>
     <span class='ocr_line' id='line_1_26' title="bbox 264 3046 1310 3149; baseline -0.002 -25"><span class='ocrx_word' id='word_1_214' title='bbox 264 3055 329 3124; x_wconf 87' lang='lat' dir='ltr'>hoc</span> <span class='ocrx_word' id='word_1_215' title='bbox 344 3051 519 3134; x_wconf 88' lang='lat' dir='ltr'>addebam,</span> <span class='ocrx_word' id='word_1_216' title='bbox 537 3047 603 3116; x_wconf 86' lang='lat' dir='ltr'>fide</span> <span class='ocrx_word' id='word_1_217' title='bbox 619 3046 768 3138; x_wconf 87' lang='lat' dir='ltr'>digniora</span> <span class='ocrx_word' id='word_1_218' title='bbox 784 3071 852 3121; x_wconf 89' lang='lat' dir='ltr'>esse</span> <span class='ocrx_word' id='word_1_219' title='bbox 863 3049 1001 3129; x_wconf 86' lang='lat' dir='ltr'>vulnera</span> <span class='ocrx_word' id='word_1_220' title='bbox 1013 3053 1054 3122; x_wconf 88' lang='lat' dir='ltr'>ab</span> <span class='ocrx_word' id='word_1_221' title='bbox 1071 3053 1193 3149; x_wconf 86' lang='lat' dir='ltr'>amicis,</span> <span class='ocrx_word' id='word_1_222' title='bbox 1208 3057 1310 3146; x_wconf 75' lang='lat' dir='ltr'>quam</span> 
     </span>
     <span class='ocr_line' id='line_1_27' title="bbox 265 3152 1309 3250; baseline -0.001 -21"><span class='ocrx_word' id='word_1_223' title='bbox 265 3156 450 3239; x_wconf 66' lang='lat' dir='ltr'>voluntaria</span> <span class='ocrx_word' id='word_1_224' title='bbox 471 3152 582 3222; x_wconf 89' lang='lat' dir='ltr'>oscula</span> <span class='ocrx_word' id='word_1_225' title='bbox 595 3152 848 3250; x_wconf 49' lang='lat' dir='ltr'>inimicorumfl</span> <span class='ocrx_word' id='word_1_226' title='bbox 865 3157 897 3226; x_wconf 90' lang='lat' dir='ltr'>Si</span> <span class='ocrx_word' id='word_1_227' title='bbox 908 3179 980 3226; x_wconf 85' lang='lat' dir='ltr'>mea</span> <span class='ocrx_word' id='word_1_228' title='bbox 996 3156 1133 3228; x_wconf 86' lang='lat' dir='ltr'>vulnera</span> <span class='ocrx_word' id='word_1_229' title='bbox 1159 3157 1309 3244; x_wconf 74' lang='lat' dir='ltr'>tulisseS,</span> 
     </span>
     <span class='ocr_line' id='line_1_28' title="bbox 266 3257 1308 3356; baseline 0.001 -22"><span class='ocrx_word' id='word_1_230' title='bbox 266 3263 524 3356; x_wconf 75' lang='lat' dir='ltr'>haudquaquam</span> <span class='ocrx_word' id='word_1_231' title='bbox 536 3259 597 3328; x_wconf 89' lang='lat' dir='ltr'>tibi</span> <span class='ocrx_word' id='word_1_232' title='bbox 609 3257 739 3346; x_wconf 85' lang='lat' dir='ltr'>illorum</span> <span class='ocrx_word' id='word_1_233' title='bbox 756 3259 867 3330; x_wconf 87' lang='lat' dir='ltr'>oscula</span> <span class='ocrx_word' id='word_1_234' title='bbox 878 3263 942 3332; x_wconf 89' lang='lat' dir='ltr'>boc</span> <span class='ocrx_word' id='word_1_235' title='bbox 953 3263 1087 3332; x_wconf 84' lang='lat' dir='ltr'>exitium</span> <span class='ocrx_word' id='word_1_236' title='bbox 1100 3263 1287 3348; x_wconf 83' lang='lat' dir='ltr'>attulissent</span> <span class='ocrx_word' id='word_1_237' title='bbox 1302 3295 1308 3336; x_wconf 96' lang='lat'><strong>:</strong></span> 
     </span>
     <span class='ocr_line' id='line_1_29' title="bbox 267 3363 1313 3454; baseline 0 -14"><span class='ocrx_word' id='word_1_238' title='bbox 267 3395 339 3440; x_wconf 90' lang='lat' dir='ltr'>mea</span> <span class='ocrx_word' id='word_1_239' title='bbox 351 3369 440 3438; x_wconf 90' lang='lat' dir='ltr'>enim</span> <span class='ocrx_word' id='word_1_240' title='bbox 454 3363 591 3437; x_wconf 85' lang='lat' dir='ltr'>vulnera</span> <span class='ocrx_word' id='word_1_241' title='bbox 607 3367 778 3436; x_wconf 86' lang='lat' dir='ltr'>sanitatem</span> <span class='ocrx_word' id='word_1_242' title='bbox 789 3367 948 3454; x_wconf 81' lang='lat' dir='ltr'>afferunt,</span> <span class='ocrx_word' id='word_1_243' title='bbox 963 3367 1313 3442; x_wconf 85' lang='lat' dir='ltr'>illorumosculamor·</span> 
     </span>
     <span class='ocr_line' id='line_1_30' title="bbox 267 3471 1320 3570; baseline 0.001 -23"><span class='ocrx_word' id='word_1_244' title='bbox 267 3479 349 3547; x_wconf 90' lang='lat' dir='ltr'>bum</span> <span class='ocrx_word' id='word_1_245' title='bbox 365 3471 637 3570; x_wconf 86' lang='lat' dir='ltr'>immedicabilem</span> <span class='ocrx_word' id='word_1_246' title='bbox 663 3473 723 3542; x_wconf 85' lang='lat' dir='ltr'>tibi</span> <span class='ocrx_word' id='word_1_247' title='bbox 750 3473 1016 3558; x_wconf 68' lang='lat' dir='ltr'>conciliaverunt.</span> <span class='ocrx_word' id='word_1_248' title='bbox 1048 3477 1112 3546; x_wconf 89' lang='lat' dir='ltr'>Ubi</span> <span class='ocrx_word' id='word_1_249' title='bbox 1138 3499 1228 3546; x_wconf 89' lang='lat' dir='ltr'>nunc</span> <span class='ocrx_word' id='word_1_250' title='bbox 1249 3489 1320 3570; x_wconf 59' lang='lat' dir='ltr'>poi</span> 
     </span>
     <span class='ocr_line' id='line_1_31' title="bbox 268 3578 1312 3672; baseline 0 -18"><span class='ocrx_word' id='word_1_251' title='bbox 268 3582 431 3654; x_wconf 85' lang='lat' dir='ltr'>eillatores</span> <span class='ocrx_word' id='word_1_252' title='bbox 451 3579 590 3648; x_wconf 81' lang='lat' dir='ltr'>tui‘lubi</span> <span class='ocrx_word' id='word_1_253' title='bbox 612 3579 670 3672; x_wconf 92' lang='lat' dir='ltr'>qui</span> <span class='ocrx_word' id='word_1_254' title='bbox 693 3579 728 3646; x_wconf 88' lang='lat' dir='ltr'>in</span> <span class='ocrx_word' id='word_1_255' title='bbox 748 3578 821 3648; x_wconf 85' lang='lat' dir='ltr'>foro</span> <span class='ocrx_word' id='word_1_256' title='bbox 837 3580 999 3672; x_wconf 83' lang='lat' dir='ltr'>populum</span> <span class='ocrx_word' id='word_1_257' title='bbox 1021 3581 1062 3650; x_wconf 90' lang='lat' dir='ltr'>de</span> <span class='ocrx_word' id='word_1_258' title='bbox 1084 3583 1312 3668; x_wconf 67' lang='lat' dir='ltr'>viddecedere</span> 
     </span>
     <span class='ocr_line' id='line_1_32' title="bbox 268 3678 1312 3782; baseline 0 -20"><span class='ocrx_word' id='word_1_259' title='bbox 268 3678 448 3782; x_wconf 83' lang='lat' dir='ltr'>cogebant,</span> <span class='ocrx_word' id='word_1_260' title='bbox 472 3701 611 3779; x_wconf 83' lang='lat' dir='ltr'>tuasque</span> <span class='ocrx_word' id='word_1_261' title='bbox 633 3686 747 3757; x_wconf 89' lang='lat' dir='ltr'>laudes</span> <span class='ocrx_word' id='word_1_262' title='bbox 770 3687 889 3780; x_wconf 87' lang='lat' dir='ltr'>passim</span> <span class='ocrx_word' id='word_1_263' title='bbox 911 3688 1001 3780; x_wconf 86' lang='lat' dir='ltr'>apud</span> <span class='ocrx_word' id='word_1_264' title='bbox 1024 3712 1136 3760; x_wconf 89' lang='lat' dir='ltr'>omnes</span> <span class='ocrx_word' id='word_1_265' title='bbox 1155 3689 1312 3782; x_wconf 84' lang='lat' dir='ltr'>praediea-</span> 
     </span>
     <span class='ocr_line' id='line_1_33' title="bbox 268 3792 1310 3890; baseline 0.004 -26"><span class='ocrx_word' id='word_1_266' title='bbox 268 3799 372 3890; x_wconf 74' lang='lat' dir='ltr'>bant?</span> <span class='ocrx_word' id='word_1_267' title='bbox 388 3792 666 3884; x_wconf 76' lang='lat' dir='ltr'>,Transfugdrunt,</span> <span class='ocrx_word' id='word_1_268' title='bbox 684 3793 891 3884; x_wconf 80' lang='lat' dir='ltr'>abnegarunt</span> <span class='ocrx_word' id='word_1_269' title='bbox 905 3808 997 3864; x_wconf 88' lang='lat' dir='ltr'>tuam</span> <span class='ocrx_word' id='word_1_270' title='bbox 1013 3796 1200 3885; x_wconf 86' lang='lat' dir='ltr'>amicitiam,</span> <span class='ocrx_word' id='word_1_271' title='bbox 1217 3823 1310 3870; x_wconf 90' lang='lat' dir='ltr'>suam</span> 
     </span>
    </p>
   </div>
   <div class='ocr_carea' id='block_1_9' title="bbox 306 3923 531 3989">
    <p class='ocr_par' dir='ltr' id='par_1_11' title="bbox 306 3923 531 3989">
     <span class='ocr_line' id='line_1_34' title="bbox 306 3923 531 3989; baseline -0.013 -13"><span class='ocrx_word' id='word_1_272' title='bbox 306 3937 312 3963; x_wconf 88' lang='lat'><strong>¹</strong></span> <span class='ocrx_word' id='word_1_273' title='bbox 329 3929 402 3976; x_wconf 84' lang='lat' dir='ltr'>Prov.</span> <span class='ocrx_word' id='word_1_274' title='bbox 416 3939 492 3989; x_wconf 85' lang='lat' dir='ltr'>xxrrr,</span> <span class='ocrx_word' id='word_1_275' title='bbox 505 3923 531 3973; x_wconf 81' lang='lat'>6.</span> 
     </span>
    </p>
   </div>
   <div class='ocr_carea' id='block_1_10' title="bbox 0 0 1507 4580">
    <p class='ocr_par' dir='ltr' id='par_1_12' title="bbox 0 0 1507 4580">
     <span class='ocr_line' id='line_1_35' title="bbox 0 0 1507 4580; baseline 0 0"><span class='ocrx_word' id='word_1_276' title='bbox 0 0 1507 4580; x_wconf 95' lang='lat' dir='ltr'> </span> 
     </span>
    </p>
   </div>
  </div>
 </body>
</html>
