2992 4590
251 433 315 498 tro
362 455 364 460 ·
404 449 633 498 ιιιιιιοιιιιιε.
659 441 977 514 estrumentum,
1002 452 1086 498 sacr.
1112 455 1136 496 1.
1199 463 1205 470 »

248 565 358 639 utens,
369 553 464 647 juxta
478 551 658 624 Salomonis
673 550 774 643 leges¹
784 551 862 644 ,qui
877 551 1030 622 omnibus
1045 553 1144 623 rebus
1159 566 1290 646 tempus

248 661 418 731 coustituit
433 663 496 726 ²2»

292 771 340 836 6⁰.
366 766 507 837 Reducis
528 787 713 836 sermonem
740 765 782 836 ad
806 768 875 859 ejus
902 767 1002 836 animi
1027 768 1140 862 dotes,
1174 771 1291 865 utpote
1335 793 1337 798 ’

248 899 324 969 quae
343 872 485 943 decursu
506 873 610 942 aetatis
631 896 755 956 novum
774 888 964 962 acceperant
979 875 1241 966 incrementum,
1259 891 1293 946 et

247 1003 347 1074 quem
362 981 584 1074 injuventute
605 979 788 1049 mirabilem
807 981 988 1069 effinxerat,
1002 983 1037 1052 in
1051 985 1180 1052 maturi
1195 997 1292 1054 aetate

247 1087 484 1156 mirabiliorem
499 1085 652 1156 ostendit.

294 1225 311 1262 ιι
338 1184 403 1266 Sed
426 1195 507 1289 quid
535 1197 595 1264 ista
624 1208 721 1280 sunt,
749 1218 818 1286 prae
845 1193 932 1264 illius
956 1193 1089 1264 dicendi
1109 1193 1290 1284 facultate,

248 1301 425 1398 palmique
449 1302 626 1388 doctrinae,
650 1303 718 1394 qul
737 1315 896 1370 extremas
919 1300 1007 1370 orbis
1023 1315 1130 1394 partes
1152 1302 1238 1370 inter
1258 1325 1293 1372 se

248 1407 453 1478 conciliavit?
462 1407 582 1477 Adhirc
595 1408 630 1476 in
642 1407 764 1477 montis
774 1407 937 1476 radicibus
948 1431 1126 1493 versamur,
1141 1409 1293 1480 lvertice

248 1515 367 1584 remoti
386 1543 393 1583 :
412 1512 520 1584 adhdc
537 1511 659 1582 fretum
683 1514 878 1607 trajicimus,
895 1512 1010 1583 relicto
1028 1537 1147 1604 magno
1165 1528 1198 1583 et
1213 1537 1293 1607 pro-

248 1619 356 1691 fundo
367 1643 491 1690 oceano
503 1653 512 1709 3
526 1621 675 1689 existimo
690 1621 795 1699 enirn,
817 1622 842 1688 si
858 1643 933 1712 quae
949 1622 1097 1714 unqubm
1113 1620 1195 1689 tuba
1210 1620 1291 1708 suit,

248 1727 302 1799 vel
316 1727 430 1797 futura
447 1741 511 1813 est,
529 1729 563 1796 in
585 1733 692 1796 adrem
708 1729 808 1820 quarn
823 1726 1010 1818 longissime
1026 1741 1216 1820 penetrans,
1235 1741 1294 1798 aut

152 1885 154 1888 -
248 1857 311 1904 vox
326 1836 385 1904 Dei
395 1849 502 1904 toturn
518 1835 632 1916 orbem
644 1835 938 1926 comprehendens,
952 1825 1010 1902 aut
1022 1834 1181 1904 universae
1196 1849 1292 1908 terrae

248 1955 357 2015 motus
373 1965 460 2012 novo
474 1943 620 2036 quodam
636 1958 669 2011 et
682 1940 832 2009 mirando
848 1940 947 2010 modo
966 1955 1108 2026 exortus,
1125 1943 1197 2011 haec
1217 1965 1291 2012 om-

248 2050 304 2117 nia
319 2071 436 2118 vocem
451 2049 539 2117 illius
555 2071 592 2118 ac
607 2039 751 2116 mentem
764 2044 875 2133 fuisse,
893 2048 1025 2144 tantum
1035 2070 1149 2116 omnes
1166 2051 1185 2117 ὲ
1200 2063 1292 2139 tergo

249 2154 490 2248 relinquentem
506 2169 605 2248 atque
620 2152 706 2223 infra
726 2177 760 2222 se
782 2153 1015 2240 collocantem,
1052 2156 1215 2247 quantbm
1231 2180 1292 2226 nos
1363 2227 1366 2234 .

249 2261 426 2330 brutorum
441 2275 594 2330 naturam
605 2277 807 2354 superamus.
824 2261 1059 2354 Quisseipsum
1071 2262 1174 2353 magis
1191 2245 1293 2354 Spiri-

249 2370 300 2438 tui
315 2369 487 2461 purgavit,
508 2383 606 2462 atque
629 2369 673 2437 ita
692 2393 726 2438 se
749 2368 966 2461 comparavit,
992 2383 1030 2438 ut
1050 2368 1170 2459 dignus
1186 2383 1290 2454 esset,

250 2477 309 2571 qui
322 2475 454 2546 oracula
470 2477 579 2546 divina
593 2477 805 2570 explanaret?
820 2477 893 2570 quis
912 2475 1042 2546 rursirm
1054 2477 1170 2569 majori
1185 2479 1294 2546 seien-

250 2585 306 2654 tiae
322 2583 396 2652 luce
408 2582 616 2652 collustratus
628 2599 692 2670 est,
712 2598 810 2676 atque
821 2584 857 2652 in
872 2580 1037 2676 profunda
1049 2584 1186 2674 Spiritus
1198 2607 1294 2676 pros-

251 2683 359 2784 pexit,
377 2682 414 2760 ae
428 2713 503 2760 curn
524 2695 606 2778 Deo,
624 2715 700 2784 quae
714 2692 772 2760 Dei
788 2703 876 2777 sunt,
895 2689 1090 2782 exquisivit?
1106 2691 1179 2783 quis
1194 2694 1294 2782 porrb

251 2781 435 2868 sermonem
455 2797 572 2866 habuit
596 2798 697 2867 animi
724 2821 816 2866 sensa
841 2797 959 2866 melids
980 2812 1219 2890 exponentem,
1247 2799 1295 2866 itt

252 2919 292 2975 ut
328 2905 445 2974 neutrd
476 2919 596 2998 parte,
627 2918 666 2973 ut
697 2904 872 2996 plerique,
900 2901 1120 2989 claudicaret,
1152 2904 1292 2996 nempe,

251 3015 305 3086 vel
323 3029 435 3082 mente
456 3035 605 3081 sermone
621 3012 795 3097 destituti,
814 3009 866 3080 vel
882 3033 1031 3080 sermone
1046 3009 1103 3104 qui
1117 3010 1160 3080 ad
1174 3011 1295 3096 mentis

252 3118 503 3208 intelligentiam
518 3141 587 3186 non
603 3131 749 3208 assurgat
766 3145 774 3186 :
797 3115 913 3203 verum
929 3140 1040 3209 parem
1056 3117 1091 3185 in
1106 3117 1247 3210 utrdque
1259 3141 1296 3186 re

252 3223 385 3294 laudern
400 3223 584 3308 obtineret,
606 3247 731 3317 parque
744 3225 813 3316 ipse
834 3225 895 3292 sibi
911 3224 1002 3293 haud
1022 3223 1122 3292 dubie
1139 3239 1237 3307 esset,
1256 3249 1295 3294 ac

251 3331 328 3402 vere
343 3330 470 3422 integer
486 3343 519 3399 et
533 3329 707 3422 perfectus.
725 3335 773 3399 Ac
788 3330 941 3423 quaedam
960 3331 1127 3422 Scriptura
1142 3332 1206 3404 hoc
1224 3331 1295 3423 Spi-

251 3439 329 3508 ritui
345 3451 457 3507 sancto
469 3437 602 3523 tribuit,
617 3435 709 3531 quod
727 3435 860 3507 Omnia
875 3452 1064 3525 scrutetur,
1080 3441 1295 3530 ctiampro-
1317 3455 1319 3464 ’

240 3541 371 3642 funda
384 3543 459 3614 Dei
472 3547 501 3631 ³,
519 3567 587 3614 non
602 3558 640 3612 ut
655 3546 823 3634 ignorans,
838 3543 895 3612 sed
910 3557 949 3612 ut
960 3568 1001 3613 ex
1015 3567 1131 3613 eorum
1144 3559 1298 3624 contem·

250 3653 396 3746 piatione
425 3674 587 3720 summam
615 3649 818 3742 voluptatem
847 3651 987 3743 capiens.
1017 3651 1153 3720 basilius
1181 3664 1295 3720 autem

115 3829 118 3844 ,
206 3851 207 3856 ¹
249 3760 370 3844 omnia,
384 3782 460 3852 quae
470 3759 607 3850 Spiritus
618 3771 706 3844 sunt,
714 3773 933 3850 perscrutatus
945 3772 1005 3844 est,
1018 3781 1057 3826 ex
1065 3781 1171 3852 eoque
1183 3757 1293 3828 mores

286 3915 294 3941 ¹
313 3903 388 3956 Eceli.
409 3922 443 3971 ru,
459 3923 470 3956 1
490 3911 517 3958 et
529 3917 597 3972 seqq.
618 3927 650 3940 -
665 3914 675 3940 ²
688 3905 712 3955 S.
727 3907 828 3970 Gregor.
842 3902 925 3954 Theol.
944 3905 1013 3955 Orat.
1026 3920 1095 3974 xum,
1109 3919 1133 3956 n.
1145 3902 1241 3970 60-64.
1258 3930 1294 3940 -

253 3988 359 4046 eror.
372 4007 400 4057 rr,
417 4007 455 4042 ro.
571 3999 573 4010 ·
