2996 4598
306 451 406 500 curor
428 454 466 498 11.
491 453 534 500 nn
555 447 764 500 nuceserrlrrs
786 449 1015 502 concionatum.
1143 435 1186 500 13

148 575 213 624 suae
234 553 373 646 parietes
387 551 472 624 filios
500 575 676 647 servosque
691 553 769 624 [idei
799 552 993 624 rudimentis
1008 549 1185 648 informet,

148 657 221 727 crim
236 659 322 728 inter
333 658 511 730 mulierum
526 657 715 730 dotesillud
727 683 860 753 quoque
872 672 1039 732 recenseat
1049 663 1189 752 Aposto-

147 763 217 852 lus,
235 779 273 836 ut
296 767 369 836 sint
393 763 482 836 bene
498 763 688 838 docentes¹
704 818 713 853 ‚
731 767 799 838 sive
818 767 908 860 apud
921 768 1039 836 inscios
1055 767 1190 860 privatis

147 869 282 964 eloquiis
294 873 407 964 gratiae
421 870 598 965 adjutrices
607 873 761 959 existant,
774 872 852 942 edm
861 873 966 942 sancti
977 876 1089 942 Patres
1102 895 1189 966 prae-

146 975 306 1070 cipueque
321 977 438 1048 beatus
450 979 703 1069 Chrysostomus
716 1000 844 1071 semper
858 977 1072 1048 audientibus
1080 977 1191 1046 foemi-

146 1081 193 1150 nis
207 1081 289 1152 utile
301 1083 446 1153 inculcet
460 1083 665 1176 propositum
679 1097 806 1176 retenta
823 1082 983 1154 doctrinae
998 1095 1192 1174 argumenta

146 1187 338 1258 absentibus
349 1188 510 1258 recitandi
521 1188 561 1258 ad
574 1211 685 1264 eorum
696 1188 928 1260 illuminandas
939 1202 1066 1258 mentes
1074 1187 1192 1260 corda-

145 1291 211 1384 que
224 1293 268 1363 ad
283 1299 391 1363 Deum
410 1293 640 1364 convertenda.
655 1295 728 1364 lmb
744 1309 778 1364 et
796 1294 1022 1388 superiorissas
1041 1317 1111 1364 non
1125 1317 1191 1387 pu·

145 1397 234 1468 hliee
250 1399 286 1468 iu
302 1399 453 1484 ecclesii,
469 1397 529 1468 sed
544 1399 697 1492 privatim
711 1400 798 1470 iutrb
817 1401 1007 1472 monasterii
1028 1400 1191 1489 claustra,

143 1505 296 1576 subditas
307 1507 369 1576 sibi
379 1507 519 1598 virgines
530 1508 650 1578 sanctis
660 1509 838 1580 informare
846 1507 1002 1582 doctrinis
1006 1511 1063 1604 jus
1070 1511 1193 1582 habere

144 1636 245 1684 nemo
261 1629 310 1684 est
325 1615 384 1708 qui
397 1639 518 1708 negare
540 1615 686 1708 audeat3
703 1617 797 1711 quod
820 1632 854 1688 et
874 1617 969 1689 laicae
984 1620 1084 1712 ipsae,
1117 1641 1193 1712 quae

108 1752 112 1758 «
144 1719 335 1813 puellarum
361 1745 474 1792 curam
490 1736 627 1815 gerunt,
657 1725 785 1796 cunctis
812 1725 1072 1820 approbantibus
1086 1723 1194 1796 facere

146 1829 404 1929 consueverunt.
449 1883 452 1890 ·

552 2215 714 2349 cruor
741 2275 802 2355 11,
878 2219 881 2224 ⁵

32 2581 33 2586 Ἰ
145 2488 203 2560 De
234 2491 451 2561 necessitate
479 2483 715 2582 predicandi
744 2485 956 2580 pastoribus
985 2490 1194 2582 animuum

579 2595 761 2688 r'mpost'tci.

192 2805 221 2872 1.
237 2801 394 2872 Officium
409 2800 628 2888 concionandi
639 2801 795 2894 episeopis
806 2803 1001 2894 caeterisque
1014 2804 1196 2874 animarum

147 2931 265 2978 euram
293 2907 480 2999 gerentibus
515 2906 616 2978 fuisse
640 2910 659 2976 b
684 2908 814 2980 Christo
841 2909 985 2993 Domino
1008 2909 1199 3002 impositum

146 3015 345 3108 perspicitur
360 3039 400 3084 ex
420 3015 498 3107 ipsis
523 3015 619 3084 Pauli
634 3015 770 3086 vocibus
787 3013 925 3087 dicentis
945 3045 952 3086 :
974 3015 1018 3091 V
1015 3041 1047 3087 ce
1064 3013 1155 3086 milti
1167 3020 1202 3088 si

147 3143 222 3192 non
232 3119 530 3217 evangelizavero
536 3153 555 3208 ,·
565 3125 762 3192 necessitas
776 3124 872 3194 enim
890 3121 983 3194 mibi
988 3121 1161 3194 incumbit
1171 3131 1197 3194 ².

147 3229 280 3310 Quibus
292 3228 435 3319 vestigiis
444 3227 630 3298 insistentes
641 3229 743 3298 sancti
753 3229 907 3300 Ecclesiae
920 3235 1074 3302 Doctores
1086 3231 1201 3302 multis

148 3333 397 3427 tremendisque
413 3334 524 3408 verbis
546 3334 781 3406 confessisunt
800 3359 959 3429 maguum
975 3339 1200 3410 sacerdotibus

148 3439 344 3535 impendere
358 3442 564 3536 periculum,
582 3443 609 3514 si
623 3443 843 3515 concionandi
858 3468 980 3516 munus
993 3445 1123 3542 explere
1139 3471 1201 3518 ue·

149 3547 328 3638 glexeriut.

198 3683 215 3722 n
242 3657 301 3724 Vae
317 3655 380 3724 erit
402 3653 515 3742 nobis,
533 3655 643 3749 inquit
668 3657 883 3746 Symmachus
900 3681 1005 3752 papa,
1026 3659 1084 3752 qui
1103 3661 1202 3754 hujus

149 3759 324 3830 ministerii
339 3785 422 3831 onus
443 3761 826 3854 susceptum‘habemus,
850 3765 877 3834 si
901 3766 1072 3836 veritatem
1091 3767 1203 3838 Salva-

149 3867 234 3938 toris
250 3869 353 3940 nostri
374 3873 454 3940 Jesu
470 3869 613 3960 Christi,
633 3893 735 3966 quam
750 3872 899 3966 Apostoli
921 3873 1200 3968 praedicaverunt,

191 4025 199 4052 ¹
217 4014 268 4066 Tit.
281 4033 311 4082 ιι,
326 4016 350 4067 3.
368 4025 424 4052 -²
442 4032 453 4068 1
469 4015 526 4070 Cor.
538 4031 573 4082 tx,
588 4015 627 4070 16.
698 4086 700 4090 ι
