<?xml version="1.0" encoding="UTF-8"?>
<!DOCTYPE html PUBLIC "-//W3C//DTD XHTML 1.0 Transitional//EN"
    "http://www.w3.org/TR/xhtml1/DTD/xhtml1-transitional.dtd">
<html xmlns="http://www.w3.org/1999/xhtml" xml:lang="en" lang="en">
 <head>
  <title>
</title>
<meta http-equiv="Content-Type" content="text/html;charset=utf-8" />
  <meta name='ocr-system' content='tesseract 3.04.00' />
  <meta name='ocr-capabilities' content='ocr_page ocr_carea ocr_par ocr_line ocrx_word'/>
</head>
<body>
  <div class='ocr_page' id='page_1' title='image "./rhetoricasancto00cailgoog_0295.png"; bbox 0 0 2930 4582; ppageno 0'>
   <div class='ocr_carea' id='block_1_1' title="bbox 259 361 1144 443">
    <p class='ocr_par' dir='ltr' id='par_1_1' title="bbox 259 361 1144 443">
     <span class='ocr_line' id='line_1_1' title="bbox 259 361 1144 443; baseline -0.014 -19"><span class='ocrx_word' id='word_1_1' title='bbox 259 361 323 424; x_wconf 78' lang='lat'><strong>296</strong></span> <span class='ocrx_word' id='word_1_2' title='bbox 405 369 584 422; x_wconf 80' lang='lat' dir='ltr'><strong>unnronrot</strong></span> <span class='ocrx_word' id='word_1_3' title='bbox 606 373 632 417; x_wconf 79' lang='lat' dir='ltr'><strong>S.</strong></span> <span class='ocrx_word' id='word_1_4' title='bbox 659 368 808 443; x_wconf 75' lang='lat' dir='ltr'><strong>nlnnuu,</strong></span> <span class='ocrx_word' id='word_1_5' title='bbox 834 368 910 420; x_wconf 76' lang='lat' dir='ltr'><strong>ntus</strong></span> <span class='ocrx_word' id='word_1_6' title='bbox 933 374 983 432; x_wconf 69' lang='grc' dir='ltr'><strong>ιι,</strong></span> <span class='ocrx_word' id='word_1_7' title='bbox 1008 371 1092 420; x_wconf 75' lang='lat' dir='ltr'><strong>esen.</strong></span> <span class='ocrx_word' id='word_1_8' title='bbox 1116 373 1144 414; x_wconf 56' lang='lat'><strong>1.‘</strong></span> 
     </span>
    </p>
   </div>
   <div class='ocr_carea' id='block_1_2' title="bbox 164 471 1315 3543">
    <p class='ocr_par' dir='ltr' id='par_1_2' title="bbox 244 471 1315 1740">
     <span class='ocr_line' id='line_1_2' title="bbox 255 471 1298 566; baseline -0.006 -18"><span class='ocrx_word' id='word_1_9' title='bbox 255 477 389 548; x_wconf 87' lang='lat' dir='ltr'><strong>talitatis</strong></span> <span class='ocrx_word' id='word_1_10' title='bbox 410 475 581 566; x_wconf 80' lang='lat' dir='ltr'>excipere?</span> <span class='ocrx_word' id='word_1_11' title='bbox 601 495 670 543; x_wconf 92' lang='lat' dir='ltr'><strong>non</strong></span> <span class='ocrx_word' id='word_1_12' title='bbox 692 486 838 542; x_wconf 85' lang='lat' dir='ltr'><strong>metuere</strong></span> <span class='ocrx_word' id='word_1_13' title='bbox 857 478 965 544; x_wconf 89' lang='lat' dir='ltr'><strong>Deum</strong></span> <span class='ocrx_word' id='word_1_14' title='bbox 988 471 1243 542; x_wconf 83' lang='lat' dir='ltr'><strong>comminantem</strong></span> <span class='ocrx_word' id='word_1_15' title='bbox 1266 483 1298 543; x_wconf 84' lang='lat' dir='ltr'><strong>et</strong></span> 
     </span>
     <span class='ocr_line' id='line_1_3' title="bbox 254 575 1298 674; baseline -0.005 -20"><span class='ocrx_word' id='word_1_16' title='bbox 254 585 441 654; x_wconf 85' lang='lat' dir='ltr'><strong>dicentem:</strong></span> <span class='ocrx_word' id='word_1_17' title='bbox 459 578 685 674; x_wconf 70' lang='lat' dir='ltr'><strong>Sacrfficans</strong></span> <span class='ocrx_word' id='word_1_18' title='bbox 699 575 769 647; x_wconf 82' lang='lat' dir='ltr'><strong>diis</strong></span> <span class='ocrx_word' id='word_1_19' title='bbox 784 576 1046 665; x_wconf 80' lang='lat' dir='ltr'><em>eradicabitur,</em></span> <span class='ocrx_word' id='word_1_20' title='bbox 1063 577 1136 648; x_wconf 73' lang='lat' dir='ltr'><strong>rusi</strong></span> <span class='ocrx_word' id='word_1_21' title='bbox 1141 575 1298 650; x_wconf 83' lang='lat' dir='ltr'><strong>Domino</strong></span> 
     </span>
     <span class='ocr_line' id='line_1_4' title="bbox 252 683 1298 786; baseline -0.007 -25"><span class='ocrx_word' id='word_1_22' title='bbox 252 688 322 762; x_wconf 78' lang='lat' dir='ltr'><strong>soli</strong></span> <span class='ocrx_word' id='word_1_23' title='bbox 334 684 373 758; x_wconf 76' lang='lat'><strong>¹?</strong></span> <span class='ocrx_word' id='word_1_24' title='bbox 453 686 542 769; x_wconf 85' lang='lat' dir='ltr'><strong>Quid</strong></span> <span class='ocrx_word' id='word_1_25' title='bbox 560 684 660 786; x_wconf 23' lang='lat' dir='ltr'><strong>texad</strong></span> <span class='ocrx_word' id='word_1_26' title='bbox 685 683 782 756; x_wconf 81' lang='lat' dir='ltr'><strong>falsos</strong></span> <span class='ocrx_word' id='word_1_27' title='bbox 808 686 887 768; x_wconf 91' lang='lat' dir='ltr'><strong>deos</strong></span> <span class='ocrx_word' id='word_1_28' title='bbox 913 687 1064 756; x_wconf 85' lang='lat' dir='ltr'><strong>humilias</strong></span> <span class='ocrx_word' id='word_1_29' title='bbox 1089 699 1124 754; x_wconf 89' lang='lat' dir='ltr'><strong>et</strong></span> <span class='ocrx_word' id='word_1_30' title='bbox 1145 685 1298 756; x_wconf 73' lang='lat' dir='ltr'><strong>inclinas?</strong></span> 
     </span>
     <span class='ocr_line' id='line_1_5' title="bbox 253 791 1298 890; baseline -0.003 -25"><span class='ocrx_word' id='word_1_31' title='bbox 253 793 336 890; x_wconf 87' lang='lat' dir='ltr'><strong>quid</strong></span> <span class='ocrx_word' id='word_1_32' title='bbox 351 795 427 864; x_wconf 76' lang='lat' dir='ltr'><strong>ante</strong></span> <span class='ocrx_word' id='word_1_33' title='bbox 442 793 554 884; x_wconf 89' lang='lat' dir='ltr'><strong>inepta</strong></span> <span class='ocrx_word' id='word_1_34' title='bbox 570 791 743 861; x_wconf 89' lang='lat' dir='ltr'><strong>simulacra</strong></span> <span class='ocrx_word' id='word_1_35' title='bbox 763 806 796 862; x_wconf 89' lang='lat' dir='ltr'><strong>et</strong></span> <span class='ocrx_word' id='word_1_36' title='bbox 816 793 974 884; x_wconf 83' lang='lat' dir='ltr'><strong>figmenta</strong></span> <span class='ocrx_word' id='word_1_37' title='bbox 991 807 1119 862; x_wconf 87' lang='lat' dir='ltr'><strong>terrena</strong></span> <span class='ocrx_word' id='word_1_38' title='bbox 1133 793 1298 884; x_wconf 88' lang='lat' dir='ltr'><strong>captivum</strong></span> 
     </span>
     <span class='ocr_line' id='line_1_6' title="bbox 254 897 1299 994; baseline -0.005 -21"><span class='ocrx_word' id='word_1_39' title='bbox 254 923 374 994; x_wconf 90' lang='lat' dir='ltr'><strong>corpus</strong></span> <span class='ocrx_word' id='word_1_40' title='bbox 395 899 567 968; x_wconf 81' lang='lat' dir='ltr'><strong>incurvas?</strong></span> <span class='ocrx_word' id='word_1_41' title='bbox 589 902 732 966; x_wconf 87' lang='lat' dir='ltr'><strong>Rectum</strong></span> <span class='ocrx_word' id='word_1_42' title='bbox 755 911 789 966; x_wconf 93' lang='lat' dir='ltr'><strong>te</strong></span> <span class='ocrx_word' id='word_1_43' title='bbox 812 897 1007 985; x_wconf 87' lang='lat' dir='ltr'><strong>Deusfecit,</strong></span> <span class='ocrx_word' id='word_1_44' title='bbox 1027 899 1158 968; x_wconf 76' lang='lat' dir='ltr'><strong>etcum</strong></span> <span class='ocrx_word' id='word_1_45' title='bbox 1184 911 1299 968; x_wconf 86' lang='lat' dir='ltr'><strong>caetera</strong></span> 
     </span>
     <span class='ocr_line' id='line_1_7' title="bbox 252 1003 1297 1098; baseline -0.004 -20"><span class='ocrx_word' id='word_1_46' title='bbox 252 1007 406 1084; x_wconf 89' lang='lat' dir='ltr'><strong>animalia</strong></span> <span class='ocrx_word' id='word_1_47' title='bbox 425 1029 530 1096; x_wconf 92' lang='lat' dir='ltr'><strong>prona</strong></span> <span class='ocrx_word' id='word_1_48' title='bbox 546 1017 589 1074; x_wconf 84' lang='lat' dir='ltr'><strong>et¹</strong></span> <span class='ocrx_word' id='word_1_49' title='bbox 600 1003 642 1074; x_wconf 91' lang='lat' dir='ltr'><strong>ad</strong></span> <span class='ocrx_word' id='word_1_50' title='bbox 658 1019 779 1074; x_wconf 90' lang='lat' dir='ltr'><strong>terram</strong></span> <span class='ocrx_word' id='word_1_51' title='bbox 799 1007 865 1076; x_wconf 92' lang='lat' dir='ltr'><strong>situ</strong></span> <span class='ocrx_word' id='word_1_52' title='bbox 880 1021 1034 1097; x_wconf 84' lang='lat' dir='ltr'><strong>vergente</strong></span> <span class='ocrx_word' id='word_1_53' title='bbox 1053 1005 1205 1098; x_wconf 87' lang='lat' dir='ltr'><strong>depressa</strong></span> <span class='ocrx_word' id='word_1_54' title='bbox 1217 1006 1297 1092; x_wconf 91' lang='lat' dir='ltr'><strong>sint,</strong></span> 
     </span>
     <span class='ocr_line' id='line_1_8' title="bbox 252 1111 1315 1207; baseline 0.001 -21"><span class='ocrx_word' id='word_1_55' title='bbox 252 1117 314 1186; x_wconf 88' lang='lat' dir='ltr'><strong>tibi</strong></span> <span class='ocrx_word' id='word_1_56' title='bbox 326 1113 474 1184; x_wconf 91' lang='lat' dir='ltr'><strong>sublimis</strong></span> <span class='ocrx_word' id='word_1_57' title='bbox 489 1126 609 1198; x_wconf 87' lang='lat' dir='ltr'><strong>status,</strong></span> <span class='ocrx_word' id='word_1_58' title='bbox 629 1126 662 1182; x_wconf 92' lang='lat' dir='ltr'><strong>et</strong></span> <span class='ocrx_word' id='word_1_59' title='bbox 674 1112 717 1182; x_wconf 91' lang='lat' dir='ltr'><strong>ad</strong></span> <span class='ocrx_word' id='word_1_60' title='bbox 733 1111 856 1182; x_wconf 88' lang='lat' dir='ltr'><strong>coelum</strong></span> <span class='ocrx_word' id='word_1_61' title='bbox 872 1128 971 1207; x_wconf 90' lang='lat' dir='ltr'><strong>atque</strong></span> <span class='ocrx_word' id='word_1_62' title='bbox 988 1113 1030 1182; x_wconf 92' lang='lat' dir='ltr'><strong>ad</strong></span> <span class='ocrx_word' id='word_1_63' title='bbox 1045 1119 1151 1182; x_wconf 90' lang='lat' dir='ltr'><strong>Deum</strong></span> <span class='ocrx_word' id='word_1_64' title='bbox 1172 1113 1315 1187; x_wconf 57' lang='lat' dir='ltr'><strong>sursum*</strong></span> 
     </span>
     <span class='ocr_line' id='line_1_9' title="bbox 244 1217 1300 1308; baseline -0.004 -16"><span class='ocrx_word' id='word_1_65' title='bbox 244 1222 365 1294; x_wconf 74' lang='lat' dir='ltr'><strong>,vultus</strong></span> <span class='ocrx_word' id='word_1_66' title='bbox 380 1233 507 1289; x_wconf 88' lang='lat' dir='ltr'><strong>erectus</strong></span> <span class='ocrx_word' id='word_1_67' title='bbox 522 1232 582 1288; x_wconf 88' lang='lat' dir='ltr'><strong>est.</strong></span> <span class='ocrx_word' id='word_1_68' title='bbox 598 1217 683 1288; x_wconf 82' lang='lat' dir='ltr'><strong>lllbc</strong></span> <span class='ocrx_word' id='word_1_69' title='bbox 694 1219 835 1306; x_wconf 89' lang='lat' dir='ltr'><strong>intuere,</strong></span> <span class='ocrx_word' id='word_1_70' title='bbox 848 1217 927 1290; x_wconf 84' lang='lat' dir='ltr'><strong>illbc</strong></span> <span class='ocrx_word' id='word_1_71' title='bbox 937 1220 1050 1290; x_wconf 91' lang='lat' dir='ltr'><strong>oculos</strong></span> <span class='ocrx_word' id='word_1_72' title='bbox 1064 1233 1138 1288; x_wconf 89' lang='lat' dir='ltr'><strong>tuos</strong></span> <span class='ocrx_word' id='word_1_73' title='bbox 1153 1221 1252 1308; x_wconf 85' lang='lat' dir='ltr'><strong>erige,</strong></span> <span class='ocrx_word' id='word_1_74' title='bbox 1266 1219 1300 1288; x_wconf 91' lang='lat' dir='ltr'><strong>in</strong></span> 
     </span>
     <span class='ocr_line' id='line_1_10' title="bbox 253 1323 1300 1422; baseline -0.004 -23"><span class='ocrx_word' id='word_1_75' title='bbox 253 1329 401 1422; x_wconf 90' lang='lat' dir='ltr'><strong>supernis</strong></span> <span class='ocrx_word' id='word_1_76' title='bbox 413 1331 519 1410; x_wconf 89' lang='lat' dir='ltr'><strong>Deum</strong></span> <span class='ocrx_word' id='word_1_77' title='bbox 535 1347 657 1418; x_wconf 85' lang='lat' dir='ltr'><strong>quaere.</strong></span> <span class='ocrx_word' id='word_1_78' title='bbox 683 1329 728 1395; x_wconf 90' lang='lat' dir='ltr'><strong>Ut</strong></span> <span class='ocrx_word' id='word_1_79' title='bbox 748 1349 858 1395; x_wconf 92' lang='lat' dir='ltr'><strong>carere</strong></span> <span class='ocrx_word' id='word_1_80' title='bbox 872 1326 985 1394; x_wconf 85' lang='lat' dir='ltr'><strong>inferis</strong></span> <span class='ocrx_word' id='word_1_81' title='bbox 1000 1325 1117 1418; x_wconf 92' lang='lat' dir='ltr'><strong>possis,</strong></span> <span class='ocrx_word' id='word_1_82' title='bbox 1132 1323 1175 1418; x_wconf 85' lang='lat' dir='ltr'><strong>ad</strong></span> <span class='ocrx_word' id='word_1_83' title='bbox 1190 1324 1256 1394; x_wconf 91' lang='lat' dir='ltr'><strong>alta</strong></span> <span class='ocrx_word' id='word_1_84' title='bbox 1269 1338 1300 1395; x_wconf 88' lang='lat' dir='ltr'><strong>et</strong></span> 
     </span>
     <span class='ocr_line' id='line_1_11' title="bbox 253 1430 1301 1525; baseline -0.006 -19"><span class='ocrx_word' id='word_1_85' title='bbox 253 1434 400 1506; x_wconf 89' lang='lat' dir='ltr'><strong>coelestia</strong></span> <span class='ocrx_word' id='word_1_86' title='bbox 410 1455 604 1525; x_wconf 91' lang='lat' dir='ltr'><strong>suspensum</strong></span> <span class='ocrx_word' id='word_1_87' title='bbox 617 1444 732 1524; x_wconf 90' lang='lat' dir='ltr'><strong>pectus</strong></span> <span class='ocrx_word' id='word_1_88' title='bbox 745 1431 870 1502; x_wconf 83' lang='lat' dir='ltr'>attolle.</span> <span class='ocrx_word' id='word_1_89' title='bbox 886 1432 974 1516; x_wconf 87' lang='lat' dir='ltr'><strong>Quid</strong></span> <span class='ocrx_word' id='word_1_90' title='bbox 986 1446 1018 1501; x_wconf 92' lang='lat' dir='ltr'><strong>te</strong></span> <span class='ocrx_word' id='word_1_91' title='bbox 1030 1433 1065 1501; x_wconf 92' lang='lat' dir='ltr'><strong>in</strong></span> <span class='ocrx_word' id='word_1_92' title='bbox 1076 1430 1206 1523; x_wconf 89' lang='lat' dir='ltr'><strong>lapsum</strong></span> <span class='ocrx_word' id='word_1_93' title='bbox 1215 1455 1301 1502; x_wconf 90' lang='lat' dir='ltr'><strong>mor-</strong></span> 
     </span>
     <span class='ocr_line' id='line_1_12' title="bbox 253 1537 1301 1632; baseline -0.003 -20"><span class='ocrx_word' id='word_1_94' title='bbox 253 1543 296 1612; x_wconf 93' lang='lat' dir='ltr'><strong>tis</strong></span> <span class='ocrx_word' id='word_1_95' title='bbox 310 1565 387 1612; x_wconf 92' lang='lat' dir='ltr'><strong>cum</strong></span> <span class='ocrx_word' id='word_1_96' title='bbox 401 1552 565 1632; x_wconf 86' lang='lat' dir='ltr'><strong>serpente,</strong></span> <span class='ocrx_word' id='word_1_97' title='bbox 578 1561 678 1630; x_wconf 88' lang='lat' dir='ltr'><strong>quem</strong></span> <span class='ocrx_word' id='word_1_98' title='bbox 694 1539 786 1624; x_wconf 90' lang='lat' dir='ltr'><strong>colis,</strong></span> <span class='ocrx_word' id='word_1_99' title='bbox 798 1539 938 1608; x_wconf 77' lang='lat' dir='ltr'><strong>sternis?</strong></span> <span class='ocrx_word' id='word_1_100' title='bbox 950 1539 1033 1632; x_wconf 92' lang='lat' dir='ltr'><strong>quid</strong></span> <span class='ocrx_word' id='word_1_101' title='bbox 1044 1539 1080 1606; x_wconf 92' lang='lat' dir='ltr'><strong>in</strong></span> <span class='ocrx_word' id='word_1_102' title='bbox 1091 1539 1222 1608; x_wconf 87' lang='lat' dir='ltr'><strong>ruinam</strong></span> <span class='ocrx_word' id='word_1_103' title='bbox 1232 1537 1301 1609; x_wconf 87' lang='lat' dir='ltr'><strong>dia-</strong></span> 
     </span>
     <span class='ocr_line' id='line_1_13' title="bbox 255 1643 936 1740; baseline -0.013 -22"><span class='ocrx_word' id='word_1_104' title='bbox 255 1648 324 1720; x_wconf 87' lang='lat' dir='ltr'><strong>boli</strong></span> <span class='ocrx_word' id='word_1_105' title='bbox 339 1669 399 1740; x_wconf 93' lang='lat' dir='ltr'><strong>per</strong></span> <span class='ocrx_word' id='word_1_106' title='bbox 413 1649 522 1738; x_wconf 87' lang='lat' dir='ltr'><strong>ipsum</strong></span> <span class='ocrx_word' id='word_1_107' title='bbox 537 1658 571 1714; x_wconf 90' lang='lat' dir='ltr'><strong>et</strong></span> <span class='ocrx_word' id='word_1_108' title='bbox 586 1667 664 1714; x_wconf 89' lang='lat' dir='ltr'><strong>cum</strong></span> <span class='ocrx_word' id='word_1_109' title='bbox 678 1645 749 1736; x_wconf 90' lang='lat' dir='ltr'><strong>ipso</strong></span> <span class='ocrx_word' id='word_1_110' title='bbox 759 1643 850 1714; x_wconf 91' lang='lat' dir='ltr'><strong>cadis</strong></span> <span class='ocrx_word' id='word_1_111' title='bbox 866 1648 902 1710; x_wconf 76' lang='lat'><strong>²?</strong></span> <span class='ocrx_word' id='word_1_112' title='bbox 920 1672 936 1710; x_wconf 77' lang='lat' dir='ltr'><strong>a</strong></span> 
     </span>
    </p>

    <p class='ocr_par' dir='ltr' id='par_1_3' title="bbox 164 1749 1301 2060">
     <span class='ocr_line' id='line_1_14' title="bbox 298 1749 1301 1844; baseline -0.002 -22"><span class='ocrx_word' id='word_1_113' title='bbox 298 1754 435 1834; x_wconf 63' lang='lat' dir='ltr'><strong>Narrate</strong></span> <span class='ocrx_word' id='word_1_114' title='bbox 451 1752 576 1830; x_wconf 82' lang='lat' dir='ltr'><strong>Juliani</strong></span> <span class='ocrx_word' id='word_1_115' title='bbox 592 1764 749 1844; x_wconf 83' lang='lat' dir='ltr'><strong>apostatae</strong></span> <span class='ocrx_word' id='word_1_116' title='bbox 764 1751 915 1821; x_wconf 75' lang='lat' dir='ltr'><strong>luctuosb</strong></span> <span class='ocrx_word' id='word_1_117' title='bbox 933 1762 1051 1836; x_wconf 91' lang='lat' dir='ltr'><strong>morte,</strong></span> <span class='ocrx_word' id='word_1_118' title='bbox 1069 1749 1249 1844; x_wconf 89' lang='lat' dir='ltr'><strong>multisque</strong></span> <span class='ocrx_word' id='word_1_119' title='bbox 1261 1753 1301 1820; x_wconf 91' lang='lat' dir='ltr'><strong>de</strong></span> 
     </span>
     <span class='ocr_line' id='line_1_15' title="bbox 164 1857 1301 1954; baseline -0.001 -25"><span class='ocrx_word' id='word_1_120' title='bbox 164 1923 166 1929; x_wconf 92' lang='lat'><strong>.</strong></span> <span class='ocrx_word' id='word_1_121' title='bbox 254 1859 465 1954; x_wconf 71' lang='lat' dir='ltr'><strong>providentia</strong></span> <span class='ocrx_word' id='word_1_122' title='bbox 482 1859 665 1951; x_wconf 84' lang='lat' dir='ltr'><strong>futuroque</strong></span> <span class='ocrx_word' id='word_1_123' title='bbox 680 1859 806 1952; x_wconf 89' lang='lat' dir='ltr'><strong>judicio</strong></span> <span class='ocrx_word' id='word_1_124' title='bbox 825 1857 976 1928; x_wconf 88' lang='lat' dir='ltr'><strong>delibatis</strong></span> <span class='ocrx_word' id='word_1_125' title='bbox 988 1911 997 1944; x_wconf 91' lang='lat'><strong>,</strong></span> <span class='ocrx_word' id='word_1_126' title='bbox 1009 1858 1055 1927; x_wconf 90' lang='lat' dir='ltr'><strong>sic</strong></span> <span class='ocrx_word' id='word_1_127' title='bbox 1068 1857 1301 1950; x_wconf 84' lang='lat' dir='ltr'><strong>interrogando</strong></span> 
     </span>
     <span class='ocr_line' id='line_1_16' title="bbox 253 1965 952 2060; baseline 0 -23"><span class='ocrx_word' id='word_1_128' title='bbox 253 1967 364 2060; x_wconf 85' lang='lat' dir='ltr'><strong>pergit</strong></span> <span class='ocrx_word' id='word_1_129' title='bbox 376 1979 507 2034; x_wconf 88' lang='lat' dir='ltr'><strong>sanctus</strong></span> <span class='ocrx_word' id='word_1_130' title='bbox 520 1965 696 2054; x_wconf 85' lang='lat' dir='ltr'><strong>Gregorius</strong></span> <span class='ocrx_word' id='word_1_131' title='bbox 708 1967 930 2036; x_wconf 82' lang='lat' dir='ltr'><strong>Nazianzenus</strong></span> <span class='ocrx_word' id='word_1_132' title='bbox 943 1995 952 2037; x_wconf 76' lang='lat' dir='ltr'><strong>a</strong></span> 
     </span>
    </p>

    <p class='ocr_par' dir='ltr' id='par_1_4' title="bbox 186 2069 1304 3543">
     <span class='ocr_line' id='line_1_17' title="bbox 300 2069 1302 2164; baseline 0.002 -25"><span class='ocrx_word' id='word_1_133' title='bbox 300 2101 317 2139; x_wconf 74' lang='lat' dir='ltr'><strong>e</strong></span> <span class='ocrx_word' id='word_1_134' title='bbox 342 2075 403 2140; x_wconf 87' lang='lat' dir='ltr'><strong>Hae</strong></span> <span class='ocrx_word' id='word_1_135' title='bbox 418 2085 559 2155; x_wconf 86' lang='lat' dir='ltr'><strong>nostrae,</strong></span> <span class='ocrx_word' id='word_1_136' title='bbox 573 2072 638 2139; x_wconf 93' lang='lat' dir='ltr'><strong>hoc</strong></span> <span class='ocrx_word' id='word_1_137' title='bbox 654 2085 718 2156; x_wconf 88' lang='lat' dir='ltr'><strong>cst,</strong></span> <span class='ocrx_word' id='word_1_138' title='bbox 733 2069 955 2156; x_wconf 77' lang='lat' dir='ltr'><strong>Galilaeorum,</strong></span> <span class='ocrx_word' id='word_1_139' title='bbox 969 2072 1021 2142; x_wconf 83' lang='lat' dir='ltr'><strong>hae</strong></span> <span class='ocrx_word' id='word_1_140' title='bbox 1035 2085 1302 2164; x_wconf 89' lang='lat' dir='ltr'><strong>contemptorum</strong></span> 
     </span>
     <span class='ocr_line' id='line_1_18' title="bbox 253 2176 1301 2270; baseline -0.001 -22"><span class='ocrx_word' id='word_1_141' title='bbox 253 2192 287 2248; x_wconf 95' lang='lat' dir='ltr'><strong>et</strong></span> <span class='ocrx_word' id='word_1_142' title='bbox 299 2179 505 2270; x_wconf 86' lang='lat' dir='ltr'><strong>abjectorum</strong></span> <span class='ocrx_word' id='word_1_143' title='bbox 520 2176 695 2244; x_wconf 91' lang='lat' dir='ltr'><strong>hominum</strong></span> <span class='ocrx_word' id='word_1_144' title='bbox 711 2177 923 2246; x_wconf 85' lang='lat' dir='ltr'><strong>narrationes.</strong></span> <span class='ocrx_word' id='word_1_145' title='bbox 937 2179 1016 2246; x_wconf 82' lang='lat' dir='ltr'><strong>llaec</strong></span> <span class='ocrx_word' id='word_1_146' title='bbox 1032 2201 1103 2262; x_wconf 91' lang='lat' dir='ltr'><strong>nos,</strong></span> <span class='ocrx_word' id='word_1_147' title='bbox 1119 2179 1178 2270; x_wconf 91' lang='lat' dir='ltr'><strong>qui</strong></span> <span class='ocrx_word' id='word_1_148' title='bbox 1194 2180 1301 2248; x_wconf 91' lang='lat' dir='ltr'><strong>crnci-</strong></span> 
     </span>
     <span class='ocr_line' id='line_1_19' title="bbox 186 2283 1302 2380; baseline -0.001 -24"><span class='ocrx_word' id='word_1_149' title='bbox 186 2377 188 2380; x_wconf 84' lang='lat'><strong>.</strong></span> <span class='ocrx_word' id='word_1_150' title='bbox 253 2287 357 2356; x_wconf 87' lang='lat' dir='ltr'><strong>fixum</strong></span> <span class='ocrx_word' id='word_1_151' title='bbox 380 2283 553 2354; x_wconf 89' lang='lat' dir='ltr'><strong>adoramus</strong></span> <span class='ocrx_word' id='word_1_152' title='bbox 570 2312 577 2352; x_wconf 91' lang='lat'><strong>:</strong></span> <span class='ocrx_word' id='word_1_153' title='bbox 592 2285 664 2352; x_wconf 86' lang='lat' dir='ltr'><strong>haec</strong></span> <span class='ocrx_word' id='word_1_154' title='bbox 688 2283 898 2376; x_wconf 87' lang='lat' dir='ltr'><strong>piscatorum,</strong></span> <span class='ocrx_word' id='word_1_155' title='bbox 914 2299 965 2372; x_wconf 90' lang='lat' dir='ltr'><strong>et,</strong></span> <span class='ocrx_word' id='word_1_156' title='bbox 982 2300 1021 2355; x_wconf 89' lang='lat' dir='ltr'><strong>ut</strong></span> <span class='ocrx_word' id='word_1_157' title='bbox 1035 2287 1097 2378; x_wconf 88' lang='lat' dir='ltr'><strong>ipsi</strong></span> <span class='ocrx_word' id='word_1_158' title='bbox 1114 2287 1220 2372; x_wconf 87' lang='lat' dir='ltr'><strong>aiunt,</strong></span> <span class='ocrx_word' id='word_1_159' title='bbox 1241 2288 1302 2355; x_wconf 90' lang='lat' dir='ltr'><strong>im-</strong></span> 
     </span>
     <span class='ocr_line' id='line_1_20' title="bbox 254 2389 1302 2486; baseline 0.003 -26"><span class='ocrx_word' id='word_1_160' title='bbox 254 2393 435 2486; x_wconf 91' lang='lat' dir='ltr'><strong>peritorum</strong></span> <span class='ocrx_word' id='word_1_161' title='bbox 461 2389 624 2480; x_wconf 87' lang='lat' dir='ltr'><strong>discipuli.</strong></span> <span class='ocrx_word' id='word_1_162' title='bbox 645 2394 724 2460; x_wconf 89' lang='lat' dir='ltr'><strong>Haec</strong></span> <span class='ocrx_word' id='word_1_163' title='bbox 740 2415 815 2476; x_wconf 92' lang='lat' dir='ltr'><strong>nos,</strong></span> <span class='ocrx_word' id='word_1_164' title='bbox 834 2393 893 2484; x_wconf 91' lang='lat' dir='ltr'><strong>qui</strong></span> <span class='ocrx_word' id='word_1_165' title='bbox 916 2415 993 2460; x_wconf 91' lang='lat' dir='ltr'><strong>curn</strong></span> <span class='ocrx_word' id='word_1_166' title='bbox 1013 2393 1131 2462; x_wconf 89' lang='lat' dir='ltr'><strong>vetulis</strong></span> <span class='ocrx_word' id='word_1_167' title='bbox 1152 2393 1302 2463; x_wconf 87' lang='lat' dir='ltr'><strong>sedemus</strong></span> 
     </span>
     <span class='ocr_line' id='line_1_21' title="bbox 255 2496 1302 2588; baseline 0.002 -22"><span class='ocrx_word' id='word_1_168' title='bbox 255 2512 289 2566; x_wconf 91' lang='lat' dir='ltr'><strong>et</strong></span> <span class='ocrx_word' id='word_1_169' title='bbox 301 2497 480 2588; x_wconf 88' lang='lat' dir='ltr'><strong>psallimus.</strong></span> <span class='ocrx_word' id='word_1_170' title='bbox 497 2498 671 2580; x_wconf 87' lang='lat' dir='ltr'><strong>Haec&#39;nos,</strong></span> <span class='ocrx_word' id='word_1_171' title='bbox 689 2496 796 2586; x_wconf 85' lang='lat' dir='ltr'><strong>longis</strong></span> <span class='ocrx_word' id='word_1_172' title='bbox 813 2497 944 2588; x_wconf 85' lang='lat' dir='ltr'><strong>jejuniis</strong></span> <span class='ocrx_word' id='word_1_173' title='bbox 968 2498 1111 2567; x_wconf 85' lang='lat' dir='ltr'><strong>confecti</strong></span> <span class='ocrx_word' id='word_1_174' title='bbox 1127 2523 1165 2568; x_wconf 93' lang='lat' dir='ltr'><strong>ac</strong></span> <span class='ocrx_word' id='word_1_175' title='bbox 1184 2500 1302 2570; x_wconf 89' lang='lat' dir='ltr'><strong>semia-</strong></span> 
     </span>
     <span class='ocr_line' id='line_1_22' title="bbox 255 2599 1300 2696; baseline 0.005 -26"><span class='ocrx_word' id='word_1_176' title='bbox 255 2603 370 2670; x_wconf 89' lang='lat' dir='ltr'><strong>nimes.</strong></span> <span class='ocrx_word' id='word_1_177' title='bbox 390 2604 469 2668; x_wconf 88' lang='lat' dir='ltr'><strong>Haec</strong></span> <span class='ocrx_word' id='word_1_178' title='bbox 492 2622 564 2684; x_wconf 90' lang='lat' dir='ltr'><strong>nos,</strong></span> <span class='ocrx_word' id='word_1_179' title='bbox 592 2601 651 2692; x_wconf 90' lang='lat' dir='ltr'><strong>qui</strong></span> <span class='ocrx_word' id='word_1_180' title='bbox 674 2599 795 2669; x_wconf 80' lang='lat' dir='ltr'><strong>frustra</strong></span> <span class='ocrx_word' id='word_1_181' title='bbox 819 2601 1010 2694; x_wconf 84' lang='lat' dir='ltr'><strong>vigilamus,</strong></span> <span class='ocrx_word' id='word_1_182' title='bbox 1036 2618 1137 2696; x_wconf 90' lang='lat' dir='ltr'><strong>atque</strong></span> <span class='ocrx_word' id='word_1_183' title='bbox 1160 2605 1197 2674; x_wconf 92' lang='lat' dir='ltr'><strong>in</strong></span> <span class='ocrx_word' id='word_1_184' title='bbox 1221 2629 1300 2675; x_wconf 92' lang='lat' dir='ltr'><strong>noc·</strong></span> 
     </span>
     <span class='ocr_line' id='line_1_23' title="bbox 255 2695 1299 2802; baseline 0.006 -28"><span class='ocrx_word' id='word_1_185' title='bbox 255 2706 362 2778; x_wconf 91' lang='lat' dir='ltr'><strong>turnis</strong></span> <span class='ocrx_word' id='word_1_186' title='bbox 382 2705 578 2775; x_wconf 88' lang='lat' dir='ltr'><strong>stationibus</strong></span> <span class='ocrx_word' id='word_1_187' title='bbox 599 2695 774 2796; x_wconf 71' lang='lat' dir='ltr'><strong>n&#39;ugamur,</strong></span> <span class='ocrx_word' id='word_1_188' title='bbox 794 2721 952 2784; x_wconf 87' lang='lat' dir='ltr'><strong>ettamen</strong></span> <span class='ocrx_word' id='word_1_189' title='bbox 972 2734 1029 2779; x_wconf 92' lang='lat' dir='ltr'><strong>vos</strong></span> <span class='ocrx_word' id='word_1_190' title='bbox 1053 2711 1299 2802; x_wconf 87' lang='lat' dir='ltr'><strong>prosternimus.</strong></span> 
     </span>
     <span class='ocr_line' id='line_1_24' title="bbox 257 2813 1303 2904; baseline 0.002 -20"><span class='ocrx_word' id='word_1_191' title='bbox 257 2813 323 2886; x_wconf 88' lang='lat' dir='ltr'><strong>Ubi</strong></span> <span class='ocrx_word' id='word_1_192' title='bbox 345 2827 423 2882; x_wconf 91' lang='lat' dir='ltr'><strong>sunt</strong></span> <span class='ocrx_word' id='word_1_193' title='bbox 445 2813 670 2904; x_wconf 76' lang='lat' dir='ltr'><strong>grammatici?</strong></span> <span class='ocrx_word' id='word_1_194' title='bbox 688 2813 747 2880; x_wconf 93' lang='lat' dir='ltr'><strong>ubi</strong></span> <span class='ocrx_word' id='word_1_195' title='bbox 769 2813 962 2884; x_wconf 78' lang='lat' dir='ltr'><strong>consiliarii?</strong></span> <span class='ocrx_word' id='word_1_196' title='bbox 980 2816 1077 2885; x_wconf 88' lang='lat' dir='ltr'><strong>Libet</strong></span> <span class='ocrx_word' id='word_1_197' title='bbox 1092 2817 1181 2884; x_wconf 88' lang='lat' dir='ltr'><strong>eninr</strong></span> <span class='ocrx_word' id='word_1_198' title='bbox 1198 2819 1240 2886; x_wconf 87' lang='lat' dir='ltr'><strong>ab</strong></span> <span class='ocrx_word' id='word_1_199' title='bbox 1253 2819 1303 2886; x_wconf 90' lang='lat' dir='ltr'><strong>in·</strong></span> 
     </span>
     <span class='ocr_line' id='line_1_25' title="bbox 258 2917 1299 3014; baseline 0.003 -24"><span class='ocrx_word' id='word_1_200' title='bbox 258 2922 434 2990; x_wconf 86' lang='lat' dir='ltr'><strong>doctorum</strong></span> <span class='ocrx_word' id='word_1_201' title='bbox 450 2921 646 2989; x_wconf 88' lang='lat' dir='ltr'><strong>nostratium</strong></span> <span class='ocrx_word' id='word_1_202' title='bbox 669 2917 827 3012; x_wconf 89' lang='lat' dir='ltr'><strong>quodam,</strong></span> <span class='ocrx_word' id='word_1_203' title='bbox 845 2935 883 2989; x_wconf 91' lang='lat' dir='ltr'><strong>ut</strong></span> <span class='ocrx_word' id='word_1_204' title='bbox 898 2919 1031 3014; x_wconf 88' lang='lat' dir='ltr'><strong>quidem</strong></span> <span class='ocrx_word' id='word_1_205' title='bbox 1048 2925 1140 2993; x_wconf 90' lang='lat' dir='ltr'><strong>vobis</strong></span> <span class='ocrx_word' id='word_1_206' title='bbox 1157 2924 1299 3011; x_wconf 90' lang='lat' dir='ltr'><strong>videtur,</strong></span> 
     </span>
     <span class='ocr_line' id='line_1_26' title="bbox 257 3019 1299 3118; baseline 0.005 -22"><span class='ocrx_word' id='word_1_207' title='bbox 257 3025 493 3117; x_wconf 88' lang='lat' dir='ltr'><strong>triumphalem</strong></span> <span class='ocrx_word' id='word_1_208' title='bbox 510 3027 674 3113; x_wconf 79' lang='lat' dir='ltr'><strong>hyn&#39;rnum</strong></span> <span class='ocrx_word' id='word_1_209' title='bbox 698 3026 854 3094; x_wconf 86' lang='lat' dir='ltr'><strong>mutuari.</strong></span> <span class='ocrx_word' id='word_1_210' title='bbox 875 3028 941 3096; x_wconf 92' lang='lat' dir='ltr'><strong>Ubi</strong></span> <span class='ocrx_word' id='word_1_211' title='bbox 961 3030 1133 3116; x_wconf 87' lang='lat' dir='ltr'><strong>sacrificia,</strong></span> <span class='ocrx_word' id='word_1_212' title='bbox 1149 3045 1182 3100; x_wconf 93' lang='lat' dir='ltr'><strong>et</strong></span> <span class='ocrx_word' id='word_1_213' title='bbox 1197 3019 1299 3118; x_wconf 87' lang='lat' dir='ltr'><strong>saera,</strong></span> 
     </span>
     <span class='ocr_line' id='line_1_27' title="bbox 257 3129 1303 3228; baseline 0.008 -28"><span class='ocrx_word' id='word_1_214' title='bbox 257 3147 291 3201; x_wconf 92' lang='lat' dir='ltr'><strong>et</strong></span> <span class='ocrx_word' id='word_1_215' title='bbox 310 3131 486 3219; x_wconf 77' lang='lat' dir='ltr'><strong>mysteria?</strong></span> <span class='ocrx_word' id='word_1_216' title='bbox 506 3129 563 3198; x_wconf 92' lang='lat' dir='ltr'><strong>ubi</strong></span> <span class='ocrx_word' id='word_1_217' title='bbox 582 3129 735 3214; x_wconf 88' lang='lat' dir='ltr'><strong>victimae,</strong></span> <span class='ocrx_word' id='word_1_218' title='bbox 759 3133 826 3200; x_wconf 78' lang='lat' dir='ltr'><strong>tbm</strong></span> <span class='ocrx_word' id='word_1_219' title='bbox 849 3147 970 3224; x_wconf 85' lang='lat' dir='ltr'><strong>apertae</strong></span> <span class='ocrx_word' id='word_1_220' title='bbox 995 3133 1095 3228; x_wconf 78' lang='lat' dir='ltr'><strong>qubrn</strong></span> <span class='ocrx_word' id='word_1_221' title='bbox 1124 3137 1303 3210; x_wconf 73' lang='lat' dir='ltr'><strong>occultae3?</strong></span> 
     </span>
     <span class='ocr_line' id='line_1_28' title="bbox 258 3237 1303 3334; baseline 0.009 -27"><span class='ocrx_word' id='word_1_222' title='bbox 258 3238 319 3307; x_wconf 92' lang='lat' dir='ltr'><strong>ubi</strong></span> <span class='ocrx_word' id='word_1_223' title='bbox 334 3238 526 3329; x_wconf 88' lang='lat' dir='ltr'><strong>aruspicinae</strong></span> <span class='ocrx_word' id='word_1_224' title='bbox 550 3261 616 3323; x_wconf 76' lang='lat' dir='ltr'><strong>arr,</strong></span> <span class='ocrx_word' id='word_1_225' title='bbox 639 3261 714 3331; x_wconf 89' lang='lat' dir='ltr'><strong>quae</strong></span> <span class='ocrx_word' id='word_1_226' title='bbox 728 3237 827 3308; x_wconf 90' lang='lat' dir='ltr'><strong>laude</strong></span> <span class='ocrx_word' id='word_1_227' title='bbox 842 3264 879 3310; x_wconf 93' lang='lat' dir='ltr'><strong>ac</strong></span> <span class='ocrx_word' id='word_1_228' title='bbox 895 3242 1128 3334; x_wconf 88' lang='lat' dir='ltr'><strong>praedicatione</strong></span> <span class='ocrx_word' id='word_1_229' title='bbox 1149 3246 1303 3316; x_wconf 78' lang='lat' dir='ltr'><strong>effertur?</strong></span> 
     </span>
     <span class='ocr_line' id='line_1_29' title="bbox 258 3339 1304 3444; baseline 0.008 -30"><span class='ocrx_word' id='word_1_230' title='bbox 258 3345 316 3415; x_wconf 91' lang='lat' dir='ltr'><strong>ubi</strong></span> <span class='ocrx_word' id='word_1_231' title='bbox 336 3344 552 3438; x_wconf 87' lang='lat' dir='ltr'><strong>praescientiae</strong></span> <span class='ocrx_word' id='word_1_232' title='bbox 576 3345 722 3430; x_wconf 83' lang='lat' dir='ltr'><strong>vanitas,</strong></span> <span class='ocrx_word' id='word_1_233' title='bbox 746 3360 780 3416; x_wconf 89' lang='lat' dir='ltr'><strong>et</strong></span> <span class='ocrx_word' id='word_1_234' title='bbox 800 3339 1084 3444; x_wconf 90' lang='lat' dir='ltr'><strong>ventriloquorum</strong></span> <span class='ocrx_word' id='word_1_235' title='bbox 1108 3351 1223 3443; x_wconf 77' lang='lat' dir='ltr'><strong>signa?</strong></span> <span class='ocrx_word' id='word_1_236' title='bbox 1247 3353 1304 3422; x_wconf 90' lang='lat' dir='ltr'><strong>nbi</strong></span> 
     </span>
     <span class='ocr_line' id='line_1_30' title="bbox 229 3450 1303 3543; baseline 0.009 -23"><span class='ocrx_word' id='word_1_237' title='bbox 229 3492 231 3497; x_wconf 82' lang='lat'><strong>.</strong></span> <span class='ocrx_word' id='word_1_238' title='bbox 258 3451 345 3521; x_wconf 89' lang='lat' dir='ltr'><strong>clara</strong></span> <span class='ocrx_word' id='word_1_239' title='bbox 358 3450 424 3521; x_wconf 74' lang='lat' dir='ltr'><strong>illa</strong></span> <span class='ocrx_word' id='word_1_240' title='bbox 441 3451 590 3540; x_wconf 88' lang='lat' dir='ltr'><strong>Babylon</strong></span> <span class='ocrx_word' id='word_1_241' title='bbox 605 3475 754 3521; x_wconf 90' lang='lat' dir='ltr'><strong>sermone</strong></span> <span class='ocrx_word' id='word_1_242' title='bbox 770 3453 946 3543; x_wconf 89' lang='lat' dir='ltr'><strong>celebrata,</strong></span> <span class='ocrx_word' id='word_1_243' title='bbox 965 3472 998 3526; x_wconf 92' lang='lat' dir='ltr'><strong>et</strong></span> <span class='ocrx_word' id='word_1_244' title='bbox 1012 3458 1185 3527; x_wconf 89' lang='lat' dir='ltr'><strong>universus</strong></span> <span class='ocrx_word' id='word_1_245' title='bbox 1201 3473 1303 3530; x_wconf 87' lang='lat' dir='ltr'><strong>terra-</strong></span> 
     </span>
    </p>
   </div>
   <div class='ocr_carea' id='block_1_3' title="bbox 258 3551 1455 3658">
    <p class='ocr_par' dir='ltr' id='par_1_5' title="bbox 258 3551 1455 3658">
     <span class='ocr_line' id='line_1_31' title="bbox 258 3551 1455 3658; baseline 0.007 -31"><span class='ocrx_word' id='word_1_246' title='bbox 258 3581 334 3627; x_wconf 90' lang='lat' dir='ltr'><strong>rum</strong></span> <span class='ocrx_word' id='word_1_247' title='bbox 351 3558 437 3628; x_wconf 91' lang='lat' dir='ltr'><strong>orbis</strong></span> <span class='ocrx_word' id='word_1_248' title='bbox 453 3560 677 3650; x_wconf 87' lang='lat' dir='ltr'><strong>perexiguum</strong></span> <span class='ocrx_word' id='word_1_249' title='bbox 690 3573 723 3627; x_wconf 91' lang='lat' dir='ltr'><strong>et</strong></span> <span class='ocrx_word' id='word_1_250' title='bbox 738 3562 956 3631; x_wconf 85' lang='lat' dir='ltr'><strong>execrandum</strong></span> <span class='ocrx_word' id='word_1_251' title='bbox 969 3564 1163 3655; x_wconf 81' lang='lat' dir='ltr'><strong>sanguinem</strong></span> <span class='ocrx_word' id='word_1_252' title='bbox 1179 3568 1303 3658; x_wconf 82' lang='lat' dir='ltr'><strong>cogita·</strong></span> <span class='ocrx_word' id='word_1_253' title='bbox 1454 3551 1455 3560; x_wconf 8' lang='grc' dir='ltr'>ἵ</span> 
     </span>
    </p>
   </div>
   <div class='ocr_carea' id='block_1_4' title="bbox 259 3665 1304 3764">
    <p class='ocr_par' dir='ltr' id='par_1_6' title="bbox 259 3665 1304 3764">
     <span class='ocr_line' id='line_1_32' title="bbox 259 3665 1304 3764; baseline 0.008 -31"><span class='ocrx_word' id='word_1_254' title='bbox 259 3665 348 3734; x_wconf 91' lang='lat' dir='ltr'><strong>tione</strong></span> <span class='ocrx_word' id='word_1_255' title='bbox 366 3669 565 3758; x_wconf 78' lang='lat' dir='ltr'><strong>perceptus‘l,</strong></span> <span class='ocrx_word' id='word_1_256' title='bbox 581 3666 640 3735; x_wconf 93' lang='lat' dir='ltr'><strong>ubi</strong></span> <span class='ocrx_word' id='word_1_257' title='bbox 656 3671 762 3734; x_wconf 87' lang='lat' dir='ltr'><strong>Persae</strong></span> <span class='ocrx_word' id='word_1_258' title='bbox 778 3666 827 3736; x_wconf 95' lang='lat' dir='ltr'><strong>illi</strong></span> <span class='ocrx_word' id='word_1_259' title='bbox 842 3683 876 3737; x_wconf 89' lang='lat' dir='ltr'><strong>et</strong></span> <span class='ocrx_word' id='word_1_260' title='bbox 888 3669 996 3756; x_wconf 86' lang='lat' dir='ltr'><strong>Medi,</strong></span> <span class='ocrx_word' id='word_1_261' title='bbox 1012 3671 1070 3764; x_wconf 86' lang='lat' dir='ltr'><strong>qui</strong></span> <span class='ocrx_word' id='word_1_262' title='bbox 1086 3671 1239 3740; x_wconf 89' lang='lat' dir='ltr'><strong>manibus</strong></span> <span class='ocrx_word' id='word_1_263' title='bbox 1253 3686 1304 3740; x_wconf 90' lang='lat' dir='ltr'><strong>te·</strong></span> 
     </span>
    </p>
   </div>
   <div class='ocr_carea' id='block_1_5' title="bbox 163 3810 1303 3890">
    <p class='ocr_par' dir='ltr' id='par_1_7' title="bbox 163 3810 1303 3890">
     <span class='ocr_line' id='line_1_33' title="bbox 163 3810 1303 3890; baseline 0.011 -33"><span class='ocrx_word' id='word_1_264' title='bbox 163 3849 166 3857; x_wconf 88' lang='grc'>,</span> <span class='ocrx_word' id='word_1_265' title='bbox 237 3864 239 3869; x_wconf 50' lang='grc'>,</span> <span class='ocrx_word' id='word_1_266' title='bbox 297 3819 306 3847; x_wconf 89' lang='lat'>¹</span> <span class='ocrx_word' id='word_1_267' title='bbox 326 3810 402 3876; x_wconf 64' lang='lat' dir='ltr'><strong>Eruci.</strong></span> <span class='ocrx_word' id='word_1_268' title='bbox 422 3827 490 3876; x_wconf 82' lang='lat' dir='ltr'><strong>xxn,</strong></span> <span class='ocrx_word' id='word_1_269' title='bbox 504 3828 551 3864; x_wconf 77' lang='lat' dir='ltr'><strong>ao.</strong></span> <span class='ocrx_word' id='word_1_270' title='bbox 571 3837 604 3850; x_wconf 92' lang='lat'><em>-</em></span> <span class='ocrx_word' id='word_1_271' title='bbox 623 3825 634 3852; x_wconf 88' lang='lat'><em>²</em></span> <span class='ocrx_word' id='word_1_272' title='bbox 648 3815 672 3870; x_wconf 89' lang='lat' dir='ltr'><strong>S.</strong></span> <span class='ocrx_word' id='word_1_273' title='bbox 687 3813 759 3882; x_wconf 80' lang='lat' dir='ltr'><strong>Gypr.</strong></span> <span class='ocrx_word' id='word_1_274' title='bbox 772 3816 803 3890; x_wconf 80' lang='lat' dir='ltr'><strong>ad</strong></span> <span class='ocrx_word' id='word_1_275' title='bbox 815 3815 961 3874; x_wconf 72' lang='lat' dir='ltr'><strong>Demetrion.</strong></span> <span class='ocrx_word' id='word_1_276' title='bbox 977 3843 1008 3856; x_wconf 93' lang='grc'>-</span> <span class='ocrx_word' id='word_1_277' title='bbox 1024 3815 1102 3872; x_wconf 83' lang='lat' dir='ltr'><strong>³Isai.</strong></span> <span class='ocrx_word' id='word_1_278' title='bbox 1117 3835 1205 3886; x_wconf 80' lang='lat' dir='ltr'><strong>xxxrn,</strong></span> <span class='ocrx_word' id='word_1_279' title='bbox 1222 3818 1262 3886; x_wconf 78' lang='grc' dir='ltr'><strong>ιθ,</strong></span> <span class='ocrx_word' id='word_1_280' title='bbox 1278 3823 1303 3870; x_wconf 85' lang='lat' dir='ltr'><strong>et</strong></span> 
     </span>
    </p>
   </div>
   <div class='ocr_carea' id='block_1_6' title="bbox 265 3893 564 3961">
    <p class='ocr_par' dir='ltr' id='par_1_8' title="bbox 265 3893 564 3961">
     <span class='ocr_line' id='line_1_34' title="bbox 265 3893 564 3961; baseline 0.013 -18"><span class='ocrx_word' id='word_1_281' title='bbox 265 3909 276 3944; x_wconf 89' lang='grc' dir='ltr'><strong>ι</strong></span> <span class='ocrx_word' id='word_1_282' title='bbox 297 3893 351 3946; x_wconf 84' lang='lat' dir='ltr'><strong>Cor.</strong></span> <span class='ocrx_word' id='word_1_283' title='bbox 366 3911 386 3958; x_wconf 90' lang='lat'><strong>1,</strong></span> <span class='ocrx_word' id='word_1_284' title='bbox 399 3906 431 3946; x_wconf 80' lang='lat' dir='ltr'><strong>ao</strong></span> <span class='ocrx_word' id='word_1_285' title='bbox 444 3901 470 3946; x_wconf 92' lang='lat' dir='ltr'><strong>ct</strong></span> <span class='ocrx_word' id='word_1_286' title='bbox 482 3911 507 3961; x_wconf 82' lang='lat' dir='ltr'><strong>r,</strong></span> <span class='ocrx_word' id='word_1_287' title='bbox 523 3908 564 3948; x_wconf 87' lang='lat'><strong>20.</strong></span> 
     </span>
    </p>
   </div>
   <div class='ocr_carea' id='block_1_7' title="bbox 0 0 1477 4582">
    <p class='ocr_par' dir='ltr' id='par_1_9' title="bbox 0 0 1477 4582">
     <span class='ocr_line' id='line_1_35' title="bbox 0 0 1477 4582; baseline 0 0"><span class='ocrx_word' id='word_1_288' title='bbox 0 0 1477 4582; x_wconf 95' lang='lat' dir='ltr'><strong> </strong></span> 
     </span>
    </p>
   </div>
  </div>
 </body>
</html>
