2982 4584
287 425 350 488 ton
440 425 622 486 emeremni
643 423 843 500 s.‘·rtrnoir‘‚
868 405 945 485 rtrte
969 407 1126 500 11',hsc'r.
1153 439 1176 480 r:
1201 425 1204 428 '

286 542 502 614 comminetur
526 531 1165 634 supplicium‚''ut¹metti³cnntetnptum·
1185 537 1324 608 auferat.

285 649 370 721 Ctlm
383 651 492 718 autem
503 671 542 718 ex
554 649 622 719 soli
632 649 885 746 comminatione
896 641 1113 731 deterremur,
1128 667 1195 714 non
1206 645 1282 714 sinit
1290 661 1328 715 ut

284 758 355 850 ejus
382 755 571 848 periculum
590 755 758 826 iaciamus.
783 753 1040 846 videtiamque
1070 750 1153 845 quid
1177 751 1330 820 teremiae

284 861 403 933 dicat:
431 859 523 935 Non
545 860 645 932 vides
669 859 807 954 qotdit
778 887 830 930 ιι
806 854 1026 960 Psacinnt?
1049 857 1185 928 Patres
1205 881 1329 928 eornm

285 970 406 1066 ignem
424 953 656 1056 accendant;
664 967 742 1065 siff
714 998 739 1040 ιι
761 993 884 1040 eornm
905 964 993 1038 colli
978 969 1082 1062 lgent
1098 962 1231 1082 ligna:
1249 989 1328 1036 ιιιιι-
1333 993 1335 1002 ·

286 1074 389 1146 lieres
407 1075 669 1173 eornmfirnnt
683 1073 872 1168 adipem
847 1079 857 1116 ¹

330 1211 346 1250 n
361 1183 561 1253 Timendum
578 1200 684 1254 estne
700 1184 742 1252 de
762 1183 859 1255 nobis
874 1181 1044 1277 quidpiam
1057 1178 1162 1250 simile
1176 1179 1306 1250 dicatur
1317 1199 1337 1251 ι·

282 1294 357 1362 Νοιι
368 1289 458 1360 vides
475 1289 557 1383 quid
572 1290 619 1359 illi
633 1289 783 1360 iaciunt?
798 1294 902 1382 Nemo
915 1311 990 1384 quae
1006 1288 1126 1359 Christi
1140 1300 1218 1356 sunt
1232 1311 1328 1381 quae-

282 1396 343 1486 rit·
364 1395 421 1464 sod
438 1418 551 1506 omnes
573 1421 649 1490 quae
670 1411 833 1466 snasunt.
857 1395 933 1465 Filii
954 1401 1069 1464 eorum
1090 1394 1133 1462 ‘ad
1154 1392 1328 1463 libidinem

282 1516 447 1573 currunt:
464 1517 572 1596 patres
588 1527 702 1575 eorum
718 1503 761 1573 ad
777 1505 945 1574 avaritiam
958 1517 993 1572 et
1007 1501 1188 1595 rapinam:
1211 1523 1327 1572 uxores

283 1633 398 1706 eorum
416 1609 458 1680 ad
473 1611 661 1681 saecularem
683 1609 827 1701 fastum,
850 1635 925 1706 qnae
940 1612 1026 1681 viros
1047 1633 1123 1680 suos
1133 1629 1211 1678 non
1226 1600 1327 1679 modd

282 1741 351 1788 non
375 1696 503 1804 sedant,
518 1717 580 1786 sed
597 1717 705 1787 etiam
731 1733 923 1811 provocant.
955 1722 1011 1789 Sta
1026 1717 1129 1810 igitur
1157 1715 1324 1786 inloto:

281 1824 447 1914 interroga
465 1838 582 1916 euntes
597 1839 631 1894 et
646 1824 839 1910 redeuntes,
857 1839 890 1893 et
902 1825 1068 1894 neminem
1077 1821 1204 1892 videbis
1217 1844 1278 1913 pro
1291 1844 1328 1890 re

282 1927 442 2024 spirituali
457 1910 760 2028 festinantcm·‚sed
775 1954 887 2001 omnes
907 1951 968 2025 pro
984 1929 1171 2001 carnalibus
1187 1951 1325 2000 curren-

281 2053 342 2106 tes.
357 2039 539 2132 Quousque
552 2062 620 2108 non
633 2039 871 2133 resipiscimus?
886 2039 1060 2132 quousque
1073 2039 1108 2106 in
1120 2035 1326 2130 profundum
1404 2081 1408 2090 ·

282 2167 435 2214 somnum
446 2149 449 2159 '
461 2144 656 2238 dejicimur?
670 2151 782 2216 annon
797 2145 960 2216 malorum
975 2167 1037 2216 nos
1057 2139 1149 2237 ‘cepit
1172 2144 1326 2214 satietas?

281 2253 490 2348 Atqui'etiarn
504 2253 628 2346 absque
643 2254 751 2324 verbis
766 2253 836 2345 ipsa
850 2275 961 2322 rerum
976 2251 1173 2344 experientia
1184 2253 1261 2320 satis
1275 2265 1324 2321 est

281 2359 324 2429 ad
339 2359 505 2430 docendos
524 2379 605 2448 noe,
622 2360 707 2430 nihil
730 2383 798 2461 esse
819 2383 870 2430 res
895 2373 1070 2452 praesentes
1092 2373 1126 2442 et
1140 2381 1241 2451 prava
1256 2356 1325 2427 esse

282 2467 568 2537 omnia.Homines
576 2469 665 2537 certe
675 2467 904 2561 quiexternam
912 2467 1103 2560 sapientiam
1114 2467 1321 2553 exercebant,

233 2647 236 2655 ,
281 2586 315 2640 et
338 2573 421 2641 nihil
436 2573 626 2642 futurorum
641 2587 820 2659 noverant,
846 2573 924 2642 cirin
939 2573 1231 2667 deprehendissent
1250 2597 1323 2644 ma-

277 2680 380 2768 gnam
396 2676 607 2770 praesentium
628 2701 737 2747 rorum
753 2677 930 2766 vilitatem,
948 2680 1031 2750 ided'
1043 2680 1170 2751 tn'ntdm
1191 2683 1323 2750 absces-

280 2787 542 2870 serunt.'Quam
569 2787 647 2878 crgd
675 2801 713 2856 tu
737 2789 945 2882 consequeris
972 2777 1122 2875 veniam,
1147 2789 1205 2882 qui
1229 2787 1324 2856 humi

280 2897 366 2988 repis
389 2916 451 2964 nec
467 2893 603 2988 despicis
619 2899 718 2987 paria
733 2896 890 2990 haecquae
905 2909 1088 2984 transeunt,
1111 2920 1172 2966 nec
1187 2895 1320 2982 deseris,
1364 2908 1371 2916 '

279 3002 394 3094 pro'iis
414 3026 489 3095 quae
510 3025 630 3092 magna
655 3015 732 3070 sunt
747 3015 846 3094 atque
861 3017 983 3073 aeterna
991 3005 1074 3098 ,qui
1094 3005 1203 3096 ipsum
1216 3007 1336 3074 Deum*

235 3125 236 3128 ’
281 3107 374 3176 audis
392 3109 456 3176 hoc
476 3107 535 3175 tibi
552 3121 810 3194 monstrantem,
828 3121 862 3177 et
878 3109 1005 3230 abipso
1022 3111 1104 3179 tales
1124 3111 1226 3178 habes
1242 3133 1323 3202 prn-

280 3213 449 3307 missiones
456 3211 586 3296 toutd
600 3215 687 3282 enim
703 3215 774 3283 heec
791 3239 858 3284 non
875 3216 950 3284 satis
966 3217 1032 3286 sint
1018 3203 1090 3286 tad
1104 3215 1322 3304 detinendum

278 3300 459 3406 hominem,
474 3320 724 3390 ostenderunt
703 3347 726 3390 ιι
738 3345 796 3414 qur
786 3322 1107 3416 absquemajornm
1122 3333 1235 3391 rerum
1245 3342 1325 3414 pro·

164 3427 168 3438 ’
278 3427 431 3497 missione
448 3427 537 3496 ab'
510 3451 555 3496 ets
576 3427 816 3496 abstinuerunt.
844 3432 932 3510 Quas
954 3429 1041 3497 enim
1057 3426 1196 3497 divitias
1192 3449 1323 3522 expec-

171 3619 173 3626 s
278 3544 395 3619 tames,
413 3532 455 3602 ad
470 3547 695 3630 paupertatem
707 3535 892 3602 venerunt?
911 3533 1039 3604 nullas:
1059 3531 1116 3604 sed
1132 3535 1223 3628 quod
1234 3531 1321 3604 tent

170 3661 172 3666 ’
279 3638 398 3710 scirent
419 3637 518 3708 talem
537 3651 765 3732 paupertatem
785 3663 853 3710 esse
868 3639 988 3711 divitiis
1004 3640 1183 3711 meliorem.
1212 3644 1321 3724 Quam

278 3757 443 3836 sperantes
466 3746 567 3815 vitam
591 3745 721 3814 delicias
743 3743 967 3839 reliquerunt,
985 3761 1019 3817 et
1042 3769 1164 3840 asperae
1184 3747 1263 3818 vitm
1287 3769 1321 3816 sc

278 3851 498 3921 dediderunt?
513 3839 635 3946 nnllas·
652 3852 827 3954 sed1psam
843 3871 953 3923 rerum
969 3867 1121 3924 naturam
1136 3853 1266 3942 edocti,
1274 3867 1319 3922 et
1335 3875 1337 3880 ·

316 3979 427 4031 ¹..iercm
445 3995 487 4045 vn,
503 3995 542 4044 ¹7
