2984 4580
261 432 362 482 staur
385 435 431 488 rt,
457 434 498 480 oe
521 429 678 485 usruooo
700 432 737 478 nt
754 433 962 482 concrement
977 427 1143 481 tuisruina.
1164 419 1233 482 ’393

195 532 428 606 deDeovelde
437 533 532 608 nobis
543 533 715 628 conqueri,
725 531 764 620 si,
777 533 871 626 qnod
880 533 1014 626 patitur,
1027 515 1235 630 intelligatse
1327 617 1331 623 ¹

195 643 394 714 merent...
416 670 432 710 o

240 747 416 820 Videamus
439 769 529 819 nunc
543 747 713 842 quomodd
732 748 852 816 Beatus
875 748 1101 840 Augustinus,
1119 750 1234 821 eadem

195 853 367 949 iPaganis
383 857 514 951 objecto
528 855 646 926 diluat.
663 858 697 924 1⁰
714 854 857 939 Quidem
876 855 1053 948 respondet
1076 857 1162 929 mala
1176 859 1233 929 illa

194 965 388 1059 temporalia
405 985 474 1034 uon
489 985 558 1033 esse
580 969 665 1036 vera
681 962 785 1050 mela,
814 963 872 1035 sed
890 987 1007 1060 verum
1028 965 1153 1036 malum
1166 989 1235 1037 non

195 1073 257 1141 uisi
272 1073 308 1140 in
322 1081 458 1163 peccato
470 1069 665 1148 consistere
683 1073 719 1138 2⁰
735 1069 822 1140 male
833 1070 973 1165 aequalia
987 1070 1041 1143 vel
1053 1073 1151 1142 etiam
1164 1095 1236 1142 ma·

139 1182 142 1186 ’
192 1181 265 1272 jora
276 1179 434 1248 Romanis
451 1176 605 1248 accidisse
627 1201 667 1248 eo
688 1191 855 1271 tempore,
877 1203 947 1273 quo
971 1179 1111 1251 deornm
1136 1179 1235 1250 turba

195 1285 379 1378 religiosius
390 1285 577 1374 colebatur3
592 1289 626 1354 3⁰
642 1285 833 1356 eorumdem
850 1286 986 1378 gloriam
1002 1311 1071 1358 non
1088 1288 1182 1376 lovi,
1196 1300 1235 1357 ut
1255 1379 1257 1384 ,
1348 1281 1353 1287 ’

196 1393 378 1485 putabant,
396 1390 454 1462 sed
465 1415 542 1462 vero
562 1395 632 1463 Deo
649 1415 718 1464 esse
732 1393 956 1464 tribuendam.
975 1393 1036 1464 Illa
1051 1396 1114 1464 tria
1135 1395 1236 1489 quin·

196 1523 263 1594 que
277 1499 441 1593 prioribus
450 1497 492 1570 de
507 1500 646 1572 Ciuitate
659 1501 723 1592 Dei¹
731 1500 824 1572 libris
842 1501 888 1572 ita
904 1501 1083 1595 amplificat
1095 1517 1129 1573 ct
1140 1503 1234 1574 evol·

196 1607 255 1694 vit,
271 1607 352 1676 utin
362 1605 454 1676 illam
465 1609 731 1700 consequentiam
745 1609 883 1696 desinat,
898 1618 1053 1702 prospera
1070 1608 1236 1702 Religioni

195 1711 393 1802 christianae,
407 1737 546 1808 paganae
557 1715 644 1786 mala
659 1737 728 1786 esse
743 1715 920 1786 tribuenda
934 1722 960 1786 ².
1262 1792 1264 1806 ,

188 1893 194 1904 Δ,
240 1824 273 1894 S.
286 1817 935 1924 chrysostomusdesuturispeccatorum
948 1825 1232 1918 poenisdissereus,

195 1929 241 2000 sic
266 1953 366 2000 vanos
388 1929 567 2022 impiorum
582 1931 699 2000 evertit
718 1931 939 2024 objectiones,
957 1946 997 2003 ut
1009 1932 1123 2002 lumen
1137 1929 1236 2002 amul

194 2037 228 2106 in
244 2051 387 2123 mentes,
406 2051 632 2132 terroremque
646 2037 682 2108 in
694 2037 793 2109 corda
806 2040 977 2133 conjiciat:

242 2171 259 2210 ι(
277 2147 325 2213 Ac
348 2142 562 2238 frequenter,
585 2145 715 2248 inquit,
740 2148 930 2216 memoriam
955 2161 1140 2240 repetamus
1166 2158 1235 2215 tre·

196 2249 308 2320 mendi
324 2249 517 2336 tribunalis,
536 2251 630 2321 fluvii
643 2251 753 2343 ignei,
770 2251 980 2323 vinculorum
994 2251 1232 2337 insolubilium,

196 2360 405 2428 tenebrarum
430 2359 520 2428 omni
547 2359 622 2430 luce
654 2359 851 2453 expertium,
885 2360 1031 2430 stridoris
1061 2359 1233 2444 dentium,

195 2467 313 2536 vermis
332 2467 495 2537 venenati.¹
531 2466 673 2553 Verrim,
691 2467 840 2560 inquies,
871 2466 1033 2559 benignus
1062 2480 1111 2538 est
1135 2469 1232 2536 Deus.
1334 2487 1337 2496 ¹

196 2575 284 2664 Ergd
298 2575 370 2644 haec
392 2596 482 2642 mera
497 2574 597 2644 verba
613 2587 710 2657 sunt,
728 2595 790 2642 nec
806 2573 902 2643 Dives
916 2571 983 2658 ille,
1002 2574 1060 2667 qui
1075 2577 1234 2642 Lazarum

197 2680 410 2770 contempsit,
432 2679 594 2770 supplicio
614 2676 781 2770 allicitur?
797 2685 859 2746 nec
874 2681 1024 2768 Virgines
1049 2678 1122 2772 illae
1135 2677 1236 2748 fatuae

198 2808 237 2853 ex
255 2783 400 2854 thalamo
420 2784 621 2876 ejiciuntur?
636 2783 694 2878 qui
709 2782 876 2854 Christum
893 2806 960 2850 non
978 2783 1150 2868 aluerunt,
1168 2807 1237 2854 uon

198 2893 324 2962 abeunt
347 2891 383 2960 in
408 2892 517 2983 ignem
538 2905 691 2983 paratum
714 2887 849 2960 diabolo
870 2903 904 2958 et
926 2889 1048 2980 angelis
1068 2892 1163 2982 ejus?
1179 2893 1236 2984 qui

197 2997 335 3070 sordidis
354 2997 556 3068 vestiebatur
574 2987 794 3083 indumentis,
812 2996 965 3066 manibus
990 3011 1022 3093 et
1045 2996 1187 3089 pedibus
1200 2997 1237 3088 li·

199 3107 303 3198 gatis,
333 3128 402 3176 non
426 3105 569 3197 peribit?
600 3105 659 3199 qui
681 3117 815 3174 centum
842 3104 993 3174 denarios
1017 3103 1143 3195 exegit,
1169 3127 1238 3175 non
1282 3159 1284 3164 ·
1314 3173 1317 3179 r

197 3213 339 3284 traditus
351 3227 400 3282 est
410 3213 607 3284 tortoribus?
616 3216 689 3284 Non
701 3234 817 3282 verum
830 3225 880 3280 est
890 3211 926 3280 id
940 3211 1031 3305 quod
1043 3211 1086 3281 de
1099 3213 1238 3282 moechis

199 3321 326 3392 dictum
356 3317 421 3388 fuit
440 3347 447 3388 :
463 3316 507 3390 V
504 3318 609 3388 ermes
626 3342 750 3388 eorum·
774 3339 848 3386 non
863 3319 1055 3404 morietur,
1086 3333 1122 3386 et
1146 3317 1240 3413 agnas

151 3479 155 3484 -
200 3452 322 3511 eorum
351 3443 425 3498 non
441 3427 673 3520 extinguetur
685 3429 722 3494 ³?
735 3423 800 3495 Sed
815 3425 868 3493 hae
883 3426 1155 3496 comminationes
1166 3440 1241 3496 tan·

200 3539 272 3608 tiam
296 3538 392 3608 sunt?
411 3537 540 3621 Etiam,
558 3534 696 3628 inquies.
719 3537 769 3604 'Et
790 3533 978 3627 quomodb,
1009 3557 1140 3626 quaeso,
1167 3539 1242 3603 tan-

68 3697 71 3704 ,
154 3659 156 3664 '
199 3661 270 3716 tam
293 3663 363 3715 rem
393 3644 493 3716 audes
518 3643 763 3736 pronuntiare,
788 3656 823 3713 et
846 3664 887 3712 ex
910 3656 944 3711 te
971 3641 1042 3734 ipso
1076 3640 1241 3712 calculum

200 3753 309 3822 ferre?
325 3757 396 3843 Ego
421 3752 509 3822 enim
525 3764 558 3821 et
573 3749 616 3820 ab
631 3749 669 3820 iis
690 3773 766 3844 quae
792 3750 874 3820 dixit
889 3763 923 3820 et
949 3749 1044 3819 abiis
1068 3773 1144 3842 quae
1163 3747 1240 3818 lecit

237 3905 247 3934 ¹
266 3883 376 3964 SsGypr.
391 3897 421 3949 ad
433 3891 580 3952 Demetrias.
594 3907 647 3934 -2
661 3899 686 3949 S.
698 3900 797 3962 August.
809 3885 1083 3950 decirit.1}eilib.r-u
1094 3891 1146 3934 -3
1159 3893 1239 3946 Marc.

201 3999 237 4049 ¹¹,
250 3981 293 4049 ll·
1073 3981 1077 3986 ⁸
