2992 4590
296 422 358 480 100
438 435 615 482 currerint
640 433 666 480 a.
693 433 843 495 rtrnusr,
869 434 944 480 eras
968 438 1016 495 11,
1041 439 1125 493 sacr.
1153 439 1176 478 r.

290 534 399 606 monia
412 533 448 602 in
463 535 609 604 medium
624 531 760 604 adducit
776 561 783 602 :
799 531 932 604 ludaeos
951 535 1042 602 verb
1052 533 1335 602 circumcisionem

292 661 486 710 memorans·
503 637 703 731 alloquitur,
731 653 764 710 et
789 661 860 723 eos,
880 638 939 731 qui
954 637 1017 708 suh
1039 638 1112 730 lege
1134 638 1297 724 viverent,
1316 641 1335 706 a

290 743 454 814 sacrificiis
469 767 577 830 orsus,
596 741 747 813 doctrinal
766 742 897 812 imbuit.
920 743 1005 825 Quia
1029 744 1118 812 enim
1139 756 1335 813 consuetum
1358 803 1359 808 ,

291 849 354 922 sibi
370 849 510 943 quisque
534 872 660 920 morem
678 848 820 920 libenter
842 850 1009 944 sequitur,
1027 864 1060 918 et
1075 855 1161 918 Deus
1185 863 1219 918 et
1238 849 1336 920 viria
1382 845 1384 858 ’

291 959 361 1026 Deo
376 956 419 1026 ad
432 957 521 1025 orbis
544 956 683 1024 salutem
698 954 802 1042 missi,
822 957 868 1024 ita
893 979 944 1025 res
962 967 1116 1041 tractant.
1134 959 1201 1028 Nec
1224 957 1335 1050 itaque

290 1060 465 1153 indignum
482 1065 550 1134 Deo
571 1075 667 1152 putes
686 1061 779 1154 qubd
797 1085 856 1154 per
879 1060 1007 1131 stellam
1030 1062 1117 1154 ipsos
1140 1063 1332 1134 vocaverit:

291 1167 336 1236 sic
361 1167 448 1236 enim
466 1166 601 1260 judaica
625 1169 760 1261 quoque
785 1167 897 1237 omnia
917 1167 1147 1261 ‚improbabis,
1172 1169 1336 1240 'sacrificia

292 1276 438 1366 nempe,
465 1274 736 1366 purificationes,
766 1275 981 1368 neomenias,
1013 1299 1120 1346 arcam
1159 1279 1336 1370 ipsumque

292 1377 465 1472 templum.
495 1383 574 1450 Haec
601 1381 725 1474 quippe
749 1380 860 1450 omnia
880 1403 920 1450 ex
943 1383 1090 1471 gentium
1121 1384 1335 1452 crassitudine

292 1501 404 1559 ortum
419 1485 596 1558 duxerunt.
615 1491 771 1558 Attamen
785 1493 872 1558 Deus
888 1487 931 1557 ad
946 1490 1124 1560 errantium
1133 1489 1271 1560 salutem
1285 1491 1336 1560 his

291 1617 327 1664 se
340 1618 454 1687 passus
469 1607 517 1665 est
528 1593 609 1681 coli,
628 1593 748 1689 quibus
764 1595 931 1664 daemonas
937 1589 1081 1686 'gentiles
1096 1595 1145 1664 illi
1156 1595 1333 1682 colebant,

294 1701 353 1782 illo
368 1717 477 1772 tamen
490 1702 584 1773 cultu
597 1703 756 1795 tantisper
763 1717 902 1792 mutato,
914 1715 952 1770 ut
963 1703 1036 1772 illos
1049 1697 1206 1795 paulatim
1222 1707 1336 1773 'acon-

293 1809 468 1878 suetudine
495 1808 676 1896 abductos,
706 1809 749 1878 ad
774 1807 948 1878 sublimem
976 1807 1065 1878 illam
1092 1807 1335 1902 philosophiam

294 1913 486 1986 deduceret.
506 1915 546 1985 ld
564 1915 656 2008 quod
667 1915 872 1984 etiamcirc'a
883 1919 995 2005 M'agos
1013 1915 1144 2001 effecit,
1163 1916 1240 1985 edm
1260 1915 1336 1986 illos

258 2031 260 2036 '
292 2045 351 2115 per
366 2021 469 2092 stellae
481 2023 588 2091 visum
606 2022 745 2107 vocavit,
760 2035 798 2090 ut
810 2020 930 2090 deinde
943 2021 1148 2092 sublimiores
1167 2021 1332 2094 redderet.

274 2170 277 2176 ,
293 2130 472 2222 Postquam
487 2128 588 2220 igitur
603 2127 675 2198 illos
689 2127 731 2196 ad
753 2149 896 2220 praesepe
912 2129 1007 2221 quasi
1021 2153 1123 2198 manu
1139 2129 1332 2216 deduxerat,

292 2239 362 2307 riou
376 2259 435 2329 per
446 2235 573 2306 stellam
591 2235 728 2322 deinde,
745 2236 802 2306 sed
819 2259 877 2328 per
900 2237 1064 2328 Angelum
1085 2239 1172 2330 ipsos
1191 2237 1335 2331 alloqui-

250 2391 252 2396 ·
292 2358 349 2414 tur
366 2344 437 2414 :sic
460 2342 509 2412 illi
536 2343 696 2432 gradatim
717 2342 868 2412 meliores
892 2343 1001 2412 effecti
1024 2357 1112 2412 sunt.
1129 2348 1200 2413 Hoc
1224 2345 1334 2436 ipsum

293 2451 372 2522 iecit
386 2451 471 2520 circa
481 2448 683 2520 Ascalonitas
696 2463 729 2520 et
741 2441 986 2521 camoenam
998 2453 1173 2548 postquam
1185 2451 1336 2546 quinque
1351 2495 1359 2532 .·

292 2557 359 2627 illae
371 2557 534 2641 civitates,
552 2557 627 2624 ared
642 2553 683 2624 ad
699 2579 732 2625 se
748 2557 916 2643 veniente,
933 2555 1047 2626 lethali
1062 2557 1157 2648 plaga
1171 2581 1334 2650 percussae

293 2679 390 2754 sunt,
410 2664 486 2734 ciam
502 2663 634 2733 nullum
655 2663 888 2755 ingruentibus.
899 2663 993 2732 malis
1006 2663 1187 2732 remedium
1205 2664 1336 2734 inveni-

293 2789 389 2863 rent,
405 2771 527 2862 vocatis
542 2772 672 2844 vatibus
695 2785 729 2842 et
745 2785 944 2864 congregato
964 2785 1076 2858 coetu,
1101 2773 1270 2866 quomodo
1283 2772 1337 2842 di..

293 2881 415 2954 vinitirs
436 2881 617 2953 immissum
632 2877 756 2948 malum
772 2873 961 2948 amoverent
982 2877 1227 2948 consultabant.
1247 2881 1334 2950 Hinc

292 2991 423 3062 vatibus
446 2987 629 3056 dicentibus
654 3009 767 3055 vaccas
789 2984 963 3054 indomitas
982 2996 1015 3054 et
1037 2985 1229 3078 primiparas
1250 3010 1334 3058 arcae

289 3097 386 3192 jungi
402 3109 567 3187 oportere,
584 3106 623 3162 ut
637 3089 731 3162 nullo
743 3091 827 3160 duce
843 3091 910 3184 qud
920 3090 1043 3162 vellent
1055 3092 1176 3181 irent23
1189 3093 1335 3186 hincque

291 3197 499 3296 exploratum
513 3203 585 3272 fore
600 3225 642 3270 an
657 3199 813 3270 divinitus
825 3223 891 3286 ,an
907 3223 983 3268 casu
999 3199 1154 3292 quopiam
1169 3189 1333 3272 immissus

291 3313 427 3383 morbus
440 3325 532 3382 esset.
555 3340 571 3378 a
587 3314 670 3382 Nam
682 3309 720 3397 si,
735 3309 887 3393 aiebant,
892 3309 1011 3401 jugum
1022 3332 1061 3376 ex
1075 3307 1239 3400 imperitia
1252 3334 1335 3379 cou-

214 3498 217 3502 ,
291 3433 400 3491 terant
411 3473 421 3506 ,
434 3417 488 3491 vel
502 3419 529 3502 si
540 3416 582 3487 ad
598 3417 782 3509 mugientes
796 3413 915 3486 vitulos
938 3428 1125 3512 vertantur,
1143 3415 1239 3509 plaga
1255 3439 1334 3486 casu

291 3529 466 3620 acciderit,
483 3529 533 3598 sin
549 3531 637 3596 recta
648 3539 805 3619 pergant,
830 3547 939 3618 neque
961 3523 1142 3593 vitulorum
1167 3524 1332 3615 mugitum

291 3651 430 3722 curent,
452 3657 561 3728 neque
588 3657 628 3702 ex
646 3632 709 3702 viae
720 3631 904 3724 ignorantia
924 3630 1097 3716 aberrent,
1117 3631 1331 3722 conspicuum

293 3745 355 3813 erit
384 3745 489 3836 ipsam
515 3742 575 3811 Dei
598 3763 734 3809 manum
764 3739 823 3807 has
849 3737 946 3806 urbes
974 3737 1179 3830 percussisse.
1205 3739 1331 3820 »Quia

291 3849 391 3941 igitur
412 3861 525 3917 vatum
540 3846 636 3916 dictis
660 3846 841 3939 paruerunt
863 3843 994 3912 illarum
1011 3844 1180 3916 civitatum
1195 3843 1327 3929 incolae,

299 3968 300 3974 ¹
329 3985 336 4010 ¹
359 3993 368 4025 1
383 3955 447 4040 Μ.
463 3977 486 4025 ir.
499 4000 531 4010 -
545 3981 554 4010 ¹
568 3975 604 4025 ld.
618 3989 650 4054 rr,
667 3990 690 4035 7.
