2996 4598
223 467 327 516 carna
348 471 400 516 ιιι»
425 471 467 516 un
489 464 740 514 rnnatmmoun
762 465 805 513 an
824 465 1094 516 concionarentur.
1141 451 1202 522 35.

146 581 178 638 et
187 581 313 659 martyr
324 565 551 638 beatissimus?
562 577 688 658 quanto
705 569 915 638 Lactantius?
930 582 1056 661 quanto
1068 567 1184 638 Victo-

145 674 252 760 rinus,
273 676 433 768 Optatus,
454 661 617 758 Hilarius,
632 683 672 740 ut
683 669 725 739 de
739 671 821 740 vivis
832 677 1001 744 uceamts
1016 678 1187 746 -Taceat

145 780 187 852 de
201 781 282 854 vivis
293 778 518 872 Augustinus,
531 791 565 848 et
579 800 648 870 prae
663 777 823 846 modestia
838 777 879 846 de
890 780 1063 872 semetipso
1078 781 1187 852 dicere

143 900 311 978 vereatur,
334 910 394 956 nos
409 899 521 956 autem
539 882 583 952 de
603 883 675 975 ipso
690 905 759 975 prae
775 881 990 954 admiratione
1007 900 1115 956 tacere
1128 888 1189 981 qul

144 994 385 1064 sustineamus?
407 999 488 1077 Quae
512 1004 661 1062 veterum
680 989 876 1081 scriptorum
898 990 1059 1061 scientiar
1082 995 1190 1074 Quhm

143 1099 307 1192 preclaris
339 1104 516 1193 ,poetarum
546 1096 776 1184 carminibus,
816 1099 919 1192 quam
953 1097 1189 1184 excellentibus

142 1205 418 1298 philosophorum
443 1203 755 1296 sententiis„quam
778 1201 907 1272 disertis
928 1203 1097 1274 oratorum
1119 1228 1186 1274 ser·

142 1313 322 1400 monibus,
336 1313 436 1404 quam
446 1311 539 1380 rectis
549 1308 796 1380 dialecticorum
804 1308 943 1402 regulis,
960 1313 1062 1403 quam
1073 1310 1187 1382 electis

126 1417 377 1488 historicorum
402 1413 643 1506 narrationibus
664 1415 818 1486 distincta
845 1415 1036 1509 variataque
1059 1420 1186 1509 opera?
1239 1413 1244 1418 ’

142 1523 262 1608 Qualis
276 1524 310 1592 in
327 1521 385 1591 illo
400 1519 441 1590 de
456 1521 596 1592 Civitate
606 1522 667 1592 Dei
681 1536 836 1610 tractatu,
853 1521 1095 1594 debellatorum
1106 1547 1189 1594 exu-
1230 1589 1239 1606 ,

140 1629 204 1702 viis
226 1629 435 1698 inimicorum
458 1642 597 1698 ourrstus
615 1627 750 1699 incedit
776 1630 840 1700 Cui
861 1631 971 1717 certe,
995 1635 1190 1725 caeterisque

142 1736 301 1808 omnibus
322 1764 338 1802 a
356 1737 579 1828 superstitiosa
597 1735 749 1828 gentium
763 1738 987 1824 consuetudo,
1003 1752 1037 1808 et
1048 1739 1188 1808 maxime

143 1842 210 1914 illis
223 1843 441 1936 temporibus,
458 1843 537 1914 ciam
548 1843 669 1914 Christi
681 1844 844 1914 recutiens
853 1847 972 1938 jugum
988 1846 1190 1918 Christianos
1266 1849 1273 1862 ‘

143 1950 423 2044 persequebatur,
437 1948 624 2042 disciplinas
631 1971 715 2043 quas
726 1948 822 2018 utiles
837 1947 999 2035 habebat,
1017 1952 1191 2042 nunqulm

144 2054 388 2142 commodaret,
401 2055 428 2124 si
444 2078 497 2124 eas
512 2055 548 2124 irr
567 2077 666 2126 usum
680 2053 812 2126 colendi
828 2055 927 2126 unius
941 2057 1022 2142 Dei,
1040 2069 1109 2149 quo
1130 2079 1190 2127 va·-

144 2187 209 2234 nus
227 2161 394 2233 idolorum
416 2161 526 2232 cultus
545 2161 806 2249 exscinderetur,
828 2186 1024 2234 conversum
1047 2164 1089 2236 iri
1117 2188 1190 2236 sus-

145 2265 1191 2362 picareturzseddederuntaurumetsrgeutumetvestemsuam

145 2374 279 2446 exeunti
297 2370 423 2466 populo
441 2372 500 2442 Dei
522 2369 565 2442 de
583 2375 750 2465 AEgpptn,
768 2374 949 2447 nescientes
972 2375 1190 2468 quemadmo-

144 2478 227 2550 dum
238 2479 295 2549 illa
306 2501 382 2572 quae
393 2477 518 2546 dabant
529 2477 565 2545 iu
577 2477 698 2548 Christi
709 2477 907 2571 obsequium
918 2479 1107 2550 cederent¹.
1125 2508 1143 2546 s

191 2615 210 2654 e
234 2585 348 2671 Quod,
373 2597 412 2653 ut
432 2585 478 2652 ait
497 2586 664 2670 Socrates,
689 2583 767 2654 crim
789 2584 940 2655 Julianus
960 2583 1097 2658 taudem
1112 2611 1188 2680 per-

144 2691 310 2788 spenisset,
319 2687 393 2781 lege
401 2687 478 2758 dati
486 2689 668 2780 probibuit,
678 2712 721 2758 ue
732 2689 909 2762 Christiani
919 2693 1110 2762 Graecorum
1122 2694 1191 2764 dis·
1273 2744 1276 2748 -
1399 2639 1405 2650 ·

146 2795 276 2890 ciplinis
291 2795 550 2866 imbuerentur2.
567 2793 746 2862 »Timebat
761 2794 850 2884 euim
864 2817 907 2864 nc
922 2819 1127 2886 paganorum
1142 2823 1192 2870 ar.

146 2901 542 3003 misinstructi,paganos
552 2895 679 2968 facilius
689 2898 869 2992 dejicerent
877 2922 1013 2988 errores,
1026 2904 1193 2998 satiusque

146 3010 290 3083 ducebat
303 3010 444 3080 inermes
470 3006 615 3102 quodam
644 3003 746 3076 modo
760 3007 945 3100 opprimere
973 3007 1187 3080 adversarios.

146 3125 253 3202 Quam
283 3131 323 3188 ut
346 3113 550 3186 declinarent
576 3111 814 3200 calamitatem,
837 3137 961 3206 graccos
976 3113 1104 3208 lepores
1127 3117 1192 3188 sibi
1282 3107 1284 3112 ¹

146 3225 405 3318 Christianisqne
420 3221 587 3293 vindicare
609 3221 665 3312 pia
684 3217 801 3290 fraude
828 3221 938 3291 conati
956 3237 1035 3298 suut
1054 3225 1122 3295 duo
1141 3223 1191 3295 illi

148 3331 372 3428 Apollinares,
393 3329 436 3400 de
451 3328 573 3422 quibus
587 3328 633 3396 ita
648 3327 737 3398 idem
757 3327 859 3398 habet
876 3329 1023 3399 Socrates
1044 3359 1052 3400 :
1072 3359 1089 3398 a
1105 3333 1191 3404 Chm

149 3436 529 3532 uterquehumaniorum
537 3431 1190 3528 disciplinarumperititessetinstructus:

151 3561 244 3640 pater
255 3543 391 3640 quidem
404 3540 624 3634 grammaticae
629 3593 641 3627 ,
659 3539 746 3610 filius
758 3555 872 3612 autem
887 3543 1075 3632 rhetoricae,
1092 3545 1191 3615 ambo

151 3648 1191 3746 plutmtmutitttariseotemporechusuanisattuterunt.Pater

150 3759 242 3830 enim
260 3756 377 3850 utpoth
395 3754 624 3848 grammaticus
642 3765 745 3824 artem
761 3755 1005 3848 grammaticam
1019 3755 1063 3826 ad
1085 3757 1191 3829 chris-

186 3914 198 3944 s
215 3905 241 3957 S.
255 3906 355 3970 lingum
382 3901 414 3953 de
430 3903 503 3954 boet.
516 3898 625 3954 clmlib.
644 3899 1107 3968 n,cap.nn,n.60,61.-⁸Socr.
1122 3903 1187 3958 utet.

156 3987 244 4044 eccles.
257 3987 303 4040 lib.
311 4003 349 4052 ur,
362 4002 419 4052 cap.
430 3983 472 4064 Ἰι6.

1002 4067 1033 4129 3.
