2982 4584
283 405 382 471 ⁴84·
430 418 838 481 nuuroarotsrrraun,
864 416 1124 479 rtns11‚secr.
1151 425 1174 466 r.
1253 461 1258 472 ,

279 546 369 596 uunc
400 536 434 591 et
461 543 610 613 semper,
638 533 672 588 et
700 519 735 586 in
756 516 877 588 saecula
897 517 1107 590 saeculorum.
1134 525 1280 593 Amen¹.
1306 549 1324 590 >r

325 633 360 697 7⁰
378 629 434 699 'Sic
450 627 572 720 pariter
595 638 732 722 sanctus
749 623 884 694 Basilius
908 639 1096 717 peccatores
1111 628 1241 719 arguit,
1266 629 1327 723 qui

279 752 431 810 sanctum
446 735 610 828 Baptisma
625 734 726 826 pravi
736 731 896 804 dilatione
908 733 1071 825 suscipere
1083 734 1296 828 negligebant
1315 766 1323 806 :

326 843 432 915 «Hire
453 842 553 932 igitur
575 839 734 912 adesdum
746 840 840 927 mihi,
858 840 1015 934 teipsum
1031 853 1138 912 totum
1149 842 1192 912 ad
1207 845 1325 916 Domi-

279 975 361 1026 num
376 947 528 1036 transfer,
547 948 590 1019 da
606 970 729 1021 nomen
742 963 837 1018 tuum
849 1001 859 1034 ‚
873 947 1028 1018 Ecclesiae
1039 941 1206 1020 ascribere.
1225 951 1324 1022 Miles

277 1072 464 1133 recensetur
478 1057 512 1126 in
528 1054 702 1147 catalogo:
721 1054 845 1124 athleta
863 1054 1039 1148 inscriptus
1052 1055 1198 1128 decertat
1215 1085 1224 1127 ι
1240 1058 1320 1130 civis

275 1169 406 1242 civitate
421 1163 564 1236 donatus
578 1163 665 1232 inter
680 1159 820 1232 tribules
836 1176 1083 1232 annumeratur.
1094 1164 1255 1234 Omnibus
1270 1165 1320 1234 bis

275 1275 437 1350 obnoxius
452 1293 507 1358 es,
524 1283 564 1340 ut
574 1268 668 1339 miles
684 1269 822 1356 Christi,
841 1281 880 1338 ut
891 1269 1014 1340 athleta
1030 1271 1180 1363 pietatis,
1194 1286 1232 1342 ut
1245 1272 1323 1342 coeli

275 1382 456 1474 municeps.
475 1376 691 1450 Conscribere
707 1377 742 1444 in
757 1377 825 1446 hoc
840 1374 943 1462 libro,
966 1391 1005 1445 ut
1021 1377 1057 1446 in
1076 1376 1202 1450 coelesti
1213 1392 1322 1450 trans-

226 1521 228 1528 *
277 1489 421 1563 cribaris.
438 1487 550 1572 Disce,
568 1481 734 1555 edocearis
749 1483 971 1573 evangelicam
986 1483 1211 1578 disciplinam,
1229 1510 1324 1558 erac·
1363 1536 1368 1547 -
1478 1575 1479 1586 ¹

229 1663 231 1668 .
275 1613 343 1671 tam
356 1595 529 1669 oculorum
544 1592 759 1684 vigilantiam,
773 1590 897 1682 linguae
913 1593 1162 1680 continentiam,
1177 1597 1324 1688 corporis

274 1707 482 1789 servitutem,
510 1700 611 1770 animi
635 1699 875 1786 humilitatem,
904 1701 1019 1771 mentis
1039 1702 1240 1794 puritatem,
1264 1704 1323 1774 irae

168 1841 172 1848 ’
274 1813 519 1888 extinctionem.
532 1808 583 1878 hd
598 1807 770 1902 quidpiam
784 1806 811 1876 si
826 1806 979 1914 adigeris,
991 1807 1192 1901 superadde:
1207 1810 1234 1880 si
1250 1833 1323 1904 spo·

273 1923 373 2006 lieris,
392 1943 434 1989 ne
448 1918 540 2007 litiga
553 1945 561 1986 ι
573 1917 600 1985 si
614 1915 763 1984 habearis
778 1915 872 2001 odio,
891 1913 990 2006 dilige
1002 1921 1036 2007 ²3
1057 1916 1324 2008 persecutionem

273 2031 300 2100 si
315 2028 465 2121 patiaris,
483 2023 631 2092 sustine:
651 2021 801 2090 convitiis
827 2023 852 2090 si
868 2023 1036 2108 alliciaris,
1060 2023 1322 2096 obsecuturae

271 2133 419 2207 moriaris
435 2144 570 2224 peccato
591 2157 597 2198 :
619 2127 808 2218 crucifigere
834 2152 911 2197 cum
932 2129 1086 2216 Christo,
1108 2129 1321 2202 dilectionem

271 2257 376 2315 totam
389 2240 424 2308 in
441 2236 617 2322 Dominum
633 2249 831 2306 transmove.
859 2236 923 2335 Sed
940 2235 1087 2308 difficilia
1103 2251 1180 2308 sunt
1200 2239 1274 2308 haec
1286 2254 1321 2310 et

273 2350 393 2443 gravia.
406 2345 507 2431 Quid,
522 2335 651 2438 quaeso,
666 2365 777 2412 rerum
789 2342 950 2412 bonarum
963 2342 1060 2413 facile
1073 2343 1122 2413 est¹
1133 2348 1147 2414 P
1158 2345 1230 2438 quis
1242 2345 1321 2415 dor·

189 2481 192 2488 ·
272 2459 376 2533 miens
401 2467 564 2544 tropaeum
592 2451 734 2520 statuit?
750 2449 824 2542 quis
849 2449 935 2518 inter
957 2449 1091 2520 delicias
1106 2465 1139 2520 et
1160 2451 1319 2523 tibiarum

270 2561 423 2636 modulos
435 2557 563 2628 coronis
576 2555 778 2626 fortitudinis
789 2571 963 2626 exornatus
977 2561 1050 2625 est?
1065 2563 1167 2629 Nemo
1181 2560 1240 2628 nisi
1253 2585 1317 2630 cu-

258 2651 421 2750 currerit,
436 2661 568 2734 sustulit
581 2663 743 2732 bravium.
761 2662 905 2734 Gloriam
920 2663 1053 2754 pariunt
1067 2663 1205 2751 labores,
1227 2690 1317 2738 conr·

270 2790 429 2875 parantur
441 2795 572 2867 coronae
582 2769 825 2861 del'atigatione.
835 2770 913 2842 Per
922 2768 1055 2842 meilros
1065 2772 1318 2846 tribulationes

270 2895 412 2978 oportet
428 2903 494 2950 nos
507 2880 645 2972 intrare
659 2879 697 2946 in
713 2901 863 2974 regnum
873 2875 1046 2954 coelorum
1059 2882 1091 2970 *3
1104 2881 1178 2951 dico
1191 2897 1224 2952 et
1240 2907 1315 2975 ego,

270 2993 329 3064 sed
340 2992 398 3060 has
416 2985 645 3057 tribulationes
658 2995 712 3080 ea,
739 2985 864 3076 quaein
878 3009 980 3077 regno
996 2985 1157 3059 melorum
1173 2989 1315 3062 fruenda

271 3113 332 3183 est,
349 3093 522 3166 beatitudo
538 3092 807 3184 exeipit3peccati
817 3095 894 3162 verb
903 3093 1030 3164 labores
1042 3093 1137 3164 dolor
1153 3100 1314 3188 gehennae
1326 3145 1347 3161 a

271 3219 371 3298 atque
386 3201 515 3272 tristitia
531 3213 689 3294 expectat.
708 3201 780 3270 Imd
799 3200 896 3270 etiam
920 3203 946 3271 si
962 3204 1034 3296 quis
1049 3201 1225 3294 diligenter
1241 3207 1316 3276 ani-

269 3312 461 3396 madvertit,
490 3332 532 3380 ne
551 3309 620 3401 ipsa
645 3306 779 3402 quidem
801 3306 924 3377 diaboli
947 3333 1045 3402 opera
1065 3311 1107 3380 ah
1131 3312 1317 3406 iniquitatis

270 3420 425 3516 operariis
440 3418 509 3487 sine
530 3414 642 3486 labore
666 3429 850 3507 patrantur.
869 3416 931 3497 Qui
945 3429 1022 3484 sunt
1037 3418 1193 3488 castitatis
1209 3421 1316 3491 sudo-

270 3532 344 3600 res?
359 3532 404 3598 At
419 3523 541 3595 sudore
550 3521 662 3591 madet
676 3535 855 3607 scortator,
872 3523 1064 3594 absumente
1083 3523 1177 3594 illum
1191 3527 1315 3621 volup-

270 3634 462 3712 tatc.,Ndm
486 3628 688 3700 continentia
710 3627 841 3698 tantum
864 3630 967 3700 demit
981 3632 1129 3723 corpori,
1148 3627 1315 3726 quanthm

265 3813 269 3824 .
307 3792 320 3819 ¹·
334 3787 359 3832 s.
372 3781 453 3847 Chrys.
468 3778 492 3828 in
505 3778 580 3844 Epist.
595 3794 603 3826 1
616 3773 646 3825 ad
658 3777 713 3826 Cor.
726 3775 815 3827 Homil.
830 3793 897 3842 rann,
911 3793 936 3827 n.
961 3776 985 3842 4.
1001 3803 1030 3816 -
1047 3790 1057 3816 ²
1072 3781 1163 3831 Matth.
1179 3798 1203 3847 v,
1223 3781 1266 3848 43,
1285 3792 1312 3835 ot

270 3883 338 3935 seqq.
352 3891 384 3904 -
399 3865 410 3902 ³
425 3884 435 3916 ι
452 3869 507 3918 Cor.
524 3881 560 3926 rv,
579 3875 619 3926 12,
634 3860 673 3912 13.
691 3859 748 3908 -4
765 3864 822 3914 Act,
836 3878 888 3927 m,
901 3875 943 3913 21.
998 3904 1002 3914 ,
