<?xml version="1.0" encoding="UTF-8"?>
<!DOCTYPE html PUBLIC "-//W3C//DTD XHTML 1.0 Transitional//EN"
    "http://www.w3.org/TR/xhtml1/DTD/xhtml1-transitional.dtd">
<html xmlns="http://www.w3.org/1999/xhtml" xml:lang="en" lang="en">
 <head>
  <title>
</title>
<meta http-equiv="Content-Type" content="text/html;charset=utf-8" />
  <meta name='ocr-system' content='tesseract 3.04.00' />
  <meta name='ocr-capabilities' content='ocr_page ocr_carea ocr_par ocr_line ocrx_word'/>
</head>
<body>
  <div class='ocr_page' id='page_1' title='image "./rhetoricasancto00cailgoog_0247.png"; bbox 0 0 2930 4582; ppageno 0'>
   <div class='ocr_carea' id='block_1_1' title="bbox 299 453 1180 531">
    <p class='ocr_par' dir='ltr' id='par_1_1' title="bbox 299 453 1180 531">
     <span class='ocr_line' id='line_1_1' title="bbox 299 453 1180 531; baseline -0.01 -13"><span class='ocrx_word' id='word_1_1' title='bbox 299 453 363 518; x_wconf 77' lang='grc'>116</span> <span class='ocrx_word' id='word_1_2' title='bbox 447 467 675 516; x_wconf 79' lang='grc'><strong>3333331313.</strong></span> <span class='ocrx_word' id='word_1_3' title='bbox 702 467 1021 531; x_wconf 77' lang='grc'><strong>3133331,113311,</strong></span> <span class='ocrx_word' id='word_1_4' title='bbox 1047 468 1130 512; x_wconf 79' lang='lat' dir='ltr'>sacr.</span> <span class='ocrx_word' id='word_1_5' title='bbox 1157 469 1180 510; x_wconf 90' lang='lat'>1.</span> 
     </span>
    </p>
   </div>
   <div class='ocr_carea' id='block_1_2' title="bbox 194 567 1343 4086">
    <p class='ocr_par' dir='ltr' id='par_1_2' title="bbox 194 567 1343 4086">
     <span class='ocr_line' id='line_1_2' title="bbox 295 567 1337 665; baseline -0.004 -25"><span class='ocrx_word' id='word_1_6' title='bbox 295 571 406 665; x_wconf 84' lang='lat' dir='ltr'>patrui</span> <span class='ocrx_word' id='word_1_7' title='bbox 421 571 523 638; x_wconf 88' lang='lat' dir='ltr'>nostri</span> <span class='ocrx_word' id='word_1_8' title='bbox 536 569 761 654; x_wconf 80' lang='lat' dir='ltr'>similitudine,</span> <span class='ocrx_word' id='word_1_9' title='bbox 778 585 813 639; x_wconf 89' lang='lat' dir='ltr'>ut</span> <span class='ocrx_word' id='word_1_10' title='bbox 831 569 1038 660; x_wconf 67' lang='lat' dir='ltr'>intelligitur,</span> <span class='ocrx_word' id='word_1_11' title='bbox 1053 567 1184 636; x_wconf 69' lang='lat' dir='ltr'>doemon</span> <span class='ocrx_word' id='word_1_12' title='bbox 1197 567 1337 636; x_wconf 84' lang='lat' dir='ltr'>occurrit</span> 
     </span>
     <span class='ocr_line' id='line_1_3' title="bbox 296 676 1339 771; baseline -0.002 -25"><span class='ocrx_word' id='word_1_13' title='bbox 296 692 329 746; x_wconf 89' lang='lat' dir='ltr'>et</span> <span class='ocrx_word' id='word_1_14' title='bbox 346 677 388 746; x_wconf 91' lang='lat' dir='ltr'>ab</span> <span class='ocrx_word' id='word_1_15' title='bbox 405 679 443 744; x_wconf 77' lang='lat' dir='ltr'>ed</span> <span class='ocrx_word' id='word_1_16' title='bbox 454 677 556 768; x_wconf 91' lang='lat' dir='ltr'>prior,</span> <span class='ocrx_word' id='word_1_17' title='bbox 574 680 641 769; x_wconf 81' lang='lat' dir='ltr'>qud</span> <span class='ocrx_word' id='word_1_18' title='bbox 658 693 825 770; x_wconf 80' lang='lat' dir='ltr'><strong>pergeret,</strong></span> <span class='ocrx_word' id='word_1_19' title='bbox 845 679 1023 771; x_wconf 82' lang='lat' dir='ltr'>requisivit.</span> <span class='ocrx_word' id='word_1_20' title='bbox 1036 679 1097 748; x_wconf 92' lang='lat' dir='ltr'>Cui</span> <span class='ocrx_word' id='word_1_21' title='bbox 1112 677 1165 744; x_wconf 90' lang='lat' dir='ltr'>illa</span> <span class='ocrx_word' id='word_1_22' title='bbox 1184 676 1223 744; x_wconf 88' lang='lat' dir='ltr'>ad</span> <span class='ocrx_word' id='word_1_23' title='bbox 1241 677 1339 745; x_wconf 88' lang='lat' dir='ltr'>male·</span> 
     </span>
     <span class='ocr_line' id='line_1_4' title="bbox 297 782 1339 854; baseline -0.002 0"><span class='ocrx_word' id='word_1_24' title='bbox 297 782 474 854; x_wconf 87' lang='lat' dir='ltr'>dicendum</span> <span class='ocrx_word' id='word_1_25' title='bbox 499 784 568 852; x_wconf 89' lang='lat' dir='ltr'>filio</span> <span class='ocrx_word' id='word_1_26' title='bbox 591 809 651 853; x_wconf 89' lang='lat' dir='ltr'>suo</span> <span class='ocrx_word' id='word_1_27' title='bbox 671 785 715 852; x_wconf 93' lang='lat' dir='ltr'>ob</span> <span class='ocrx_word' id='word_1_28' title='bbox 736 785 975 854; x_wconf 76' lang='lat' dir='ltr'>intolerabilem</span> <span class='ocrx_word' id='word_1_29' title='bbox 994 785 1226 854; x_wconf 83' lang='lat' dir='ltr'>contumeliam</span> <span class='ocrx_word' id='word_1_30' title='bbox 1248 785 1339 853; x_wconf 90' lang='lat' dir='ltr'>seire</span> 
     </span>
     <span class='ocr_line' id='line_1_5' title="bbox 296 890 1337 984; baseline -0.003 -23"><span class='ocrx_word' id='word_1_31' title='bbox 296 891 476 982; x_wconf 86' lang='lat' dir='ltr'>respondit.</span> <span class='ocrx_word' id='word_1_32' title='bbox 497 895 589 960; x_wconf 87' lang='lat' dir='ltr'>Tunc</span> <span class='ocrx_word' id='word_1_33' title='bbox 610 905 717 959; x_wconf 84' lang='lat' dir='ltr'>autem</span> <span class='ocrx_word' id='word_1_34' title='bbox 736 891 790 960; x_wconf 92' lang='lat' dir='ltr'>ille</span> <span class='ocrx_word' id='word_1_35' title='bbox 809 893 978 975; x_wconf 88' lang='lat' dir='ltr'>inimicus,</span> <span class='ocrx_word' id='word_1_36' title='bbox 997 893 1153 984; x_wconf 82' lang='lat' dir='ltr'>quonium</span> <span class='ocrx_word' id='word_1_37' title='bbox 1169 891 1203 958; x_wconf 90' lang='lat' dir='ltr'>iu</span> <span class='ocrx_word' id='word_1_38' title='bbox 1222 890 1337 958; x_wconf 88' lang='lat' dir='ltr'>mulie-</span> 
     </span>
     <span class='ocr_line' id='line_1_6' title="bbox 284 985 1338 1090; baseline -0.002 -22"><span class='ocrx_word' id='word_1_39' title='bbox 284 1001 345 1069; x_wconf 84' lang='lat' dir='ltr'>·ris</span> <span class='ocrx_word' id='word_1_40' title='bbox 361 998 459 1066; x_wconf 90' lang='lat' dir='ltr'>corde</span> <span class='ocrx_word' id='word_1_41' title='bbox 472 999 654 1066; x_wconf 81' lang='lat' dir='ltr'>insaniente</span> <span class='ocrx_word' id='word_1_42' title='bbox 670 997 779 1066; x_wconf 87' lang='grc'><strong>1333111</strong></span> <span class='ocrx_word' id='word_1_43' title='bbox 800 997 894 1066; x_wconf 72' lang='grc'><strong>1331111</strong></span> <span class='ocrx_word' id='word_1_44' title='bbox 910 1000 1056 1067; x_wconf 84' lang='lat' dir='ltr'>invenire</span> <span class='ocrx_word' id='word_1_45' title='bbox 1072 985 1197 1090; x_wconf 86' lang='lat' dir='ltr'>potuit,</span> <span class='ocrx_word' id='word_1_46' title='bbox 1216 1011 1252 1064; x_wconf 90' lang='lat' dir='ltr'>ut</span> <span class='ocrx_word' id='word_1_47' title='bbox 1270 1021 1338 1066; x_wconf 91' lang='lat' dir='ltr'>om·</span> 
     </span>
     <span class='ocr_line' id='line_1_7' title="bbox 298 1103 1338 1196; baseline -0.004 -20"><span class='ocrx_word' id='word_1_48' title='bbox 298 1107 397 1176; x_wconf 84' lang='lat' dir='ltr'>nibus</span> <span class='ocrx_word' id='word_1_49' title='bbox 420 1103 629 1173; x_wconf 86' lang='lat' dir='ltr'>malediceret</span> <span class='ocrx_word' id='word_1_50' title='bbox 644 1105 814 1195; x_wconf 83' lang='lat' dir='ltr'>persuasit.</span> <span class='ocrx_word' id='word_1_51' title='bbox 838 1104 898 1192; x_wconf 90' lang='grc'><strong>1113</strong></span> <span class='ocrx_word' id='word_1_52' title='bbox 925 1119 1032 1172; x_wconf 86' lang='lat' dir='ltr'>autem</span> <span class='ocrx_word' id='word_1_53' title='bbox 1049 1105 1187 1196; x_wconf 84' lang='lat' dir='ltr'>vipereis</span> <span class='ocrx_word' id='word_1_54' title='bbox 1211 1105 1338 1172; x_wconf 89' lang='grc'><strong>111113111-</strong></span> 
     </span>
     <span class='ocr_line' id='line_1_8' title="bbox 299 1211 1339 1302; baseline -0.002 -21"><span class='ocrx_word' id='word_1_55' title='bbox 299 1227 387 1281; x_wconf 86' lang='lat' dir='ltr'>mata</span> <span class='ocrx_word' id='word_1_56' title='bbox 413 1211 568 1292; x_wconf 89' lang='lat' dir='ltr'>consiliis,</span> <span class='ocrx_word' id='word_1_57' title='bbox 598 1235 725 1279; x_wconf 88' lang='grc'><strong>33313111</strong></span> <span class='ocrx_word' id='word_1_58' title='bbox 754 1215 877 1278; x_wconf 82' lang='lat' dir='ltr'>fontem</span> <span class='ocrx_word' id='word_1_59' title='bbox 905 1212 1078 1302; x_wconf 90' lang='lat' dir='ltr'>provoluta</span> <span class='ocrx_word' id='word_1_60' title='bbox 1108 1211 1282 1302; x_wconf 85' lang='lat' dir='ltr'>corripuit,</span> <span class='ocrx_word' id='word_1_61' title='bbox 1309 1226 1339 1279; x_wconf 90' lang='lat' dir='ltr'>et</span> 
     </span>
     <span class='ocr_line' id='line_1_9' title="bbox 300 1317 1338 1412; baseline -0.005 -24"><span class='ocrx_word' id='word_1_62' title='bbox 300 1319 416 1412; x_wconf 85' lang='lat' dir='ltr'>sparsis</span> <span class='ocrx_word' id='word_1_63' title='bbox 439 1319 584 1386; x_wconf 86' lang='lat' dir='ltr'>crinibus</span> <span class='ocrx_word' id='word_1_64' title='bbox 607 1318 805 1410; x_wconf 89' lang='lat' dir='ltr'>nudatisque</span> <span class='ocrx_word' id='word_1_65' title='bbox 816 1319 1101 1402; x_wconf 69' lang='lat' dir='ltr'>uberibus,hocb</span> <span class='ocrx_word' id='word_1_66' title='bbox 1124 1321 1190 1384; x_wconf 87' lang='lat' dir='ltr'>Deo</span> <span class='ocrx_word' id='word_1_67' title='bbox 1212 1317 1338 1407; x_wconf 90' lang='lat' dir='ltr'>potissi-</span> 
     </span>
     <span class='ocr_line' id='line_1_10' title="bbox 298 1423 1341 1517; baseline -0.002 -23"><span class='ocrx_word' id='word_1_68' title='bbox 298 1427 389 1494; x_wconf 82' lang='lat' dir='ltr'>mirm</span> <span class='ocrx_word' id='word_1_69' title='bbox 407 1423 603 1517; x_wconf 86' lang='lat' dir='ltr'>postulavit,</span> <span class='ocrx_word' id='word_1_70' title='bbox 621 1440 659 1492; x_wconf 89' lang='lat' dir='ltr'>ut</span> <span class='ocrx_word' id='word_1_71' title='bbox 673 1440 816 1494; x_wconf 82' lang='lat' dir='ltr'>extorres</span> <span class='ocrx_word' id='word_1_72' title='bbox 832 1427 935 1517; x_wconf 75' lang='lat' dir='ltr'>patriai</span> <span class='ocrx_word' id='word_1_73' title='bbox 956 1437 989 1493; x_wconf 87' lang='lat' dir='ltr'>et</span> <span class='ocrx_word' id='word_1_74' title='bbox 1010 1427 1250 1494; x_wconf 87' lang='lat' dir='ltr'>circumeuntes</span> <span class='ocrx_word' id='word_1_75' title='bbox 1267 1424 1341 1492; x_wconf 84' lang='lat' dir='ltr'>alie-</span> 
     </span>
     <span class='ocr_line' id='line_1_11' title="bbox 221 1517 1341 1621; baseline -0.004 -19"><span class='ocrx_word' id='word_1_76' title='bbox 221 1579 225 1585; x_wconf 87' lang='lat'><em>·</em></span> <span class='ocrx_word' id='word_1_77' title='bbox 300 1557 358 1602; x_wconf 84' lang='lat' dir='ltr'>nas</span> <span class='ocrx_word' id='word_1_78' title='bbox 374 1548 474 1600; x_wconf 87' lang='grc'><strong>131133</strong></span> <span class='ocrx_word' id='word_1_79' title='bbox 491 1555 588 1600; x_wconf 87' lang='grc'><strong>313113</strong></span> <span class='ocrx_word' id='word_1_80' title='bbox 601 1531 772 1600; x_wconf 90' lang='lat' dir='ltr'>bominum</span> <span class='ocrx_word' id='word_1_81' title='bbox 790 1555 890 1621; x_wconf 88' lang='lat' dir='ltr'>genus</span> <span class='ocrx_word' id='word_1_82' title='bbox 906 1547 1017 1600; x_wconf 92' lang='lat' dir='ltr'>nostro</span> <span class='ocrx_word' id='word_1_83' title='bbox 1031 1517 1225 1599; x_wconf 86' lang='lat' dir='ltr'>terreremus</span> <span class='ocrx_word' id='word_1_84' title='bbox 1241 1555 1341 1598; x_wconf 80' lang='lat' dir='ltr'>exem-</span> 
     </span>
     <span class='ocr_line' id='line_1_12' title="bbox 299 1638 1338 1732; baseline -0.003 -25"><span class='ocrx_word' id='word_1_85' title='bbox 299 1639 367 1732; x_wconf 85' lang='lat' dir='ltr'>plo.</span> <span class='ocrx_word' id='word_1_86' title='bbox 394 1644 470 1707; x_wconf 84' lang='lat' dir='ltr'>Mox</span> <span class='ocrx_word' id='word_1_87' title='bbox 490 1654 652 1708; x_wconf 89' lang='lat' dir='ltr'>maternas</span> <span class='ocrx_word' id='word_1_88' title='bbox 671 1663 782 1730; x_wconf 87' lang='lat' dir='ltr'>preces</span> <span class='ocrx_word' id='word_1_89' title='bbox 806 1640 920 1708; x_wconf 82' lang='lat' dir='ltr'>efficax</span> <span class='ocrx_word' id='word_1_90' title='bbox 943 1639 1086 1708; x_wconf 85' lang='lat' dir='ltr'>vindicta</span> <span class='ocrx_word' id='word_1_91' title='bbox 1107 1638 1338 1730; x_wconf 85' lang='lat' dir='ltr'>prosequitur,</span> 
     </span>
     <span class='ocr_line' id='line_1_13' title="bbox 231 1743 1341 1838; baseline -0.002 -24"><span class='ocrx_word' id='word_1_92' title='bbox 231 1767 234 1774; x_wconf 58' lang='lat'><strong>⁴</strong></span> <span class='ocrx_word' id='word_1_93' title='bbox 299 1744 520 1838; x_wconf 88' lang='lat' dir='ltr'>eumdemque</span> <span class='ocrx_word' id='word_1_94' title='bbox 546 1748 705 1814; x_wconf 74' lang='lat' dir='ltr'>continuit</span> <span class='ocrx_word' id='word_1_95' title='bbox 726 1743 858 1814; x_wconf 88' lang='lat' dir='ltr'>fratrem</span> <span class='ocrx_word' id='word_1_96' title='bbox 885 1760 1033 1813; x_wconf 90' lang='lat' dir='ltr'>nostrum</span> <span class='ocrx_word' id='word_1_97' title='bbox 1059 1759 1155 1812; x_wconf 85' lang='grc'><strong>331313</strong></span> <span class='ocrx_word' id='word_1_98' title='bbox 1181 1743 1341 1836; x_wconf 69' lang='lat' dir='ltr'>culpatque</span> 
     </span>
     <span class='ocr_line' id='line_1_14' title="bbox 244 1852 1342 1944; baseline -0.003 -22"><span class='ocrx_word' id='word_1_99' title='bbox 244 1854 251 1860; x_wconf 65' lang='grc'><em>”</em></span> <span class='ocrx_word' id='word_1_100' title='bbox 303 1855 458 1944; x_wconf 80' lang='lat' dir='ltr'>mojorem</span> <span class='ocrx_word' id='word_1_101' title='bbox 475 1867 597 1922; x_wconf 91' lang='lat' dir='ltr'>tremor</span> <span class='ocrx_word' id='word_1_102' title='bbox 613 1854 835 1921; x_wconf 88' lang='lat' dir='ltr'>membrorum</span> <span class='ocrx_word' id='word_1_103' title='bbox 853 1867 963 1920; x_wconf 89' lang='grc'><strong>1311133</strong></span> <span class='ocrx_word' id='word_1_104' title='bbox 978 1852 1112 1936; x_wconf 89' lang='lat' dir='ltr'>invasit,</span> <span class='ocrx_word' id='word_1_105' title='bbox 1136 1853 1342 1942; x_wconf 89' lang='lat' dir='ltr'>quantumin</span> 
     </span>
     <span class='ocr_line' id='line_1_15' title="bbox 303 1959 1341 2032; baseline -0.002 -3"><span class='ocrx_word' id='word_1_106' title='bbox 303 1983 357 2029; x_wconf 93' lang='lat' dir='ltr'>me</span> <span class='ocrx_word' id='word_1_107' title='bbox 376 1961 452 2028; x_wconf 78' lang='lat' dir='ltr'>ante</span> <span class='ocrx_word' id='word_1_108' title='bbox 476 1961 540 2029; x_wconf 87' lang='lat' dir='ltr'>hoc</span> <span class='ocrx_word' id='word_1_109' title='bbox 555 1961 703 2032; x_wconf 90' lang='lat' dir='ltr'>triduum</span> <span class='ocrx_word' id='word_1_110' title='bbox 719 1975 824 2029; x_wconf 86' lang='lat' dir='ltr'>vestra</span> <span class='ocrx_word' id='word_1_111' title='bbox 841 1961 993 2028; x_wconf 86' lang='lat' dir='ltr'>sanctitas</span> <span class='ocrx_word' id='word_1_112' title='bbox 1012 1959 1105 2028; x_wconf 87' lang='lat' dir='ltr'>vidit.</span> <span class='ocrx_word' id='word_1_113' title='bbox 1128 1963 1262 2027; x_wconf 88' lang='lat' dir='ltr'>Servato</span> <span class='ocrx_word' id='word_1_114' title='bbox 1283 1983 1341 2027; x_wconf 86' lang='lat' dir='ltr'>au-</span> 
     </span>
     <span class='ocr_line' id='line_1_16' title="bbox 303 2065 1340 2160; baseline -0.005 -23"><span class='ocrx_word' id='word_1_115' title='bbox 303 2081 370 2137; x_wconf 87' lang='lat' dir='ltr'>tem</span> <span class='ocrx_word' id='word_1_116' title='bbox 387 2067 520 2152; x_wconf 86' lang='lat' dir='ltr'>ordine,</span> <span class='ocrx_word' id='word_1_117' title='bbox 538 2093 606 2160; x_wconf 88' lang='lat' dir='ltr'>qno</span> <span class='ocrx_word' id='word_1_118' title='bbox 628 2069 696 2136; x_wconf 90' lang='grc'><strong>11311</strong></span> <span class='ocrx_word' id='word_1_119' title='bbox 713 2091 841 2135; x_wconf 89' lang='grc'><strong>31311133</strong></span> <span class='ocrx_word' id='word_1_120' title='bbox 861 2067 946 2135; x_wconf 80' lang='lat' dir='ltr'>intrir</span> <span class='ocrx_word' id='word_1_121' title='bbox 962 2089 1065 2135; x_wconf 91' lang='lat' dir='ltr'>unum</span> <span class='ocrx_word' id='word_1_122' title='bbox 1083 2087 1206 2132; x_wconf 90' lang='lat' dir='ltr'>annum</span> <span class='ocrx_word' id='word_1_123' title='bbox 1230 2065 1340 2132; x_wconf 88' lang='lat' dir='ltr'>eadem</span> 
     </span>
     <span class='ocr_line' id='line_1_17' title="bbox 300 2171 1341 2265; baseline -0.002 -23"><span class='ocrx_word' id='word_1_124' title='bbox 300 2192 361 2242; x_wconf 90' lang='lat' dir='ltr'>nos</span> <span class='ocrx_word' id='word_1_125' title='bbox 374 2197 476 2264; x_wconf 87' lang='lat' dir='ltr'>poena</span> <span class='ocrx_word' id='word_1_126' title='bbox 491 2199 604 2243; x_wconf 91' lang='lat' dir='ltr'>omnes</span> <span class='ocrx_word' id='word_1_127' title='bbox 617 2175 785 2265; x_wconf 86' lang='lat' dir='ltr'>corripuit.</span> <span class='ocrx_word' id='word_1_128' title='bbox 804 2175 926 2242; x_wconf 87' lang='lat' dir='ltr'>Vidons</span> <span class='ocrx_word' id='word_1_129' title='bbox 942 2187 1053 2241; x_wconf 91' lang='lat' dir='ltr'>autem</span> <span class='ocrx_word' id='word_1_130' title='bbox 1070 2187 1173 2240; x_wconf 88' lang='lat' dir='ltr'>mater</span> <span class='ocrx_word' id='word_1_131' title='bbox 1187 2171 1341 2240; x_wconf 89' lang='lat' dir='ltr'>maledie-</span> 
     </span>
     <span class='ocr_line' id='line_1_18' title="bbox 301 2279 1342 2372; baseline -0.001 -23"><span class='ocrx_word' id='word_1_132' title='bbox 301 2279 460 2349; x_wconf 88' lang='lat' dir='ltr'>dietiones</span> <span class='ocrx_word' id='word_1_133' title='bbox 477 2305 549 2349; x_wconf 88' lang='lat' dir='ltr'>suas</span> <span class='ocrx_word' id='word_1_134' title='bbox 565 2281 606 2356; x_wconf 88' lang='lat' dir='ltr'>ad</span> <span class='ocrx_word' id='word_1_135' title='bbox 623 2295 751 2350; x_wconf 88' lang='lat' dir='ltr'>tantam</span> <span class='ocrx_word' id='word_1_136' title='bbox 764 2282 939 2350; x_wconf 86' lang='lat' dir='ltr'>ellicaciam</span> <span class='ocrx_word' id='word_1_137' title='bbox 959 2280 1154 2372; x_wconf 86' lang='lat' dir='ltr'>pervenisse,</span> <span class='ocrx_word' id='word_1_138' title='bbox 1170 2279 1342 2370; x_wconf 89' lang='lat' dir='ltr'>impietatis</span> 
     </span>
     <span class='ocr_line' id='line_1_19' title="bbox 301 2382 1342 2480; baseline -0.003 -23"><span class='ocrx_word' id='word_1_139' title='bbox 301 2411 370 2457; x_wconf 88' lang='lat' dir='ltr'>suae</span> <span class='ocrx_word' id='word_1_140' title='bbox 392 2387 624 2456; x_wconf 85' lang='lat' dir='ltr'>conscientiam</span> <span class='ocrx_word' id='word_1_141' title='bbox 638 2401 671 2456; x_wconf 92' lang='lat' dir='ltr'>et</span> <span class='ocrx_word' id='word_1_142' title='bbox 694 2382 907 2480; x_wconf 86' lang='lat' dir='ltr'>opprobrium</span> <span class='ocrx_word' id='word_1_143' title='bbox 925 2389 1096 2456; x_wconf 89' lang='lat' dir='ltr'>hominum</span> <span class='ocrx_word' id='word_1_144' title='bbox 1122 2385 1245 2454; x_wconf 78' lang='lat' dir='ltr'>diutius</span> <span class='ocrx_word' id='word_1_145' title='bbox 1264 2385 1342 2480; x_wconf 87' lang='grc'><strong>13113</strong></span> 
     </span>
     <span class='ocr_line' id='line_1_20' title="bbox 302 2492 1342 2586; baseline 0 -24"><span class='ocrx_word' id='word_1_146' title='bbox 302 2517 369 2562; x_wconf 88' lang='lat' dir='ltr'>non</span> <span class='ocrx_word' id='word_1_147' title='bbox 384 2494 507 2583; x_wconf 90' lang='lat' dir='ltr'>potuit,</span> <span class='ocrx_word' id='word_1_148' title='bbox 527 2493 582 2562; x_wconf 91' lang='lat' dir='ltr'>sed</span> <span class='ocrx_word' id='word_1_149' title='bbox 594 2492 714 2586; x_wconf 87' lang='lat' dir='ltr'>laqueo</span> <span class='ocrx_word' id='word_1_150' title='bbox 730 2509 845 2584; x_wconf 86' lang='lat' dir='ltr'>guttur</span> <span class='ocrx_word' id='word_1_151' title='bbox 855 2495 1035 2585; x_wconf 87' lang='lat' dir='ltr'>astringens</span> <span class='ocrx_word' id='word_1_152' title='bbox 1047 2493 1228 2562; x_wconf 84' lang='lat' dir='ltr'>luctuosam</span> <span class='ocrx_word' id='word_1_153' title='bbox 1246 2495 1342 2562; x_wconf 88' lang='lat' dir='ltr'>vitam</span> 
     </span>
     <span class='ocr_line' id='line_1_21' title="bbox 225 2591 1343 2698; baseline 0 -30"><span class='ocrx_word' id='word_1_154' title='bbox 225 2681 231 2698; x_wconf 80' lang='lat'>.·</span> <span class='ocrx_word' id='word_1_155' title='bbox 301 2599 443 2668; x_wconf 84' lang='lat' dir='ltr'>termino</span> <span class='ocrx_word' id='word_1_156' title='bbox 460 2597 637 2668; x_wconf 79' lang='lat' dir='ltr'>funestiore</span> <span class='ocrx_word' id='word_1_157' title='bbox 649 2591 821 2669; x_wconf 85' lang='lat' dir='ltr'>conclusit.</span> <span class='ocrx_word' id='word_1_158' title='bbox 840 2602 965 2691; x_wconf 86' lang='lat' dir='ltr'>Egressi</span> <span class='ocrx_word' id='word_1_159' title='bbox 982 2604 1059 2693; x_wconf 85' lang='lat' dir='ltr'>ergd</span> <span class='ocrx_word' id='word_1_160' title='bbox 1075 2626 1268 2686; x_wconf 90' lang='lat' dir='ltr'>nosomnes,</span> <span class='ocrx_word' id='word_1_161' title='bbox 1287 2625 1343 2694; x_wconf 93' lang='lat' dir='ltr'>op·</span> 
     </span>
     <span class='ocr_line' id='line_1_22' title="bbox 300 2705 1342 2798; baseline 0.003 -26"><span class='ocrx_word' id='word_1_162' title='bbox 300 2705 471 2798; x_wconf 87' lang='lat' dir='ltr'>probrium</span> <span class='ocrx_word' id='word_1_163' title='bbox 489 2720 638 2774; x_wconf 91' lang='lat' dir='ltr'>nostrum</span> <span class='ocrx_word' id='word_1_164' title='bbox 660 2729 726 2774; x_wconf 92' lang='lat' dir='ltr'>non</span> <span class='ocrx_word' id='word_1_165' title='bbox 745 2705 905 2792; x_wconf 84' lang='lat' dir='ltr'>ferentes,</span> <span class='ocrx_word' id='word_1_166' title='bbox 924 2721 958 2776; x_wconf 94' lang='lat' dir='ltr'>et</span> <span class='ocrx_word' id='word_1_167' title='bbox 972 2732 1181 2776; x_wconf 87' lang='lat' dir='ltr'>communem</span> <span class='ocrx_word' id='word_1_168' title='bbox 1205 2709 1342 2798; x_wconf 89' lang='lat' dir='ltr'>patriam</span> 
     </span>
     <span class='ocr_line' id='line_1_23' title="bbox 299 2812 1341 2907; baseline -0.001 -26"><span class='ocrx_word' id='word_1_169' title='bbox 299 2812 522 2906; x_wconf 85' lang='lat' dir='ltr'>relinquentes</span> <span class='ocrx_word' id='word_1_170' title='bbox 540 2814 656 2904; x_wconf 90' lang='lat' dir='ltr'>passim</span> <span class='ocrx_word' id='word_1_171' title='bbox 674 2837 786 2881; x_wconf 91' lang='lat' dir='ltr'>sumus</span> <span class='ocrx_word' id='word_1_172' title='bbox 799 2837 856 2904; x_wconf 90' lang='lat' dir='ltr'>per</span> <span class='ocrx_word' id='word_1_173' title='bbox 871 2813 998 2884; x_wconf 85' lang='lat' dir='ltr'>diversa</span> <span class='ocrx_word' id='word_1_174' title='bbox 1019 2815 1166 2907; x_wconf 86' lang='lat' dir='ltr'>dispersi.</span> <span class='ocrx_word' id='word_1_175' title='bbox 1186 2821 1234 2884; x_wconf 83' lang='lat' dir='ltr'>Ex</span> <span class='ocrx_word' id='word_1_176' title='bbox 1251 2815 1341 2882; x_wconf 90' lang='lat' dir='ltr'>nobis</span> 
     </span>
     <span class='ocr_line' id='line_1_24' title="bbox 299 2919 1341 3016; baseline -0.003 -27"><span class='ocrx_word' id='word_1_177' title='bbox 299 2937 410 2990; x_wconf 86' lang='grc'><strong>3313111</strong></span> <span class='ocrx_word' id='word_1_178' title='bbox 425 2919 539 3004; x_wconf 89' lang='lat' dir='ltr'>decern</span> <span class='ocrx_word' id='word_1_179' title='bbox 552 2919 805 3012; x_wconf 74' lang='lat' dir='ltr'>fratribus,&#39;qui</span> <span class='ocrx_word' id='word_1_180' title='bbox 824 2923 979 2990; x_wconf 85' lang='lat' dir='ltr'>nascendi</span> <span class='ocrx_word' id='word_1_181' title='bbox 996 2925 1129 3016; x_wconf 79' lang='lat' dir='ltr'>qnoque</span> <span class='ocrx_word' id='word_1_182' title='bbox 1147 2924 1262 2991; x_wconf 89' lang='lat' dir='ltr'>ordine</span> <span class='ocrx_word' id='word_1_183' title='bbox 1278 2921 1341 3012; x_wconf 90' lang='lat' dir='ltr'>pri-</span> 
     </span>
     <span class='ocr_line' id='line_1_25' title="bbox 297 3026 1341 3122; baseline -0.003 -24"><span class='ocrx_word' id='word_1_184' title='bbox 297 3051 390 3098; x_wconf 88' lang='lat' dir='ltr'>mum</span> <span class='ocrx_word' id='word_1_185' title='bbox 407 3027 565 3118; x_wconf 87' lang='lat' dir='ltr'>sequitur,</span> <span class='ocrx_word' id='word_1_186' title='bbox 585 3027 627 3094; x_wconf 95' lang='lat' dir='ltr'>ad</span> <span class='ocrx_word' id='word_1_187' title='bbox 642 3026 771 3115; x_wconf 85' lang='lat' dir='ltr'>gloriosi</span> <span class='ocrx_word' id='word_1_188' title='bbox 782 3031 932 3118; x_wconf 88' lang='lat' dir='ltr'>Martyris</span> <span class='ocrx_word' id='word_1_189' title='bbox 943 3031 1147 3114; x_wconf 87' lang='lat' dir='ltr'>Memoriam,</span> <span class='ocrx_word' id='word_1_190' title='bbox 1163 3053 1239 3122; x_wconf 87' lang='lat' dir='ltr'>quae</span> <span class='ocrx_word' id='word_1_191' title='bbox 1256 3026 1341 3120; x_wconf 87' lang='lat' dir='ltr'>apud</span> 
     </span>
     <span class='ocr_line' id='line_1_26' title="bbox 296 3133 1339 3223; baseline -0.002 -20"><span class='ocrx_word' id='word_1_192' title='bbox 296 3139 487 3204; x_wconf 84' lang='lat' dir='ltr'>Ravennam</span> <span class='ocrx_word' id='word_1_193' title='bbox 508 3155 614 3223; x_wconf 89' lang='lat' dir='ltr'>nuper</span> <span class='ocrx_word' id='word_1_194' title='bbox 630 3133 787 3203; x_wconf 85' lang='lat' dir='ltr'>collocata</span> <span class='ocrx_word' id='word_1_195' title='bbox 804 3141 867 3219; x_wconf 86' lang='lat' dir='ltr'>est,</span> <span class='ocrx_word' id='word_1_196' title='bbox 889 3137 971 3204; x_wconf 88' lang='lat' dir='ltr'>sicut</span> <span class='ocrx_word' id='word_1_197' title='bbox 990 3137 1197 3222; x_wconf 90' lang='lat' dir='ltr'>audivimus,</span> <span class='ocrx_word' id='word_1_198' title='bbox 1221 3135 1339 3204; x_wconf 89' lang='lat' dir='ltr'>meruit</span> 
     </span>
     <span class='ocr_line' id='line_1_27' title="bbox 255 3240 1340 3334; baseline -0.001 -25"><span class='ocrx_word' id='word_1_199' title='bbox 255 3277 259 3284; x_wconf 30' lang='lat' dir='ltr'>r</span> <span class='ocrx_word' id='word_1_200' title='bbox 297 3240 480 3310; x_wconf 84' lang='lat' dir='ltr'>sanitatem.</span> <span class='ocrx_word' id='word_1_201' title='bbox 510 3243 579 3334; x_wconf 87' lang='lat' dir='ltr'>Ego</span> <span class='ocrx_word' id='word_1_202' title='bbox 603 3253 713 3308; x_wconf 87' lang='lat' dir='ltr'>autern</span> <span class='ocrx_word' id='word_1_203' title='bbox 738 3241 795 3333; x_wconf 93' lang='lat' dir='ltr'>qui</span> <span class='ocrx_word' id='word_1_204' title='bbox 819 3241 973 3310; x_wconf 88' lang='lat' dir='ltr'>nascendi</span> <span class='ocrx_word' id='word_1_205' title='bbox 997 3244 1112 3310; x_wconf 90' lang='lat' dir='ltr'>ordine</span> <span class='ocrx_word' id='word_1_206' title='bbox 1137 3265 1210 3311; x_wconf 90' lang='lat' dir='ltr'>sum</span> <span class='ocrx_word' id='word_1_207' title='bbox 1235 3257 1340 3310; x_wconf 81' lang='lat' dir='ltr'>sextus</span> 
     </span>
     <span class='ocr_line' id='line_1_28' title="bbox 295 3346 1337 3440; baseline -0.002 -24"><span class='ocrx_word' id='word_1_208' title='bbox 295 3346 440 3430; x_wconf 90' lang='lat' dir='ltr'>illorum,</span> <span class='ocrx_word' id='word_1_209' title='bbox 458 3369 534 3414; x_wconf 88' lang='lat' dir='ltr'>cum</span> <span class='ocrx_word' id='word_1_210' title='bbox 550 3347 736 3414; x_wconf 77' lang='grc'><strong>1313331313</strong></span> <span class='ocrx_word' id='word_1_211' title='bbox 754 3349 837 3431; x_wconf 69' lang='lat' dir='ltr'>med,</span> <span class='ocrx_word' id='word_1_212' title='bbox 853 3373 927 3440; x_wconf 85' lang='lat' dir='ltr'>quee</span> <span class='ocrx_word' id='word_1_213' title='bbox 940 3371 992 3415; x_wconf 91' lang='lat' dir='ltr'>me</span> <span class='ocrx_word' id='word_1_214' title='bbox 1008 3362 1105 3415; x_wconf 87' lang='lat' dir='ltr'>aetate</span> <span class='ocrx_word' id='word_1_215' title='bbox 1115 3349 1337 3440; x_wconf 90' lang='lat' dir='ltr'>subsequitur,</span> 
     </span>
     <span class='ocr_line' id='line_1_29' title="bbox 291 3453 1337 3548; baseline 0 -24"><span class='ocrx_word' id='word_1_216' title='bbox 291 3454 496 3548; x_wconf 75' lang='lat' dir='ltr'>ubicumque</span> <span class='ocrx_word' id='word_1_217' title='bbox 511 3453 670 3547; x_wconf 84' lang='lat' dir='ltr'>gentium,</span> <span class='ocrx_word' id='word_1_218' title='bbox 686 3455 889 3547; x_wconf 79' lang='lat' dir='ltr'>ubicumque</span> <span class='ocrx_word' id='word_1_219' title='bbox 902 3467 1062 3523; x_wconf 84' lang='lat' dir='ltr'>terrarum</span> <span class='ocrx_word' id='word_1_220' title='bbox 1074 3454 1144 3523; x_wconf 88' lang='lat' dir='ltr'>loca</span> <span class='ocrx_word' id='word_1_221' title='bbox 1158 3480 1226 3524; x_wconf 90' lang='lat' dir='ltr'>esse</span> <span class='ocrx_word' id='word_1_222' title='bbox 1237 3477 1337 3539; x_wconf 88' lang='grc'><strong>33313,</strong></span> 
     </span>
     <span class='ocr_line' id='line_1_30' title="bbox 290 3561 1338 3655; baseline -0.001 -24"><span class='ocrx_word' id='word_1_223' title='bbox 290 3562 460 3655; x_wconf 86' lang='lat' dir='ltr'>inquibus</span> <span class='ocrx_word' id='word_1_224' title='bbox 476 3575 666 3651; x_wconf 83' lang='lat' dir='ltr'>operaretur</span> <span class='ocrx_word' id='word_1_225' title='bbox 676 3565 761 3628; x_wconf 87' lang='lat' dir='ltr'>Deus</span> <span class='ocrx_word' id='word_1_226' title='bbox 777 3561 945 3647; x_wconf 84' lang='lat' dir='ltr'>miracula,</span> <span class='ocrx_word' id='word_1_227' title='bbox 961 3565 1204 3653; x_wconf 87' lang='lat' dir='ltr'>comperissem,</span> <span class='ocrx_word' id='word_1_228' title='bbox 1219 3584 1338 3654; x_wconf 88' lang='lat' dir='ltr'>magno</span> 
     </span>
     <span class='ocr_line' id='line_1_31' title="bbox 194 3667 1338 3762; baseline -0.002 -25"><span class='ocrx_word' id='word_1_229' title='bbox 194 3691 201 3699; x_wconf 85' lang='grc'>’</span> <span class='ocrx_word' id='word_1_230' title='bbox 289 3668 482 3737; x_wconf 73' lang='lat' dir='ltr'>desideratae</span> <span class='ocrx_word' id='word_1_231' title='bbox 498 3667 642 3734; x_wconf 87' lang='lat' dir='ltr'>sanitatis</span> <span class='ocrx_word' id='word_1_232' title='bbox 659 3689 768 3734; x_wconf 89' lang='lat' dir='ltr'>amore</span> <span class='ocrx_word' id='word_1_233' title='bbox 783 3669 957 3758; x_wconf 83' lang='lat' dir='ltr'>carpebam</span> <span class='ocrx_word' id='word_1_234' title='bbox 970 3668 1072 3737; x_wconf 88' lang='lat' dir='ltr'>iter...</span> <span class='ocrx_word' id='word_1_235' title='bbox 1092 3669 1263 3762; x_wconf 68' lang='lat' dir='ltr'>Admoniti</span> <span class='ocrx_word' id='word_1_236' title='bbox 1281 3692 1338 3736; x_wconf 89' lang='grc'>33-</span> 
     </span>
     <span class='ocr_line' id='line_1_32' title="bbox 290 3773 1338 3859; baseline -0.002 -15"><span class='ocrx_word' id='word_1_237' title='bbox 290 3774 867 3859; x_wconf 77' lang='grc'><strong>1313311113311333131113131111131,</strong></span> <span class='ocrx_word' id='word_1_238' title='bbox 888 3773 929 3842; x_wconf 93' lang='lat' dir='ltr'>ad</span> <span class='ocrx_word' id='word_1_239' title='bbox 944 3775 1031 3843; x_wconf 87' lang='grc'><strong>11333</strong></span> <span class='ocrx_word' id='word_1_240' title='bbox 1053 3778 1202 3846; x_wconf 84' lang='lat' dir='ltr'>venimus</span> <span class='ocrx_word' id='word_1_241' title='bbox 1224 3776 1338 3844; x_wconf 86' lang='lat' dir='ltr'>civita-</span> 
     </span>
     <span class='ocr_line' id='line_1_33' title="bbox 288 3879 1334 3974; baseline 0 -24"><span class='ocrx_word' id='word_1_242' title='bbox 288 3896 354 3956; x_wconf 81' lang='lat' dir='ltr'>tem</span> <span class='ocrx_word' id='word_1_243' title='bbox 372 3881 447 3950; x_wconf 82' lang='lat' dir='ltr'>ante</span> <span class='ocrx_word' id='word_1_244' title='bbox 472 3879 540 3948; x_wconf 89' lang='lat' dir='ltr'>dies</span> <span class='ocrx_word' id='word_1_245' title='bbox 552 3881 664 3974; x_wconf 72' lang='lat' dir='ltr'>¹ferme</span> <span class='ocrx_word' id='word_1_246' title='bbox 679 3879 880 3974; x_wconf 84' lang='lat' dir='ltr'>quindecim.</span> <span class='ocrx_word' id='word_1_247' title='bbox 905 3881 1063 3950; x_wconf 85' lang='lat' dir='ltr'>Passionis</span> <span class='ocrx_word' id='word_1_248' title='bbox 1084 3907 1166 3952; x_wconf 79' lang='lat' dir='ltr'>mere</span> <span class='ocrx_word' id='word_1_249' title='bbox 1183 3881 1234 3952; x_wconf 91' lang='grc'>131</span> <span class='ocrx_word' id='word_1_250' title='bbox 1249 3880 1334 3951; x_wconf 85' lang='lat' dir='ltr'>oculi</span> 
     </span>
     <span class='ocr_line' id='line_1_34' title="bbox 284 3986 1329 4086; baseline -0.001 -25"><span class='ocrx_word' id='word_1_251' title='bbox 284 3989 383 4061; x_wconf 83' lang='lat' dir='ltr'>vestri</span> <span class='ocrx_word' id='word_1_252' title='bbox 398 4001 494 4060; x_wconf 86' lang='lat' dir='ltr'>testes</span> <span class='ocrx_word' id='word_1_253' title='bbox 505 4001 604 4076; x_wconf 87' lang='lat' dir='ltr'>sunt,</span> <span class='ocrx_word' id='word_1_254' title='bbox 620 3989 672 4060; x_wconf 88' lang='grc'>131</span> <span class='ocrx_word' id='word_1_255' title='bbox 684 3986 875 4060; x_wconf 88' lang='lat' dir='ltr'>miserabilis</span> <span class='ocrx_word' id='word_1_256' title='bbox 890 4011 981 4058; x_wconf 89' lang='lat' dir='ltr'>soror</span> <span class='ocrx_word' id='word_1_257' title='bbox 995 4011 1084 4077; x_wconf 89' lang='lat' dir='ltr'>mea,</span> <span class='ocrx_word' id='word_1_258' title='bbox 1099 4015 1175 4086; x_wconf 86' lang='lat' dir='ltr'>quae</span> <span class='ocrx_word' id='word_1_259' title='bbox 1191 3989 1234 4060; x_wconf 84' lang='lat' dir='ltr'>ad</span> <span class='ocrx_word' id='word_1_260' title='bbox 1249 4013 1329 4060; x_wconf 89' lang='lat' dir='ltr'>eru·</span> 
     </span>
    </p>
   </div>
   <div class='ocr_carea' id='block_1_3' title="bbox 0 0 1470 4582">
    <p class='ocr_par' dir='ltr' id='par_1_3' title="bbox 0 0 1470 4582">
     <span class='ocr_line' id='line_1_35' title="bbox 0 0 1470 4582; baseline 0 0"><span class='ocrx_word' id='word_1_261' title='bbox 0 0 1470 4582; x_wconf 95' lang='lat' dir='ltr'> </span> 
     </span>
    </p>
   </div>
  </div>
 </body>
</html>
