2930 4582
873 237 889 270 l

224 384 326 434 otrus
344 389 390 434 vr.
407 389 450 434 nrt
471 389 628 434 marcono
652 390 687 435 ut
710 389 918 436 concionum
939 383 1108 436 tnurmrt.
1133 369 1199 434 315

156 488 270 558 habite
285 503 379 558 tuam
392 489 526 580 quaeris,
536 490 712 584 nunquam
727 489 813 558 hane
829 487 1008 579 assequeris
1025 511 1200 581 :quaenam

157 596 215 664 erit
231 597 331 688 hujus
349 595 454 664 morbi
469 594 598 664 medela
610 598 625 662 l
636 595 849 687 conjunctim
864 617 979 664 omnes
1001 617 1197 686 precemur,
1274 627 1277 632 ·

156 725 325 796 unamque
348 725 409 794 pro
428 701 491 770 illis
507 701 696 769 emittamus
711 723 846 784 vocem,
873 700 967 793 quasi
982 721 1043 792 pro
1058 724 1199 792 energu-

156 810 272 877 menis.
286 811 369 878 N‘am
390 808 426 876 hi
442 805 657 876 miserabilius
671 805 780 876 affecti
796 820 895 892 sunt,
912 803 1014 898 qu'arn
1029 805 1078 874 illi
1096 837 1103 877 ι
1123 809 1200 901 quia

156 914 250 984 furor
266 910 377 984 ille‘ex
393 913 562 1006 proposito
577 926 699 981 manat
714 912 904 988 Precatione
915 914 1039 1006 quippe
1052 937 1134 1006 opus
1145 916 1202 984 lra-

155 1023 214 1117 bet
238 1021 293 1090 hic
312 1021 469 1103 morbus,
494 1031 528 1088 et
552 1018 657 1088 multrt
675 1017 925 1110 supplicatione.
945 1022 1028 1090 Nam
1053 1020 1080 1090 si
1097 1021 1123 1090 is
1144 1021 1202 1115 qui

153 1128 290 1201 fratrem
303 1151 372 1198 non
384 1140 488 1210 amat,
503 1126 528 1194 si
544 1127 699 1218 pecunias
714 1125 876 1212 effundat,
894 1128 920 1195 si
936 1129 1095 1217 martyrio
1107 1127 1202 1198 illus-
1224 1165 1227 1172 ·

155 1251 274 1320 tretur,
289 1235 373 1304 nihil
385 1235 485 1326 magis
500 1235 650 1326 proficit3
665 1234 723 1328 qui
739 1234 865 1304 bellurn
877 1234 978 1305 inlert
990 1237 1032 1321 ei,
1047 1237 1105 1330 qui
1118 1237 1202 1306 nihil

156 1345 220 1418 sihi
236 1344 315 1412 mali
337 1342 470 1427 intulit,
487 1343 593 1434 cogita
610 1357 734 1434 quanto
751 1343 792 1412 sit
812 1343 972 1435 supplicio
988 1343 1119 1435 dignus.
1139 1344 1202 1414 Hic

158 1449 335 1542 gentilibus
350 1448 491 1518 deterior
505 1463 564 1518 est.
583 1452 666 1520 Nem
681 1451 729 1535 si,
755 1448 832 1518 crim
849 1456 909 1520 no's
925 1463 1070 1520 amantes
1092 1449 1201 1542 diligi-

157 1578 250 1639 mus,
268 1553 350 1623 nihil
365 1553 438 1646 pllrs
461 1554 640 1638 habemus,
665 1557 764 1648 quim
786 1554 863 1625 illi:
884 1556 943 1648 qui
968 1557 1154 1626 arn-autibus
1167 1581 1202 1627 se

155 1662 281 1731 invidet
297 1715 305 1740 ,
324 1685 410 1754 quo,
429 1686 562 1754 quaeso,-
580 1662 616 1730 in
632 1661 706 1731 loco
721 1664 804 1732 erit?
823 1661 915 1732 Bello
928 1665 1071 1757 namque
1087 1665 1201 1756 perni-

150 1769 274 1842 ciosior
290 1757 337 1837 est
351 1769 486 1838 invidia.
505 1771 589 1840 Nem
605 1769 663 1860 qui
676 1768 801 1836 bellum
818 1769 912 1857 gerit,
923 1772 1020 1838 causat
1035 1769 1115 1840 belli
1127 1772 1202 1842 sub·

154 1873 445 1960 latt,inimicitiam
461 1873 615 1966 deponit,
631 1873 763 1944 invidus
775 1889 886 1944 autern
897 1879 1069 1969 nunquam
1080 1879 1202 1969 poterit
1246 1943 1248 1946 .

155 1981 280 2050 amicus
302 2004 382 2050 esse.
411 1979 472 2048 Ille
500 1980 635 2074 quidem
663 1979 838 2078 manifesto
862 1981 952 2052 bello
974 1983 1122 2074 impetit,
1147 1985 1202 2054 hic

155 2087 309 2176 occulto,
337 2086 393 2154 ille
413 2109 526 2156 causas
550 2086 669 2155 multas
692 2101 725 2156 et
747 2087 936 2180 probabiles
963 2090 1105 2188 suscepti
1121 2089 1202 2172 belli

155 2194 304 2287 prolerre
320 2208 448 2286 potest3
464 2195 518 2261 hic
533 2195 663 2262 nonnisi
681 2195 828 2264 furorem
845 2210 878 2264 et
893 2197 1070 2266 satanicam
1082 2197 1202 2266 volun-

155 2315 270 2370 tatem.
284 2301 345 2370 Cui
359 2303 435 2388 ergo
449 2299 548 2368 talem
564 2299 706 2368 animam
721 2302 980 2392 comparaveris?
992 2304 1046 2372 cui
1057 2303 1202 2394 viperae?

155 2409 210 2478 cui
225 2407 355 2500 aspidi?
371 2409 425 2476 cui
440 2407 566 2476 vermi?
590 2408 644 2496 cui
667 2410 850 2478 cantharo?
868 2409 959 2480 Nihil
982 2410 1070 2478 enim
1088 2409 1202 2480 sceles-

156 2517 240 2602 tius,
270 2515 352 2584 nihil
370 2515 513 2584 deterius
536 2515 725 2607 hujusmodi
746 2517 864 2584 animet.
894 2519 965 2585 Hoc
989 2517 1098 2603 enim,
1114 2517 1198 2605 hoc,

91 2643 95 2649 ·
156 2625 314 2716 inquam,
340 2622 492 2691 ecclesias
517 2621 696 2708 subvertit,
714 2627 786 2694 hoe·
801 2625 939 2696 haereses
963 2625 1109 2718 peperit,
1137 2619 1200 2697 hoc

155 2730 335 2801 fraternam
352 2729 489 2798 armavit
501 2753 648 2813 manum,
663 2743 697 2798 et
712 2731 822 2798 effecit
837 2745 876 2798 ut
896 2733 930 2799 in
952 2735 1111 2822 sanguine
1120 2737 1200 2825 justi
1242 2779 1247 2786 -

156 2840 288 2908 dextera
313 2849 539 2928 mergeretur,
557 2835 712 2929 legesque
737 2851 865 2905 naturae
880 2835 1137 2928 pessumdedit,
1167 2855 1201 2908 et

156 2945 256 3014 morti
269 2955 380 3039 portas
396 2943 536 3036 aperuit,
548 2967 585 3012 ac
601 2943 866 3014 maledictionem
878 2943 969 3014 illam
983 2944 1025 3014 ad
1041 2945 1122 3037 opus
1138 2947 1199 3015 de-

156 3051 268 3141 duxit,
281 3074 342 3120 nec
359 3052 504 3143 permisit
518 3050 684 3120 utinfelix
699 3051 755 3120 ille
767 3051 995 3121 recordaretur
1009 3052 1122 3144 parnis
1134 3053 1197 3140 sui,

156 3183 264 3252 neque
280 3158 475 3250 parentum,
493 3181 602 3251 neque
618 3157 749 3228 alterius
764 3161 977 3252 cujusquam,
995 3173 1028 3228 et
1040 3173 1133 3230 tanto
1148 3159 1199 3230 su·
1293 3181 1295 3184 ·

132 3324 135 3332 ,
156 3267 237 3337 roris
247 3267 448 3358 insaniaeque
461 3279 544 3332 aestu
559 3266 674 3350 movit,
692 3279 730 3334 ut
746 3268 899 3334 hortante
909 3271 977 3335 Deo
994 3290 1031 3334 ac
1043 3264 1195 3337 dicente:

155 3374 209 3443 At
222 3366 287 3442 snb
305 3387 339 3442 te
355 3373 423 3440 em't
439 3371 620 3462 appetitus
631 3371 707 3462 ejus
718 3384 753 3438 et
763 3383 800 3438 tn
813 3368 1058 3443 dominaberis
1070 3371 1196 3459 illium,

156 3503 198 3572 ne
214 3480 264 3548 sic
284 3477 420 3572 quidem
444 3465 595 3565 cederet3
623 3477 715 3570 atqui
737 3490 769 3544 et
791 3477 916 3546 crimen
932 3475 980 3546 illi
1005 3478 1147 3563 remisit,
1166 3493 1199 3546 et

157 3583 291 3654 fratrem
311 3585 372 3676 ipsi
393 3582 544 3676 subjecit.
564 3581 686 3650 Verum
711 3583 757 3652 ita
772 3581 960 3651 insanabilis
974 3596 1023 3650 est
1040 3584 1093 3651 hic
1109 3607 1199 3651 mor-

158 3691 241 3775 bus,
260 3704 298 3757 ut
319 3691 418 3756 etiam
433 3687 523 3757 mille
539 3687 692 3757 adhibitis
711 3689 915 3780 pharmacis,
933 3689 1057 3756 saniem
1070 3709 1198 3780 semper

158 3797 296 3867 emittat.
309 3798 376 3864 Gur
392 3797 479 3864 enim
493 3793 602 3883 doles,
615 3797 635 3864 ὂ
651 3797 798 3865 omnium
814 3797 993 3864 miserrime
1006 3795 1013 3862 l
1025 3796 1120 3889 *qudd
1134 3797 1197 3866 ho·

193 3937 201 3962 ¹
216 3929 276 3977 Gen.
291 3941 327 3983 rr,
340 3939 362 3987 7.
