2984 4580
227 426 329 472 creor
352 429 397 474 vr.
425 429 467 472 mr
490 428 645 472 neruoso
668 419 704 471 nt
719 425 927 474 conmortuus
943 423 1109 476 summm.
1135 409 1200 475 tos

159 515 247 600 tibus
256 529 482 624 depravandos
491 529 684 614 immiscere,
702 527 738 596 in
750 529 872 622 quibus
882 529 965 599 nihil
975 527 1035 599 nisi
1044 529 1200 602 vitiosum

159 649 208 706 est
222 649 254 706 et
268 639 485 729 corruptum?
501 641 625 705 Tantus
646 647 813 705 sacrorum
829 636 1046 730 Eloquiorum
1061 652 1110 707 est
1124 662 1198 725 ros,
1249 719 1250 726 ἵ

158 757 192 813 et
199 757 315 813 aestum
329 744 595 838 objicisiAqua,
608 765 719 833 quom
733 765 799 838 ego
812 739 910 813 dabo
924 745 969 830 εἰ,
981 743 1026 812 ait
1037 744 1198 831 Christus,

157 850 244 922 Fiet
255 855 292 922 in
303 853 558 952 eosonsaquoe
569 847 733 920 safz'entr's
749 852 786 920 in
803 853 914 922 or'tam
929 856 1130 921 τιεῐενηιινη1
1146 867 1201 924 :et

98 989 101 992 ·
157 951 279 1046 rursus,
294 961 370 1058 Qui
376 955 491 1029 credit
502 960 539 1027 in
547 981 616 1043 me,
626 957 718 1025 ιςίοιιι
726 953 822 1026 droit
830 957 1034 1050 Scriptura,
1035 953 1201 1053 flumina

157 1064 203 1136 de
219 1081 344 1136 ventre
366 1065 443 1160 ejus
448 1062 574 1162 fluent
593 1086 701 1154 aquae
715 1064 834 1134 rivae
854 1069 907 1134 An
926 1078 964 1134 tu
974 1089 1108 1157 quaeso,
1123 1065 1201 1136 cuim

154 1174 244 1244 intus
259 1173 367 1244 fontes
376 1173 497 1242 habeas
513 1184 546 1240 et
554 1169 692 1239 flumina
703 1167 894 1262 spiritualia,
905 1171 1093 1242 sensibilem
1107 1171 1200 1242 ealo-

155 1303 225 1350 rem
240 1281 361 1350 times?
382 1284 425 1348 At
438 1279 473 1346 in
489 1275 574 1364 foro,
593 1299 728 1368 quaeso,
751 1277 809 1346 ubi
826 1292 938 1348 tantus
955 1292 1004 1348 est
1023 1279 1198 1372 strepitus,

155 1402 206 1458 tot
222 1383 401 1479 augustiae,
419 1410 455 1456 ac
478 1385 602 1455 multus
618 1398 732 1471 aestus,
750 1385 810 1478 qul
832 1386 924 1456 litut
941 1384 1063 1456 calores
1076 1400 1109 1456 et
1124 1385 1201 1456 solis

156 1496 307 1566 ardorem
321 1519 388 1564 non
405 1492 589 1564 obtendas?
603 1495 678 1563 Non
689 1492 797 1578 enim,
816 1493 954 1586 opinor,
970 1493 1006 1563 id
1019 1491 1127 1563 dicere
1139 1517 1202 1587 po-

155 1615 225 1686 tes,
243 1601 310 1670 illle
325 1601 493 1699 frigidiore
507 1599 605 1669 licere
620 1598 702 1667 aeris
715 1599 795 1668 aura
815 1597 899 1686 frui,
918 1601 973 1670 hic
988 1603 1067 1671 verb
1091 1613 1201 1670 totum

154 1710 250 1779 nobis
265 1707 441 1778 collectum
456 1707 599 1778 calorem
620 1707 733 1776 saevire
749 1707 853 1802 :quin
869 1709 977 1800 potitis
997 1709 1200 1779 contrarium

153 1817 301 1911 penitus,
314 1817 369 1886 hie
380 1815 514 1909 quidem
526 1816 588 1909 ubi,
597 1815 713 1888 crustis
725 1815 863 1906 lapideis
877 1815 984 1886 solum
997 1832 1200 1888 constratum

153 1938 216 2010 est,
225 1939 258 1994 et
273 1923 317 1993 ob
330 1921 490 2016 reliquam
503 1921 582 1991 aedis
598 1945 697 1992 sacrae
713 1923 892 2012 fabricam,
910 1925 1072 2019 siquidem
1085 1927 1121 1994 in
1137 1929 1200 1996 im-

152 2053 298 2100 mensam
319 2030 458 2120 assurgit
473 2029 702 2115 altitudinem,
719 2028 823 2099 levior
844 2044 877 2099 et
893 2029 1043 2122 frigidior
1054 2047 1103 2102 est
1119 2039 1197 2104 abr:

148 2125 186 2207 at
200 2135 267 2207 illic
282 2135 408 2205 multus
420 2133 569 2228 undique
584 2134 634 2204 sol
649 2135 806 2221 irradiat,
824 2137 938 2206 multae
955 2139 1126 2230 angustiae,
1143 2137 1200 2209 fu-

151 2267 241 2329 mus,
259 2243 384 2336 pulvis,
403 2256 436 2310 et
452 2241 516 2310 alia
534 2241 650 2333 plura,
668 2267 744 2335 quoe
760 2245 917 2336 majorem
933 2245 1001 2314 istis
1016 2245 1199 2316 molestiam
1217 2243 1219 2248 ’

151 2350 319 2420 exhibent.
338 2353 388 2418 Ex
404 2372 472 2441 quo
494 2345 690 2440 intelligitur
714 2349 841 2417 inertiae
857 2363 891 2419 et
913 2349 1061 2420 mollitiei
1073 2353 1197 2441 animi,

150 2458 209 2552 qui
226 2455 364 2550 Spirittis
375 2455 481 2525 ‘sancti
493 2454 627 2522 flammi
636 2455 679 2525 sit
689 2455 880 2544 destitutus,
891 2457 951 2527 has
962 2457 1089 2550 ineptas
1101 2483 1199 2530 exeu-

151 2565 293 2636 sationes
309 2587 376 2632 esse
391 2561 597 2633 tribuendas.

196 2697 213 2735 u
227 2674 306 2739 Haec
322 2693 390 2737 non
406 2671 474 2736 tbm
490 2666 532 2735 ad
548 2667 622 2736 illos
635 2669 715 2736 ime
727 2668 815 2738 dicta
825 2671 1026 2760 diriguntur,
1039 2674 1140 2764 quam
1156 2673 1200 2744 ad
1275 2754 1282 2768 ἱ
1334 2641 1336 2650 l

149 2801 220 2860 vos,
238 2776 297 2869 qui
310 2799 378 2844 non
390 2773 463 2844 illos
474 2772 680 2866 pertrahitis,
699 2773 759 2867 qui
767 2795 835 2844 non
849 2775 891 2842 ab
899 2775 1017 2844 inertia
1025 2781 1197 2868 revocatis,

149 2897 183 2954 et
199 2880 242 2952 ad
256 2880 435 2950 salutarem
446 2882 532 2950 hanc
549 2901 696 2948 mensam
711 2877 886 2950 adducitis.
898 2884 947 2949 Ae
962 2883 1046 2952 servi
1062 2882 1200 2976 quidem
1266 2905 1268 2910 ’

149 2988 226 3060 edm
242 3010 419 3056 commune
440 2987 659 3056 ministerium
680 2984 803 3055 obituri
823 3000 921 3075 sunt,
938 2985 1100 3058 advocant
1120 2998 1200 3060 'suos

149 3117 324 3169 conservos
343 3125 350 3166 :
369 3119 427 3165 vos
448 3097 527 3166 verb
548 3097 567 3164 b
585 3094 707 3188 quibus
728 3095 792 3165 hoc
808 3095 978 3188 spirituale
1001 3097 1199 3194 obsequium

149 3203 374 3276 exhibendum
387 3217 455 3287 est,
471 3226 644 3274 conservos
656 3203 760 3273 sinitis
770 3217 895 3274 vestros
907 3206 972 3276 hoc
984 3220 1114 3300 quaestu
1129 3207 1199 3300 pri-⁵

149 3315 231 3384 vari.
250 3309 339 3394 Quid
355 3311 382 3378 si
397 3309 504 3379 nolint
519 3311 597 3402 ipsi,
609 3311 697 3380 dicet
713 3309 830 3404 aliquis
842 3314 857 3381 Ρ
868 3314 973 3383 Effice
990 3314 1118 3384 assidue
1134 3315 1202 3386 ins-

149 3421 268 3502 tando,
286 3432 324 3488 ut
339 3417 454 3487 velint.
475 3417 508 3486 Si
520 3418 608 3486 enim
629 3420 782 3506 urgentes
803 3441 863 3488 nos
883 3419 1044 3507 viderint,
1063 3422 1199 3492 omninb
1229 3499 1232 3508 ,

149 3528 273 3599 volent.
293 3531 342 3596 ht·
353 3526 440 3594 enim
453 3538 632 3618 praetextus
641 3525 712 3594 haec
728 3538 806 3594 sunt
819 3540 853 3596 et
865 3526 951 3597 lictae
963 3530 1198 3622 exeusationes.

150 3639 259 3720 Quam
282 3632 380 3703 multi
399 3633 543 3728 namque
559 3633 612 3702 hic
632 3647 708 3704 sunt
720 3646 849 3724 patres,
867 3636 926 3728 qui
952 3658 1063 3705 secum
1078 3650 1200 3706 stantes

150 3767 220 3812 non
230 3741 357 3809 habent
371 3739 455 3812 filios
468 3737 488 3809 l'
499 3740 579 3808 nium
597 3739 695 3810 etiam
711 3739 831 3810 liberos
846 3740 913 3812 hirc
928 3743 1117 3836 pertrahere
1129 3767 1198 3812 nou

150 3848 306 3944 poteras?
319 3851 370 3916 Ex
380 3871 447 3940 quo
457 3862 592 3940 apparet
609 3861 743 3919 caeteros
756 3849 892 3944 quoqub
906 3848 1032 3946 nongob
1045 3850 1193 3920 inertiam

189 3952 634 4044 ¹loan.1v,rl.-²ld.sn,38.
741 4013 743 4018 ·
