2930 4582
200 427 303 478 ceron
326 434 372 478 vr.
399 432 441 478 nu
464 431 621 478 unrnono
637 429 674 476 nt
689 429 897 477 concionum
920 422 1085 477 tentarat.
1111 415 1176 482 tat

133 533 318 604 rebantur?
333 533 392 602 nbi
408 530 453 601 dii
463 523 531 618 illi,
546 531 609 625 qui
618 529 781 623 praeibant
795 544 829 600 et
844 529 903 624 qui
917 531 1053 602 comites
1067 549 1173 622 erant,

133 641 189 735 qui
205 654 239 710 et
254 641 349 726 autb,
369 653 402 709 et
416 642 485 708 unb
503 639 725 732 pugnabant?
741 638 800 706 ubi
814 637 871 708 illa
891 637 1045 710 adversir's
1064 642 1176 713 Chris-

132 747 237 816 tianos
252 744 395 830 oracula,
415 758 448 814 et
460 745 573 828 minae,
588 740 758 835 nostrique
779 741 822 810 ad
837 745 1058 833 praestitutum
1073 745 1173 836 diem,

132 855 229 923 etiarn
256 853 432 944 adipsum
459 849 565 944 usque
590 872 728 936 nomen,
755 849 940 942 oppressio?
961 853 1177 925 evanuerunt

131 983 255 1046 omnes,
272 960 374 1028 irritae
386 956 535 1042 fuerunt,
554 955 768 1042 dissnrdrunt,
781 958 909 1028 somnio
925 957 1046 1028 similes
1061 959 1177 1030 extite-

130 1081 209 1138 runt
224 1067 401 1160 impiorum
414 1064 638 1157 jactationes1.
656 1091 672 1128 »

174 1195 209 1258 7⁰
233 1195 424 1282 Loquar·ne
440 1188 482 1256 de
497 1183 803 1283 Subsectrbnr'bus‚
822 1186 943 1280 quibus
965 1188 1176 1281 praecipitatis

129 1295 371 1390 quaestionibus
383 1295 594 1388 praecipitatae
606 1292 832 1387 adjunguntur
841 1295 1078 1386 responsiones,
1093 1319 1177 1389 qua·

128 1403 176 1472 les
201 1401 292 1494 apud
309 1402 461 1471 Osorium
483 1402 672 1493 episcopum
694 1401 739 1470 sic
757 1400 930 1494 descriptae
952 1403 1172 1494 reperiuntur,
1240 1491 1244 1500 ι

129 1511 208 1579 crim
222 1510 268 1579 ira
283 1507 325 1578 de
341 1507 490 1600 dispersis
504 1507 654 1602 loquitur
670 1507 794 1578 Judaeis
812 1537 819 1578 :

178 1662 194 1700 a
219 1637 326 1716 Quam
343 1655 413 1701 rem
434 1635 572 1725 gerunt?
588 1633 686 1726 quod·
700 1633 805 1702 scelus
828 1633 999 1704 conflant?
1015 1659 1089 1728 quae
1104 1659 1176 1705 ma-

127 1739 233 1810 leficia
249 1740 447 1832 suscipiunt,
465 1754 601 1833 propter
623 1764 698 1832 quae
720 1742 739 1808 b
760 1744 845 1826 Deo,
862 1765 961 1833 quem
980 1744 1046 1810 tbm
1063 1743 1176 1835 propi-

127 1850 211 1915 tium
222 1846 301 1914 olim
311 1847 481 1915 habebant
492 1846 627 1915 omninb
637 1845 849 1914 deserantur?
861 1845 1177 1918 simulacrisimmo·

126 1952 216 2022 lant?
226 1953 298 2023 Imb
310 1977 425 2023 eorum
438 1967 628 2023 contactum
644 1953 909 2046 perhorrescunt.
925 1955 1176 2025 commentitios

127 2057 206 2130 deos
229 2061 411 2131 asciscunt?
428 2066 472 2132 At
495 2085 535 2130 eo
554 2061 699 2146 nomine,
718 2059 808 2153 qubd
824 2065 930 2130 Deum
948 2059 1075 2147 colunt,
1094 2062 1176 2136 effe-

126 2175 258 2236 runtur.
281 2173 325 2236 Et
348 2168 383 2237 id
407 2191 540 2258 verum3
565 2167 624 2236 sed
653 2169 800 2238 moribus
824 2168 1022 2238 immanibus
1048 2169 1175 2239 efferati

127 2277 223 2343 sunt?
243 2279 288 2344 tt
302 2275 364 2342 sibi
381 2297 544 2344 summam
560 2273 693 2342 laudem
709 2275 873 2368 aequitatis
889 2289 922 2344 et
937 2276 1066 2368 pietatis
1083 2300 1175 2346 assu-

126 2394 235 2449 munt.
251 2380 337 2463 Quid
349 2383 503 2470 ergbest?
516 2380 697 2450 Partim-ne
714 2380 875 2473 supplices
891 2382 934 2450 ad
945 2387 1051 2450 Deum
1063 2405 1176 2474 preces

67 2525 71 2535 ·
128 2488 391 2572 adhibenti'lmb
403 2489 438 2556 in
454 2488 607 2581 precibus
624 2489 745 2558 assidui
761 2502 850 2574 sunt,
869 2512 930 2558 nec
945 2503 1056 2558 tamen
1074 2513 1175 2560 erau-

127 2596 277 2664 diuntur.
298 2597 330 2666 Si
350 2596 453 2686 igitur
475 2619 536 2666 nec
557 2595 730 2666 simulacra
751 2595 877 2680 colunt,
896 2620 958 2666 nec
973 2620 1075 2667 vanos
1096 2596 1175 2668 deos

126 2705 366 2787 invocant‚nec
375 2703 557 2770 immanum
569 2704 762 2792 sanguinem
773 2703 934 2787 fundunt,
945 2727 1006 2772 nec
1019 2728 1052 2772 se
1065 2705 1175 2797 impiae

126 2809 254 2880 fraudis
277 2807 469 2900 impuritate
492 2807 734 2892 contaminant,
752 2829 811 2876 cur
828 2805 900 2874 illos
921 2812 1008 2876 Deus
1032 2833 1114 2901 quos
1140 2812 1175 2879 in

126 2915 230 2984 fidem
251 2937 344 2983 suam
367 2915 501 3006 recepit,
519 2917 587 2982 tim
610 2911 768 2982 diuturno
783 2926 931 3005 tempore
951 2937 1014 3007 ope
1030 2916 1088 2984 sut
1104 2914 1176 2984 des·

126 3022 240 3092 tituit?
256 3024 325 3093 Gur
349 3036 481 3114 gentem
499 3021 585 3090 illius
610 3021 739 3090 numini
755 3034 981 3093 consecratam
1007 3024 1076 3092 tbnr
1097 3022 1173 3092 diu-

128 3128 234 3199 turnis
250 3128 355 3221 plagis
372 3129 586 3222 insequiture.
607 3153 624 3193 n

174 3257 210 3326 8⁰
222 3255 310 3325 me
323 3251 462 3323 referam
477 3267 511 3322 et
525 3253 792 3324 Sententiarum
808 3277 922 3344 genus,
935 3277 1002 3347 quo
1019 3253 1175 3325 brevibus

129 3364 222 3458 quasi
238 3363 376 3432 decretis
402 3355 597 3447 ostenditur,
616 3363 698 3455 quid
717 3361 758 3430 sit
780 3361 813 3427 in
829 3362 907 3446 vita,
926 3375 984 3429 aut
999 3361 1081 3453 quid
1107 3385 1175 3430 esse

131 3472 300 3564 oporteat?
311 3473 390 3540 Haec
402 3472 435 3540 S.
448 3468 624 3558 'Gregorius
634 3471 772 3557 Magnus
788 3489 826 3535 er
840 3467 1076 3560 pharisaeorum
1088 3491 1179 3536 mur·

19 3590 22 3598 ’
131 3599 226 3645 mure
243 3577 357 3644 corut
382 3576 582 3661 Dominum,
601 3573 693 3668 qubd
709 3588 894 3676 peccatores
910 3573 1081 3667 reciperet,
1099 3573 1176 3668 phi-

131 3683 325 3777 losophatur
340 3713 348 3753 ε

167 3849 215 3899 1S.
232 3851 305 3914 (trag.
321 3845 404 3904 Theoi,
420 3849 487 3902 Orat.
504 3863 531 3916 r,
552 3864 578 3902 n.
597 3846 638 3901 25.
658 3869 691 3891 ·-
704 3857 715 3885 ²
728 3849 796 3906 Osor.
812 3847 893 3916 Epise-
911 3844 978 3915 flisp.
993 3844 1038 3908 lib.
1054 3862 1065 3904 ι
1083 3845 1115 3901 de
1130 3847 1178 3902 St·

134 3929 212 3996 pient.
