2930 4582
764 335 774 367 i

280 431 344 496 276
428 441 609 493 narremur
631 440 658 490 s.
683 439 834 508 aaaron,
860 442 936 492 rans
959 447 1006 508 11,
1031 446 1115 490 sacr.
1141 448 1165 489 r.

279 573 345 644 que
373 549 463 618 sacrat
495 545 638 642 quddam
662 547 778 617 catenat
803 561 897 618 vetus
917 546 1067 618 doctrina
1091 546 1251 618 doctrinae
1269 567 1321 616 re·

278 658 415 730 centiori
428 658 474 727 ita
486 657 677 744 innectitur,
691 670 730 727 ut
741 680 846 726 unum
859 656 1104 752 indivisumque
1114 681 1233 751 corpus
1249 659 1323 726 elli·

277 767 357 854 ciat,
376 779 433 835 aut
457 763 566 857 potibs
585 763 631 834 ita
646 762 749 836 veluti
769 763 1047 836 incommutabilis
1069 764 1179 859 liquor
1197 763 1323 835 saeculis

276 876 339 946 sibi
362 875 503 960 invicem
525 873 777 944 suceedentibus
797 873 1004 964 infunditur,
1022 889 1061 945 ut
1076 899 1181 945 unum
1197 897 1324 968 semper

277 997 310 1052 et
321 983 410 1055 idem
426 997 460 1052 et
472 982 592 1076 pariter
603 980 780 1074 limpidum
796 982 874 1051 fidei
891 981 1061 1052 catholicae
1074 983 1200 1052 flumen
1211 981 1324 1052 volva·

276 1103 342 1160 tur.
361 1094 423 1160 Tot
438 1105 596 1185 tantaque
613 1104 792 1160 occurrunt
807 1089 953 1160 veritatis
969 1090 1051 1160 adeb
1066 1090 1208 1184 patentis
1225 1113 1323 1180 argu-

276 1211 404 1284 menta,
420 1210 458 1266 nt
472 1221 577 1266 unum
594 1197 715 1267 referre
730 1198 828 1291 hujus
844 1196 935 1267 modi
951 1196 1062 1267 locum
1078 1221 1117 1267 ex
1132 1213 1245 1267 sancto
1260 1204 1324 1267 Au-

278 1305 409 1396 gustino
419 1305 654 1400 depromptum
670 1303 747 1375 satis
763 1305 895 1398 prorsus
911 1319 1078 1399 appareat.
1097 1306 1267 1397 Agebatur
1284 1305 1324 1374 de

277 1411 366 1482 dono
376 1414 637 1506 perseverantiae,
648 1413 864 1507 quodcontrb
876 1412 1065 1505 Pelagianos
1075 1437 1143 1483 non
1153 1414 1241 1482 nisib
1256 1417 1324 1482 Deo

277 1523 420 1591 obtineri
441 1545 535 1614 posse
552 1503 791 1607 contendebat,
810 1521 1020 1616 adductique
1044 1523 1079 1591 in
1096 1523 1324 1615 probationem

275 1630 345 1724 ipsit
355 1630 511 1700 Oratione
524 1631 701 1716 dominical,
714 1631 759 1699 sic
770 1654 809 1698 cx
818 1629 975 1698 Vetertim
989 1630 1183 1699 auctoritate
1199 1630 1299 1699 instat
1313 1659 1320 1698 :

312 1767 340 1805 ·«
358 1739 472 1831 Legite
488 1738 683 1833 aliquandi),
706 1739 833 1832 inquit,
857 1737 1013 1807 intentiirs
1029 1739 1239 1829 (Orationis)
1255 1741 1324 1832 ejus

277 1846 512 1940 expositionem
536 1847 572 1915 in
602 1846 690 1916 beati
714 1846 871 1939 Cypriani
896 1845 1047 1938 martyris
1069 1845 1197 1932 libro,..
1221 1861 1255 1914 et
1273 1846 1344 1916 vi-·

276 1955 352 2024 dete
377 1952 453 2022 ante
467 1967 550 2047 quot
566 1975 686 2038 annos,
705 1955 819 2022 contrlt
841 1977 878 2022 ea
898 1977 974 2047 quae
993 1951 1105 2024 lutura
1122 1967 1215 2023 erant
1231 1951 1324 2022 Pela-

277 2061 448 2150 gianorum
460 2084 604 2145 venena,
623 2056 720 2153 quale
737 2059 777 2127 sit
792 2059 978 2129 antidotum
990 2075 1222 2153 praeparatum.
1241 2062 1324 2129 N'am

275 2170 338 2240 tria
360 2184 453 2256 sunt,
478 2183 516 2238 ut
537 2169 640 2256 scitis,
660 2193 734 2262 quae
755 2168 895 2238 maxime
916 2168 1069 2239 adversbs
1089 2193 1144 2240 eos
1164 2168 1324 2239 catholica

276 2275 426 2346 defendit
442 2275 598 2347 Ecclesia.
624 2279 772 2360 Quorum
797 2289 982 2363 estonum,
1011 2277 1148 2369 gratiam
1176 2277 1235 2346 Dei
1258 2299 1323 2346 non

276 2383 458 2454 secundirm
472 2383 587 2452 merita
600 2397 710 2452 nostra
723 2382 809 2467 dari,
826 2385 982 2477 qnoniam
1004 2384 1063 2452 Dei
1076 2384 1162 2453 dona
1180 2397 1275 2471 sunt,
1292 2395 1324 2453 et

276 2494 335 2562 Dei
356 2494 458 2582 gratiis
474 2491 692 2562 conferuntur
712 2493 810 2562 etiam
831 2493 981 2561 universa
1002 2498 1117 2562 merita
1129 2495 1321 2586 justorum:

246 2645 248 2648 .
278 2600 416 2670 alterum
430 2615 479 2670 est
499 2601 534 2668 in
550 2601 820 2696 quanticumque
833 2601 957 2696 jrrstitil
983 2601 1053 2671 sind
1073 2603 1324 2695 qualibuscum-

277 2731 343 2801 que
354 2708 493 2806 peccatis
505 2707 541 2776 in
556 2708 620 2777 hoe
636 2707 841 2800 corruptibili
856 2733 993 2802 corpore
1007 2710 1174 2778 neminem
1191 2711 1320 2780 vivere:

277 2816 411 2885 tertium
427 2829 498 2902 est,
516 2815 696 2885 obnoxium
713 2815 802 2884 nasci
816 2816 982 2886 hominem
999 2830 1133 2910 peccato
1148 2817 1248 2910 primi
1263 2817 1323 2886 ho-

276 2925 383 3011 minis,
396 2939 429 2994 et
445 2923 576 2994 vinculo
588 2923 809 2992 damnationis
821 2923 1028 3020 obstrictum,
1044 2926 1105 2995 nisi
1118 2940 1246 3011 reatus,
1265 2924 1323 3019 qui

277 3033 485 3122 generatione
508 3030 728 3114 contrahitur,
752 3033 997 3120 regeneratione
1018 3031 1174 3104 solvatur.
1194 3037 1323 3102 Horum

276 3139 378 3208 trium
400 3139 463 3205 hoc
486 3137 577 3230 quod
592 3136 665 3206 loco
686 3135 803 3207 ultimo
819 3141 932 3232 posui,
951 3139 1057 3210 solum
1074 3164 1142 3210 non
1163 3153 1322 3209 tractatur

276 3245 312 3313 in
341 3241 528 3336 supradicto
549 3243 680 3336 gloriosi
698 3247 850 3336 Martyris
872 3246 957 3317 libro
990 3277 997 3318 :
1021 3248 1063 3318 de
1085 3247 1218 3319 duobus
1246 3248 1322 3317 verb

277 3352 403 3422 caeteris
425 3350 593 3422 tantdillic
619 3353 849 3446 perspicuitate
874 3342 1061 3442 disseritur,
1088 3363 1127 3426 ut
1142 3351 1323 3450 supradicti

276 3459 434 3546 haeretici,
452 3459 529 3529 novi
541 3459 664 3528 inimici
677 3461 788 3550 gratiae
804 3461 936 3550 Christi,
955 3463 1052 3557 longe
1066 3465 1142 3534 ante
1156 3463 1322 3557 reperian-

277 3581 333 3638 tur
352 3566 493 3638 convieti
515 3589 583 3636 esse
603 3569 705 3659 quam
720 3569 800 3637 nati.
824 3573 863 3639 In
878 3569 928 3639 his
944 3573 1023 3663 ergb
1046 3573 1171 3641 meritis
1190 3583 1322 3640 sancto·

276 3699 364 3761 rum,
378 3697 454 3769 qnae
462 3672 565 3758 nulla,
580 3672 642 3741 nisi
655 3673 715 3742 Dei
727 3672 814 3744 dona
823 3690 920 3762 sunt,
935 3677 1034 3746 etiam
1047 3665 1320 3772 perseverantiam

105 3795 109 3806 '
206 3849 207 3854 ,
277 3781 403 3852 donum
419 3781 479 3851 Dei
498 3779 622 3849 essesic
637 3779 784 3874 loquitur
802 3811 810 3852 :
827 3813 844 3850 ι(
861 3783 1015 3872 Dicimus,
1034 3786 1154 3881 inquit,
1173 3783 1320 3859 Sancti·

264 3891 542 3996 ficetarnomen
553 3890 686 3974 tanm1‚
700 3912 769 3960 non
780 3889 871 3982 qubd
886 3904 1037 3985 optemus
1049 3899 1130 3982 Deo,
1142 3907 1182 3966 ut
1197 3891 1320 3965 saneti-

314 4029 323 4058 ι
338 4017 428 4071 Matth.
441 4034 476 4086 m,
494 4020 519 4072 9.
