2982 4584
150 547 153 552 ·
240 520 342 568 chnut:
365 525 411 568 Vl.
430 523 471 566 DE
487 523 644 568 ΜΕΤΗΟΒΟ
669 521 704 565 11(
726 519 934 566 CONCIONIBU!
956 513 1123 568 ᾹὩΗΙΒῙΤᾸ.
1150 497 1214 565 485

176 624 364 696 execrabilis
390 639 424 696 et
448 625 576 695 rabiosa
603 607 841 692 incontinentia
869 621 1074 714 cornrmpit?
1098 625 1217 694 Noctes

171 731 305 827 quidem
328 734 497 805 insomnes
508 741 674 822 peragunt
684 729 742 822 qui
754 741 951 820 pernoctant
966 727 1002 798 iu
1016 729 1215 822 precationi-

74 879 79 882 ·
121 851 124 856 ’
170 841 255 912 bus:
275 839 331 911 sed
355 831 418 934 'qui
443 836 615 926 invigilant
636 836 825 929 iniquitati,
853 859 906 906 eas
925 834 1024 928 longe
1048 836 1215 908 molestius

118 953 122 960 “
169 947 452 1019 traducuntNlm
464 957 497 1014 et
506 943 615 1029 timor,
627 965 669 1012 ne
685 943 943 1035 deprehendite,
958 956 992 1011 et
1006 942 1216 1036 voluptatum

168 1057 320 1126 stimulus
335 1075 469 1122 omnem
480 1050 614 1144 prorsus
629 1050 776 1143 requiem
791 1047 921 1142 sugant.
935 1049 1033 1134 Quod
1050 1050 1078 1120 si
1092 1049 1216 1120 itineris

168 1164 211 1233 ad
226 1161 367 1232 salutem
381 1158 574 1230 deducentis
589 1159 755 1251 angustias
776 1157 905 1250 fugiens
917 1157 1041 1245 ‚latam
1053 1155 1215 1250 amplam·

167 1292 234 1364 que
248 1267 375 1362 peccati
390 1267 475 1336 viam
491 1287 704 1360 persequare,
732 1251 848 1336 nereos
871 1287 914 1336 ne
934 1263 1036 1336 latam
1053 1263 1095 1334 ad
1112 1264 1213 1336 finem
1247 1351 1250 1355 ¹

146 1366 272 1469 “usqne
281 1364 424 1458 secutus,
434 1386 691 1442 consentaneum
700 1369 810 1441 itineri
826 1371 1042 1442 diversorium
1057 1371 1211 1465 reperias.

169 1482 232 1552 Sed
252 1493 384 1551 servatu
402 1478 544 1550 difficilis
558 1493 608 1550 est
623 1480 807 1550 thesaurus.
826 1478 965 1570 invigila
983 1480 1113 1574 itaque,
1131 1483 1213 1549 Fra·

167 1601 229 1656 ter.
256 1588 384 1682 Habes,
408 1588 435 1656 si
458 1585 558 1673 velis,
584 1586 769 1680 adjutores,
798 1586 1022 1679 precationem
1045 1585 1088 1656 ad
1107 1585 1213 1655 noctis

166 1693 360 1780 custodiam,
369 1695 535 1789 jejunium
546 1693 639 1787 quod
653 1693 780 1764 donum
789 1693 965 1781 custodiat,
980 1707 1115 1764 cantum
1128 1691 1213 1763 Psal·

164 1823 312 1889 morum,
333 1826 401 1895 quo
424 1815 590 1871 recreetur
612 1799 751 1882 animus.
778 1803 858 1868 Haec
876 1800 937 1868 tibi
953 1801 1040 1870 socia
1055 1800 1209 1894 adjunge.
1275 1797 1278 1803 ’

164 1911 244 1976 Haec
263 1921 375 1976 tecum
392 1905 701 1998 simulpernoctent
716 1905 759 1974 ad
779 1907 1001 2000 res‘pretidsas
1021 1907 1212 1978 custodien-

153 2001 233 2085 das.
257 2013 371 2096 Quid?
390 2013 444 2083 dic
466 2013 568 2099 mihi,
597 2036 709 2084 nonne
728 2011 845 2084 melius
862 2029 912 2083 est
932 2014 1127 2085 ditescentes
1150 2036 1211 2086 nos

158 2143 222 2218 pro
247 2120 458 2214 supellectilis
483 2122 635 2214 pretiosae
660 2121 808 2191 custoditi
837 2121 1091 2193 sollicitudinem
1118 2120 1207 2215 pati,

162 2229 264 2320 quim
278 2251 320 2296 ne
342 2228 463 2312 habere
478 2226 614 2320 quidem
628 2229 722 2298 initio
737 2229 919 2322 quidquam
936 2230 1027 2322 quod
1041 2229 1210 2300 custodia-

161 2339 258 2412 mus?
281 2339 386 2408 Nemo
410 2335 612 2428 spoliationis
631 2333 733 2405 metu
748 2337 900 2427 repudiat
920 2337 1018 2405 bona.
1046 2341 1096 2406 Iti
1120 2338 1210 2406 enim
1259 2357 1260 2366 ¹

161 2442 244 2512 nihil
258 2466 368 2512 rerum
384 2444 604 2512 humanarum
616 2443 819 2529 consisteret,
830 2443 856 2512 si
864 2441 900 2510 in
916 2441 1050 2534 singulis
1065 2467 1208 2538 quornm

161 2550 271 2619 studio
285 2563 457 2635 tenemur,
477 2549 630 2620 adversos
644 2573 737 2620 casus
749 2547 1005 2619 attenderemus.
1024 2551 1208 2621 N'am'steri-

160 2655 235 2725 litas
250 2655 501 2746 agriculturam,
519 2656 687 2744 naufragia
702 2670 937 2740 mercaturam,
955 2659 1088 2749 nuptias
1103 2655 1209 2729 vidui·

161 2779 227 2848 tas,
250 2765 430 2833 liberorum
455 2761 685 2833 educationem
702 2763 825 2832 orbitas
840 2765 1028 2856 comitatur.
1052 2771 1208 2842 Attamen

162 2868 371 2960 aggredimur
387 2893 487 2962 opera
506 2869 597 2962 ipsa,
619 2867 748 2938 meliori
772 2891 829 2960 spe
844 2869 947 2938 innixi
966 2900 973 2941 :
992 2893 1102 2940 rerum
1128 2875 1207 2943 verd

161 2980 286 3048 exitum
302 2972 371 3048 Deo
396 2991 506 3074 nostra
527 2977 712 3048 moderanti
734 2978 981 3066 committimus.
1002 2984 1086 3048 Tute
1099 2981 1208 3052 verbis

160 3084 294 3179 quidem
309 3084 559 3154 sanctimoniam
576 3084 687 3176 magni
702 3081 781 3156 facis
797 3115 804 3155 ι
818 3087 941 3164 reverd
956 3087 1026 3179 ipsai
1041 3087 1075 3155 in
1092 3086 1207 3181 deplo-

159 3205 306 3262 ratorum
322 3189 593 3284 perditorumque
605 3213 745 3263 numero
753 3191 900 3261 versaris.
917 3192 1001 3262 Vide
1014 3215 1056 3261 ne
1071 3194 1207 3287 quando

158 3313 191 3373 te
203 3299 364 3394 poeniteat
373 3297 535 3368 malorum
548 3298 772 3386 consiliorum,
782 3301 858 3368 clun
868 3325 908 3369 ex
916 3303 1113 3392 poenitentid
1125 3305 1208 3376 nihil

158 3407 266 3496 capies
275 3404 646 3475 utilitatisPrudentem
657 3418 690 3473 tc
699 3403 994 3496 reddatVirginum
1005 3403 1203 3500 exemplum.

159 3511 229 3582 lllae
253 3510 363 3581 oleum
380 3513 416 3580 in
432 3511 514 3582 vasis
529 3534 598 3580 non
621 3510 796 3598 habentes,
814 3511 890 3580 cum
911 3513 1037 3602 ingredi
1053 3513 1123 3584 illas
1140 3520 1206 3586 unh

158 3641 235 3688 eum
250 3641 370 3710 sponso
393 3631 583 3713 oporteret,
600 3616 673 3686 titur
696 3617 882 3688 necessariis
906 3619 1003 3688 rebus
1022 3619 1156 3715 destitui
1172 3647 1206 3692 se

158 3726 472 3796 animadverterunt.
491 3731 701 3819 Quapropter
717 3726 886 3819 Scriptura
907 3722 1014 3794 fatuas
1030 3728 1129 3798 etiarn
1153 3751 1207 3800 eas

157 3845 276 3919 vocat,
295 3831 386 3926 quod
402 3833 437 3902 id
452 3849 584 3928 tempus
601 3889 610 3920 ,
629 3856 698 3928 quo
716 3833 879 3903 utendum
899 3833 973 3903 oleo
988 3849 1075 3921 erat,
1092 3836 1128 3905 in
1142 3837 1207 3906 cir-

158 3941 346 4012 cumeundo
359 3954 392 4009 et
408 3941 631 4034 comparando
644 3943 859 4028 insumentes,
874 3941 1100 4035 imprudenter
1112 3957 1145 4012 et
1157 3944 1207 4012 in·

108 4085 123 4114 =.
158 4050 291 4118 cautes
317 4047 454 4119 thalami
475 4047 595 4140 gaudio
618 4048 806 4146 semetipsas
824 4047 1042 4119 excluserunt.
1061 4047 1146 4120 Vide
1160 4071 1203 4118 nc
