<?xml version="1.0" encoding="UTF-8"?>
<!DOCTYPE html PUBLIC "-//W3C//DTD XHTML 1.0 Transitional//EN"
    "http://www.w3.org/TR/xhtml1/DTD/xhtml1-transitional.dtd">
<html xmlns="http://www.w3.org/1999/xhtml" xml:lang="en" lang="en">
 <head>
  <title>
</title>
<meta http-equiv="Content-Type" content="text/html;charset=utf-8" />
  <meta name='ocr-system' content='tesseract 3.04.00' />
  <meta name='ocr-capabilities' content='ocr_page ocr_carea ocr_par ocr_line ocrx_word'/>
</head>
<body>
  <div class='ocr_page' id='page_1' title='image "./rhetoricasancto00cailgoog_0344.png"; bbox 0 0 2984 4580; ppageno 0'>
   <div class='ocr_carea' id='block_1_1' title="bbox 33 331 35 416">
    <p class='ocr_par' dir='ltr' id='par_1_1' title="bbox 33 331 35 416">
     <span class='ocr_line' id='line_1_1' title="bbox 33 331 35 416; baseline 0 -6"><span class='ocrx_word' id='word_1_1' title='bbox 33 331 35 416; x_wconf 79' lang='lat' dir='ltr'><strong>l</strong></span> 
     </span>
    </p>
   </div>
   <div class='ocr_carea' id='block_1_2' title="bbox 247 377 1221 448">
    <p class='ocr_par' dir='ltr' id='par_1_2' title="bbox 247 377 1221 448">
     <span class='ocr_line' id='line_1_2' title="bbox 247 377 1221 448; baseline -0.007 -2"><span class='ocrx_word' id='word_1_2' title='bbox 247 401 351 446; x_wconf 79' lang='lat' dir='ltr'><strong>curua</strong></span> <span class='ocrx_word' id='word_1_3' title='bbox 374 405 420 448; x_wconf 89' lang='lat' dir='ltr'><strong>vr.</strong></span> <span class='ocrx_word' id='word_1_4' title='bbox 438 403 480 446; x_wconf 81' lang='lat' dir='ltr'><strong>nn</strong></span> <span class='ocrx_word' id='word_1_5' title='bbox 495 399 652 446; x_wconf 78' lang='lat' dir='ltr'><strong>uruuono</strong></span> <span class='ocrx_word' id='word_1_6' title='bbox 676 401 711 444; x_wconf 80' lang='lat' dir='ltr'><strong>ut</strong></span> <span class='ocrx_word' id='word_1_7' title='bbox 733 397 941 448; x_wconf 68' lang='lat' dir='ltr'><strong>commoturus</strong></span> <span class='ocrx_word' id='word_1_8' title='bbox 964 391 1130 440; x_wconf 80' lang='lat' dir='ltr'><strong>tnurrmt.</strong></span> <span class='ocrx_word' id='word_1_9' title='bbox 1156 377 1221 440; x_wconf 77' lang='grc'><strong>345</strong></span> 
     </span>
    </p>
   </div>
   <div class='ocr_carea' id='block_1_3' title="bbox 165 495 1279 3252">
    <p class='ocr_par' dir='ltr' id='par_1_3' title="bbox 180 495 1279 912">
     <span class='ocr_line' id='line_1_3' title="bbox 183 495 1228 593; baseline -0.005 -23"><span class='ocrx_word' id='word_1_10' title='bbox 183 499 356 593; x_wconf 74' lang='lat' dir='ltr'><strong>prosperis,</strong></span> <span class='ocrx_word' id='word_1_11' title='bbox 374 501 410 570; x_wconf 90' lang='lat' dir='ltr'><strong>in</strong></span> <span class='ocrx_word' id='word_1_12' title='bbox 431 501 572 570; x_wconf 88' lang='lat' dir='ltr'><strong>adversis</strong></span> <span class='ocrx_word' id='word_1_13' title='bbox 583 497 706 581; x_wconf 74' lang='lat' dir='ltr'><strong>sortes,</strong></span> <span class='ocrx_word' id='word_1_14' title='bbox 723 498 838 566; x_wconf 74' lang='lat' dir='ltr'><strong>contra</strong></span> <span class='ocrx_word' id='word_1_15' title='bbox 854 495 988 588; x_wconf 87' lang='lat' dir='ltr'><strong>injurias</strong></span> <span class='ocrx_word' id='word_1_16' title='bbox 1005 507 1039 564; x_wconf 89' lang='lat' dir='ltr'><strong>et</strong></span> <span class='ocrx_word' id='word_1_17' title='bbox 1054 509 1228 566; x_wconf 85' lang='lat' dir='ltr'><strong>contume-</strong></span> 
     </span>
     <span class='ocr_line' id='line_1_4' title="bbox 182 601 1279 696; baseline -0.004 -20"><span class='ocrx_word' id='word_1_18' title='bbox 182 604 241 676; x_wconf 86' lang='lat' dir='ltr'>lias</span> <span class='ocrx_word' id='word_1_19' title='bbox 257 605 351 675; x_wconf 90' lang='lat' dir='ltr'><strong>mites</strong></span> <span class='ocrx_word' id='word_1_20' title='bbox 371 635 379 676; x_wconf 73' lang='grc' dir='ltr'><strong><em>ε</em></strong></span> <span class='ocrx_word' id='word_1_21' title='bbox 398 604 496 675; x_wconf 90' lang='lat' dir='ltr'><strong>docet</strong></span> <span class='ocrx_word' id='word_1_22' title='bbox 515 601 785 696; x_wconf 85' lang='lat' dir='ltr'>delinquentibus</span> <span class='ocrx_word' id='word_1_23' title='bbox 808 602 874 670; x_wconf 86' lang='lat' dir='ltr'><strong>citd</strong></span> <span class='ocrx_word' id='word_1_24' title='bbox 897 601 1092 692; x_wconf 83' lang='lat' dir='ltr'><strong>ignoscere:</strong></span> <span class='ocrx_word' id='word_1_25' title='bbox 1116 602 1143 671; x_wconf 91' lang='lat' dir='ltr'><strong>si</strong></span> <span class='ocrx_word' id='word_1_26' title='bbox 1157 603 1226 695; x_wconf 89' lang='lat' dir='ltr'><strong>ipse</strong></span> <span class='ocrx_word' id='word_1_27' title='bbox 1276 639 1279 644; x_wconf 96' lang='lat'>·</span> 
     </span>
     <span class='ocr_line' id='line_1_5' title="bbox 181 707 1224 806; baseline -0.002 -24"><span class='ocrx_word' id='word_1_28' title='bbox 181 711 370 806; x_wconf 82' lang='lat' dir='ltr'><strong>delinquas,</strong></span> <span class='ocrx_word' id='word_1_29' title='bbox 392 711 451 782; x_wconf 81' lang='lat' dir='ltr'><strong>did</strong></span> <span class='ocrx_word' id='word_1_30' title='bbox 469 724 504 780; x_wconf 91' lang='lat' dir='ltr'><strong>et</strong></span> <span class='ocrx_word' id='word_1_31' title='bbox 517 709 669 784; x_wconf 78' lang='lat' dir='ltr'><strong>multon</strong></span> <span class='ocrx_word' id='word_1_32' title='bbox 676 731 793 800; x_wconf 86' lang='lat' dir='ltr'><strong>rogare</strong></span> <span class='ocrx_word' id='word_1_33' title='bbox 808 736 817 779; x_wconf 73' lang='grc' dir='ltr'><strong>ι</strong></span> <span class='ocrx_word' id='word_1_34' title='bbox 833 707 1030 778; x_wconf 79' lang='lat' dir='ltr'><strong>tentationes</strong></span> <span class='ocrx_word' id='word_1_35' title='bbox 1045 725 1224 800; x_wconf 82' lang='lat' dir='ltr'><strong>expugnat,</strong></span> 
     </span>
     <span class='ocr_line' id='line_1_6' title="bbox 180 814 1224 912; baseline -0.009 -24"><span class='ocrx_word' id='word_1_36' title='bbox 180 814 423 912; x_wconf 86' lang='lat' dir='ltr'><strong>persecutiones</strong></span> <span class='ocrx_word' id='word_1_37' title='bbox 432 817 563 902; x_wconf 89' lang='lat' dir='ltr'><strong>tolerat,</strong></span> <span class='ocrx_word' id='word_1_38' title='bbox 576 814 739 908; x_wconf 86' lang='lat' dir='ltr'><strong>passiones</strong></span> <span class='ocrx_word' id='word_1_39' title='bbox 747 829 780 886; x_wconf 91' lang='lat' dir='ltr'><strong>et</strong></span> <span class='ocrx_word' id='word_1_40' title='bbox 790 815 946 905; x_wconf 90' lang='lat' dir='ltr'><strong>martyria</strong></span> <span class='ocrx_word' id='word_1_41' title='bbox 951 829 1159 886; x_wconf 90' lang='lat' dir='ltr'><strong>consummat</strong></span> <span class='ocrx_word' id='word_1_42' title='bbox 1169 818 1193 886; x_wconf 90' lang='lat'><strong>¹.</strong></span> <span class='ocrx_word' id='word_1_43' title='bbox 1207 843 1224 880; x_wconf 88' lang='lat'>»</span> 
     </span>
    </p>

    <p class='ocr_par' dir='ltr' id='par_1_4' title="bbox 177 921 1227 1342">
     <span class='ocr_line' id='line_1_7' title="bbox 227 921 1226 1016; baseline -0.004 -20"><span class='ocrx_word' id='word_1_44' title='bbox 227 925 260 996; x_wconf 88' lang='lat' dir='ltr'><strong>Si</strong></span> <span class='ocrx_word' id='word_1_45' title='bbox 274 925 322 996; x_wconf 88' lang='lat' dir='ltr'><strong>vis</strong></span> <span class='ocrx_word' id='word_1_46' title='bbox 339 939 451 995; x_wconf 90' lang='lat' dir='ltr'><strong>autem</strong></span> <span class='ocrx_word' id='word_1_47' title='bbox 468 921 656 1016; x_wconf 86' lang='lat' dir='ltr'><strong>exemplum</strong></span> <span class='ocrx_word' id='word_1_48' title='bbox 671 921 831 1014; x_wconf 89' lang='lat' dir='ltr'><strong>recipere,</strong></span> <span class='ocrx_word' id='word_1_49' title='bbox 848 921 967 1014; x_wconf 90' lang='lat' dir='ltr'><strong>inquo</strong></span> <span class='ocrx_word' id='word_1_50' title='bbox 986 921 1073 992; x_wconf 90' lang='lat' dir='ltr'><strong>hanc</strong></span> <span class='ocrx_word' id='word_1_51' title='bbox 1086 921 1226 1014; x_wconf 86' lang='lat' dir='ltr'><strong>figuram</strong></span> 
     </span>
     <span class='ocr_line' id='line_1_8' title="bbox 179 1025 1227 1124; baseline -0.004 -22"><span class='ocrx_word' id='word_1_52' title='bbox 179 1031 223 1102; x_wconf 91' lang='lat' dir='ltr'><strong>ad</strong></span> <span class='ocrx_word' id='word_1_53' title='bbox 231 1054 398 1102; x_wconf 87' lang='lat' dir='ltr'><strong>summum</strong></span> <span class='ocrx_word' id='word_1_54' title='bbox 409 1029 603 1122; x_wconf 83' lang='lat' dir='ltr'><strong>perductam</strong></span> <span class='ocrx_word' id='word_1_55' title='bbox 613 1028 769 1112; x_wconf 85' lang='lat' dir='ltr'><strong>invenias,</strong></span> <span class='ocrx_word' id='word_1_56' title='bbox 779 1025 851 1118; x_wconf 89' lang='lat' dir='ltr'><strong>lege</strong></span> <span class='ocrx_word' id='word_1_57' title='bbox 859 1028 1081 1119; x_wconf 86' lang='lat' dir='ltr'><strong>precationem</strong></span> <span class='ocrx_word' id='word_1_58' title='bbox 1091 1051 1227 1124; x_wconf 90' lang='lat' dir='ltr'><strong>sequen·</strong></span> 
     </span>
     <span class='ocr_line' id='line_1_9' title="bbox 178 1133 1226 1231; baseline -0.001 -24"><span class='ocrx_word' id='word_1_59' title='bbox 178 1151 265 1223; x_wconf 88' lang='lat' dir='ltr'><strong>tem,</strong></span> <span class='ocrx_word' id='word_1_60' title='bbox 286 1140 353 1231; x_wconf 79' lang='lat' dir='ltr'><strong>qud</strong></span> <span class='ocrx_word' id='word_1_61' title='bbox 370 1150 501 1206; x_wconf 88' lang='lat' dir='ltr'><strong>sanctus</strong></span> <span class='ocrx_word' id='word_1_62' title='bbox 513 1135 667 1228; x_wconf 81' lang='lat' dir='ltr'><strong>Ephraern</strong></span> <span class='ocrx_word' id='word_1_63' title='bbox 682 1147 829 1210; x_wconf 81' lang='lat' dir='ltr'><strong>sanctam</strong></span> <span class='ocrx_word' id='word_1_64' title='bbox 844 1133 904 1204; x_wconf 89' lang='lat' dir='ltr'><strong>Dei</strong></span> <span class='ocrx_word' id='word_1_65' title='bbox 915 1133 1115 1204; x_wconf 86' lang='lat' dir='ltr'><strong>Genitricem</strong></span> <span class='ocrx_word' id='word_1_66' title='bbox 1131 1136 1226 1206; x_wconf 73' lang='lat' dir='ltr'><strong>solita</strong></span> 
     </span>
     <span class='ocr_line' id='line_1_10' title="bbox 177 1246 473 1342; baseline 0 -28"><span class='ocrx_word' id='word_1_67' title='bbox 177 1246 301 1342; x_wconf 89' lang='lat' dir='ltr'><strong>pietate</strong></span> <span class='ocrx_word' id='word_1_68' title='bbox 315 1247 447 1315; x_wconf 87' lang='lat' dir='ltr'><strong>invocat</strong></span> <span class='ocrx_word' id='word_1_69' title='bbox 464 1273 473 1314; x_wconf 72' lang='grc' dir='ltr'>ι</span> 
     </span>
    </p>

    <p class='ocr_par' dir='ltr' id='par_1_5' title="bbox 165 1347 1269 3252">
     <span class='ocr_line' id='line_1_11' title="bbox 228 1347 1222 1442; baseline 0.002 -26"><span class='ocrx_word' id='word_1_70' title='bbox 228 1380 244 1417; x_wconf 77' lang='lat' dir='ltr'><strong>a</strong></span> <span class='ocrx_word' id='word_1_71' title='bbox 259 1353 398 1422; x_wconf 88' lang='lat' dir='ltr'><strong>Domina</strong></span> <span class='ocrx_word' id='word_1_72' title='bbox 409 1373 493 1436; x_wconf 88' lang='lat' dir='ltr'><strong>mea,</strong></span> <span class='ocrx_word' id='word_1_73' title='bbox 505 1348 704 1420; x_wconf 86' lang='lat' dir='ltr'><strong>sanctissima</strong></span> <span class='ocrx_word' id='word_1_74' title='bbox 714 1347 772 1417; x_wconf 89' lang='lat' dir='ltr'><strong>Dei</strong></span> <span class='ocrx_word' id='word_1_75' title='bbox 782 1348 942 1434; x_wconf 85' lang='lat' dir='ltr'><strong>Genitrix,</strong></span> <span class='ocrx_word' id='word_1_76' title='bbox 956 1363 990 1418; x_wconf 89' lang='lat' dir='ltr'><strong>et</strong></span> <span class='ocrx_word' id='word_1_77' title='bbox 1000 1349 1102 1441; x_wconf 77' lang='lat' dir='ltr'><strong>gratid</strong></span> <span class='ocrx_word' id='word_1_78' title='bbox 1112 1347 1222 1442; x_wconf 92' lang='lat' dir='ltr'><strong>plena,</strong></span> 
     </span>
     <span class='ocr_line' id='line_1_12' title="bbox 177 1455 1225 1548; baseline 0.002 -23"><span class='ocrx_word' id='word_1_79' title='bbox 177 1459 286 1526; x_wconf 83' lang='lat' dir='ltr'><strong>Mater</strong></span> <span class='ocrx_word' id='word_1_80' title='bbox 313 1455 371 1525; x_wconf 91' lang='lat' dir='ltr'><strong>Dei</strong></span> <span class='ocrx_word' id='word_1_81' title='bbox 397 1455 677 1540; x_wconf 85' lang='lat' dir='ltr'><strong>benedictissima,</strong></span> <span class='ocrx_word' id='word_1_82' title='bbox 701 1459 770 1523; x_wconf 88' lang='lat' dir='ltr'><strong>Deo</strong></span> <span class='ocrx_word' id='word_1_83' title='bbox 793 1455 972 1545; x_wconf 88' lang='lat' dir='ltr'><strong>gratissima</strong></span> <span class='ocrx_word' id='word_1_84' title='bbox 995 1456 1150 1548; x_wconf 84' lang='lat' dir='ltr'><strong>Deipara,</strong></span> <span class='ocrx_word' id='word_1_85' title='bbox 1167 1479 1225 1527; x_wconf 87' lang='lat' dir='ltr'><strong>vas</strong></span> 
     </span>
     <span class='ocr_line' id='line_1_13' title="bbox 178 1561 1224 1656; baseline 0.003 -25"><span class='ocrx_word' id='word_1_86' title='bbox 178 1562 357 1634; x_wconf 91' lang='lat' dir='ltr'><strong>divinitatis</strong></span> <span class='ocrx_word' id='word_1_87' title='bbox 385 1564 545 1656; x_wconf 87' lang='lat' dir='ltr'><strong>unigeniti</strong></span> <span class='ocrx_word' id='word_1_88' title='bbox 573 1563 649 1632; x_wconf 89' lang='lat' dir='ltr'><strong>Filii</strong></span> <span class='ocrx_word' id='word_1_89' title='bbox 674 1563 743 1648; x_wconf 88' lang='lat' dir='ltr'><strong>tui,</strong></span> <span class='ocrx_word' id='word_1_90' title='bbox 771 1561 964 1633; x_wconf 90' lang='lat' dir='ltr'><strong>immortalis</strong></span> <span class='ocrx_word' id='word_1_91' title='bbox 991 1577 1025 1632; x_wconf 89' lang='lat' dir='ltr'><strong>et</strong></span> <span class='ocrx_word' id='word_1_92' title='bbox 1052 1562 1224 1634; x_wconf 89' lang='lat' dir='ltr'><strong>invisibilis</strong></span> 
     </span>
     <span class='ocr_line' id='line_1_14' title="bbox 178 1667 1221 1762; baseline 0.001 -24"><span class='ocrx_word' id='word_1_93' title='bbox 178 1671 301 1756; x_wconf 89' lang='lat' dir='ltr'><strong>Patris,</strong></span> <span class='ocrx_word' id='word_1_94' title='bbox 318 1669 410 1740; x_wconf 88' lang='lat' dir='ltr'><strong>sedes</strong></span> <span class='ocrx_word' id='word_1_95' title='bbox 426 1669 610 1762; x_wconf 90' lang='lat' dir='ltr'><strong>iguisormis</strong></span> <span class='ocrx_word' id='word_1_96' title='bbox 625 1667 904 1761; x_wconf 82' lang='lat' dir='ltr'><strong>quadriformibus</strong></span> <span class='ocrx_word' id='word_1_97' title='bbox 918 1668 1019 1761; x_wconf 75' lang='lat' dir='ltr'><strong>longe</strong></span> <span class='ocrx_word' id='word_1_98' title='bbox 1035 1669 1221 1761; x_wconf 78' lang='lat' dir='ltr'><strong>gloriosior,</strong></span> 
     </span>
     <span class='ocr_line' id='line_1_15' title="bbox 175 1774 1220 1870; baseline 0.001 -24"><span class='ocrx_word' id='word_1_99' title='bbox 175 1789 247 1846; x_wconf 92' lang='lat' dir='ltr'><strong>tota</strong></span> <span class='ocrx_word' id='word_1_100' title='bbox 263 1801 358 1869; x_wconf 86' lang='lat' dir='ltr'><strong>pura,</strong></span> <span class='ocrx_word' id='word_1_101' title='bbox 380 1791 450 1847; x_wconf 90' lang='lat' dir='ltr'><strong>tota</strong></span> <span class='ocrx_word' id='word_1_102' title='bbox 466 1774 688 1862; x_wconf 87' lang='lat' dir='ltr'><strong>immaculata,</strong></span> <span class='ocrx_word' id='word_1_103' title='bbox 708 1789 777 1846; x_wconf 89' lang='lat' dir='ltr'><strong>tota</strong></span> <span class='ocrx_word' id='word_1_104' title='bbox 792 1775 936 1861; x_wconf 89' lang='lat' dir='ltr'><strong>illibata,</strong></span> <span class='ocrx_word' id='word_1_105' title='bbox 954 1790 1023 1846; x_wconf 89' lang='lat' dir='ltr'><strong>tota</strong></span> <span class='ocrx_word' id='word_1_106' title='bbox 1034 1776 1220 1870; x_wconf 91' lang='lat' dir='ltr'><strong>impolluta,</strong></span> 
     </span>
     <span class='ocr_line' id='line_1_16' title="bbox 174 1879 1269 1976; baseline 0.003 -25"><span class='ocrx_word' id='word_1_107' title='bbox 174 1895 247 1952; x_wconf 90' lang='lat' dir='ltr'><strong>tota</strong></span> <span class='ocrx_word' id='word_1_108' title='bbox 271 1881 579 1975; x_wconf 87' lang='lat' dir='ltr'><strong>irreprehensibilis,</strong></span> <span class='ocrx_word' id='word_1_109' title='bbox 602 1890 671 1953; x_wconf 84' lang='lat' dir='ltr'><strong>tota</strong></span> <span class='ocrx_word' id='word_1_110' title='bbox 697 1879 892 1969; x_wconf 88' lang='lat' dir='ltr'><strong>laudabilis,</strong></span> <span class='ocrx_word' id='word_1_111' title='bbox 918 1895 988 1952; x_wconf 86' lang='lat' dir='ltr'><strong>tota</strong></span> <span class='ocrx_word' id='word_1_112' title='bbox 1011 1884 1220 1976; x_wconf 88' lang='lat' dir='ltr'><strong>incorrupta,</strong></span> <span class='ocrx_word' id='word_1_113' title='bbox 1262 1914 1269 1919; x_wconf 93' lang='lat'>·</span> 
     </span>
     <span class='ocr_line' id='line_1_17' title="bbox 174 1987 1224 2075; baseline 0.003 -18"><span class='ocrx_word' id='word_1_114' title='bbox 174 2001 246 2058; x_wconf 87' lang='lat' dir='ltr'><strong>tota</strong></span> <span class='ocrx_word' id='word_1_115' title='bbox 259 1989 454 2074; x_wconf 88' lang='lat' dir='ltr'><strong>beatissima,</strong></span> <span class='ocrx_word' id='word_1_116' title='bbox 471 2002 538 2075; x_wconf 90' lang='lat' dir='ltr'><strong>tota</strong></span> <span class='ocrx_word' id='word_1_117' title='bbox 551 1987 718 2074; x_wconf 82' lang='lat' dir='ltr'><strong>inviolata,</strong></span> <span class='ocrx_word' id='word_1_118' title='bbox 735 2002 804 2057; x_wconf 90' lang='lat' dir='ltr'><strong>tota</strong></span> <span class='ocrx_word' id='word_1_119' title='bbox 814 1989 1022 2075; x_wconf 84' lang='lat' dir='ltr'><strong>venerabilis,</strong></span> <span class='ocrx_word' id='word_1_120' title='bbox 1034 2002 1104 2059; x_wconf 87' lang='lat' dir='ltr'><strong>tota</strong></span> <span class='ocrx_word' id='word_1_121' title='bbox 1119 1991 1224 2060; x_wconf 90' lang='lat' dir='ltr'><strong>hono-</strong></span> 
     </span>
     <span class='ocr_line' id='line_1_18' title="bbox 173 2093 1223 2182; baseline 0.002 -18"><span class='ocrx_word' id='word_1_122' title='bbox 173 2093 309 2180; x_wconf 86' lang='lat' dir='ltr'><strong>rabilis,</strong></span> <span class='ocrx_word' id='word_1_123' title='bbox 334 2107 403 2164; x_wconf 86' lang='lat' dir='ltr'><strong>tota</strong></span> <span class='ocrx_word' id='word_1_124' title='bbox 420 2095 614 2180; x_wconf 87' lang='lat' dir='ltr'><strong>benedicta,</strong></span> <span class='ocrx_word' id='word_1_125' title='bbox 634 2107 704 2165; x_wconf 88' lang='lat' dir='ltr'><strong>tota</strong></span> <span class='ocrx_word' id='word_1_126' title='bbox 719 2094 960 2182; x_wconf 92' lang='lat' dir='ltr'><strong>memorabilis,</strong></span> <span class='ocrx_word' id='word_1_127' title='bbox 977 2108 1047 2164; x_wconf 89' lang='lat' dir='ltr'><strong>tota</strong></span> <span class='ocrx_word' id='word_1_128' title='bbox 1061 2095 1223 2166; x_wconf 90' lang='lat' dir='ltr'><strong>desidera·</strong></span> 
     </span>
     <span class='ocr_line' id='line_1_19' title="bbox 172 2201 1220 2296; baseline 0.002 -24"><span class='ocrx_word' id='word_1_129' title='bbox 172 2201 271 2288; x_wconf 87' lang='lat' dir='ltr'><strong>bilis,</strong></span> <span class='ocrx_word' id='word_1_130' title='bbox 294 2203 386 2293; x_wconf 84' lang='lat' dir='ltr'><strong>virgo</strong></span> <span class='ocrx_word' id='word_1_131' title='bbox 401 2202 524 2286; x_wconf 75' lang='lat' dir='ltr'><strong>animat,</strong></span> <span class='ocrx_word' id='word_1_132' title='bbox 542 2217 576 2270; x_wconf 92' lang='lat' dir='ltr'><strong>et</strong></span> <span class='ocrx_word' id='word_1_133' title='bbox 588 2225 724 2295; x_wconf 90' lang='lat' dir='ltr'><strong>corpore</strong></span> <span class='ocrx_word' id='word_1_134' title='bbox 747 2216 780 2272; x_wconf 88' lang='lat' dir='ltr'><strong>et</strong></span> <span class='ocrx_word' id='word_1_135' title='bbox 795 2217 927 2288; x_wconf 91' lang='lat' dir='ltr'><strong>mente,</strong></span> <span class='ocrx_word' id='word_1_136' title='bbox 948 2204 1103 2274; x_wconf 81' lang='lat' dir='ltr'><strong>cathedra</strong></span> <span class='ocrx_word' id='word_1_137' title='bbox 1119 2206 1220 2296; x_wconf 87' lang='lat' dir='ltr'><strong>regis,</strong></span> 
     </span>
     <span class='ocr_line' id='line_1_20' title="bbox 171 2308 1221 2404; baseline 0.003 -26"><span class='ocrx_word' id='word_1_138' title='bbox 171 2310 235 2404; x_wconf 90' lang='lat' dir='ltr'><strong>qui</strong></span> <span class='ocrx_word' id='word_1_139' title='bbox 251 2310 343 2380; x_wconf 88' lang='lat' dir='ltr'><strong>sedet</strong></span> <span class='ocrx_word' id='word_1_140' title='bbox 359 2332 458 2402; x_wconf 87' lang='lat' dir='ltr'><strong>super</strong></span> <span class='ocrx_word' id='word_1_141' title='bbox 471 2308 655 2395; x_wconf 89' lang='lat' dir='ltr'><strong>cherubim,</strong></span> <span class='ocrx_word' id='word_1_142' title='bbox 675 2323 771 2402; x_wconf 91' lang='lat' dir='ltr'><strong>porta</strong></span> <span class='ocrx_word' id='word_1_143' title='bbox 786 2309 945 2395; x_wconf 86' lang='lat' dir='ltr'><strong>ooelestis,</strong></span> <span class='ocrx_word' id='word_1_144' title='bbox 968 2333 1143 2404; x_wconf 90' lang='lat' dir='ltr'><strong>perquam</strong></span> <span class='ocrx_word' id='word_1_145' title='bbox 1162 2335 1221 2381; x_wconf 89' lang='lat' dir='ltr'><strong>nos</strong></span> 
     </span>
     <span class='ocr_line' id='line_1_21' title="bbox 171 2415 1221 2511; baseline 0.002 -25"><span class='ocrx_word' id='word_1_146' title='bbox 171 2420 191 2486; x_wconf 75' lang='lat' dir='ltr'><strong>a</strong></span> <span class='ocrx_word' id='word_1_147' title='bbox 208 2418 298 2486; x_wconf 76' lang='lat' dir='ltr'><strong>terrai</strong></span> <span class='ocrx_word' id='word_1_148' title='bbox 319 2415 361 2486; x_wconf 90' lang='lat' dir='ltr'><strong>ad</strong></span> <span class='ocrx_word' id='word_1_149' title='bbox 372 2415 495 2485; x_wconf 88' lang='lat' dir='ltr'><strong>coelum</strong></span> <span class='ocrx_word' id='word_1_150' title='bbox 518 2415 690 2485; x_wconf 89' lang='lat' dir='ltr'><strong>currimus.</strong></span> <span class='ocrx_word' id='word_1_151' title='bbox 716 2419 839 2509; x_wconf 90' lang='lat' dir='ltr'><strong>Sponsa</strong></span> <span class='ocrx_word' id='word_1_152' title='bbox 865 2417 941 2502; x_wconf 87' lang='lat' dir='ltr'><strong>Dei,</strong></span> <span class='ocrx_word' id='word_1_153' title='bbox 959 2441 1133 2510; x_wconf 90' lang='lat' dir='ltr'><strong>perquam</strong></span> <span class='ocrx_word' id='word_1_154' title='bbox 1159 2419 1221 2511; x_wconf 91' lang='lat' dir='ltr'><strong>ipsi</strong></span> 
     </span>
     <span class='ocr_line' id='line_1_22' title="bbox 170 2522 1221 2617; baseline 0.003 -25"><span class='ocrx_word' id='word_1_155' title='bbox 170 2523 375 2594; x_wconf 87' lang='lat' dir='ltr'><strong>reconciliati</strong></span> <span class='ocrx_word' id='word_1_156' title='bbox 391 2545 515 2608; x_wconf 90' lang='lat' dir='ltr'><strong>sumus,</strong></span> <span class='ocrx_word' id='word_1_157' title='bbox 535 2522 741 2615; x_wconf 88' lang='lat' dir='ltr'><strong>inopinatum</strong></span> <span class='ocrx_word' id='word_1_158' title='bbox 753 2523 966 2609; x_wconf 87' lang='lat' dir='ltr'><strong>miraculum,</strong></span> <span class='ocrx_word' id='word_1_159' title='bbox 985 2524 1221 2617; x_wconf 83' lang='lat' dir='ltr'><strong>inexplicabilis</strong></span> 
     </span>
     <span class='ocr_line' id='line_1_23' title="bbox 169 2627 1220 2717; baseline 0 -16"><span class='ocrx_word' id='word_1_160' title='bbox 169 2628 322 2711; x_wconf 87' lang='lat' dir='ltr'><strong>auditio,</strong></span> <span class='ocrx_word' id='word_1_161' title='bbox 337 2627 521 2698; x_wconf 91' lang='lat' dir='ltr'><strong>absconditi</strong></span> <span class='ocrx_word' id='word_1_162' title='bbox 542 2630 736 2699; x_wconf 89' lang='lat' dir='ltr'><strong>sacramenti</strong></span> <span class='ocrx_word' id='word_1_163' title='bbox 755 2630 858 2699; x_wconf 88' lang='lat' dir='ltr'><strong>divini</strong></span> <span class='ocrx_word' id='word_1_164' title='bbox 873 2630 1108 2717; x_wconf 88' lang='lat' dir='ltr'><strong>manifestatio,</strong></span> <span class='ocrx_word' id='word_1_165' title='bbox 1126 2633 1220 2701; x_wconf 84' lang='lat' dir='ltr'><strong>inex-</strong></span> 
     </span>
     <span class='ocr_line' id='line_1_24' title="bbox 168 2733 1217 2829; baseline 0.002 -25"><span class='ocrx_word' id='word_1_166' title='bbox 168 2733 357 2829; x_wconf 90' lang='lat' dir='ltr'><strong>pugnabile</strong></span> <span class='ocrx_word' id='word_1_167' title='bbox 378 2733 619 2827; x_wconf 89' lang='lat' dir='ltr'><strong>patrocinium,</strong></span> <span class='ocrx_word' id='word_1_168' title='bbox 644 2733 790 2804; x_wconf 89' lang='lat' dir='ltr'><strong>defensio</strong></span> <span class='ocrx_word' id='word_1_169' title='bbox 817 2733 909 2804; x_wconf 89' lang='lat' dir='ltr'><strong>fortis</strong></span> <span class='ocrx_word' id='word_1_170' title='bbox 924 2772 939 2820; x_wconf 92' lang='lat'><strong>,·</strong></span> <span class='ocrx_word' id='word_1_171' title='bbox 959 2734 1033 2804; x_wconf 85' lang='lat' dir='ltr'><strong>fons</strong></span> <span class='ocrx_word' id='word_1_172' title='bbox 1059 2737 1217 2824; x_wconf 85' lang='lat' dir='ltr'><strong>vivificus,</strong></span> 
     </span>
     <span class='ocr_line' id='line_1_25' title="bbox 165 2840 1220 2936; baseline -0.001 -25"><span class='ocrx_word' id='word_1_173' title='bbox 165 2840 311 2936; x_wconf 87' lang='lat' dir='ltr'><strong>pelagus</strong></span> <span class='ocrx_word' id='word_1_174' title='bbox 344 2840 573 2910; x_wconf 85' lang='lat' dir='ltr'><strong>inexhaustum</strong></span> <span class='ocrx_word' id='word_1_175' title='bbox 603 2840 788 2916; x_wconf 90' lang='lat' dir='ltr'><strong>divinarum</strong></span> <span class='ocrx_word' id='word_1_176' title='bbox 825 2854 1090 2934; x_wconf 84' lang='lat' dir='ltr'><strong>secretarumque</strong></span> <span class='ocrx_word' id='word_1_177' title='bbox 1119 2842 1220 2932; x_wconf 89' lang='lat' dir='ltr'><strong>largi·</strong></span> 
     </span>
     <span class='ocr_line' id='line_1_26' title="bbox 167 2945 1219 3040; baseline -0.002 -20"><span class='ocrx_word' id='word_1_178' title='bbox 167 2950 305 3020; x_wconf 89' lang='lat' dir='ltr'><strong>tionum</strong></span> <span class='ocrx_word' id='word_1_179' title='bbox 336 2969 373 3016; x_wconf 91' lang='lat' dir='ltr'><strong>ac</strong></span> <span class='ocrx_word' id='word_1_180' title='bbox 397 2967 591 3028; x_wconf 88' lang='lat' dir='ltr'><strong>munerum,</strong></span> <span class='ocrx_word' id='word_1_181' title='bbox 616 2945 757 3018; x_wconf 83' lang='lat' dir='ltr'><strong>altitudo</strong></span> <span class='ocrx_word' id='word_1_182' title='bbox 778 2947 897 3018; x_wconf 90' lang='lat' dir='ltr'><strong>divinis</strong></span> <span class='ocrx_word' id='word_1_183' title='bbox 923 2949 1139 3040; x_wconf 86' lang='lat' dir='ltr'><strong>potestatibus</strong></span> <span class='ocrx_word' id='word_1_184' title='bbox 1162 2972 1219 3018; x_wconf 90' lang='lat' dir='ltr'><strong>su-</strong></span> 
     </span>
     <span class='ocr_line' id='line_1_27' title="bbox 166 3051 1218 3150; baseline -0.001 -24"><span class='ocrx_word' id='word_1_185' title='bbox 166 3054 324 3140; x_wconf 88' lang='lat' dir='ltr'><strong>blimior,</strong></span> <span class='ocrx_word' id='word_1_186' title='bbox 353 3051 556 3145; x_wconf 81' lang='lat' dir='ltr'><strong>profundum</strong></span> <span class='ocrx_word' id='word_1_187' title='bbox 581 3051 843 3144; x_wconf 85' lang='lat' dir='ltr'><strong>ininvestigabile</strong></span> <span class='ocrx_word' id='word_1_188' title='bbox 874 3056 1105 3126; x_wconf 89' lang='lat' dir='ltr'><strong>absconsarum</strong></span> <span class='ocrx_word' id='word_1_189' title='bbox 1126 3057 1218 3150; x_wconf 87' lang='lat' dir='ltr'><strong>cogi-</strong></span> 
     </span>
     <span class='ocr_line' id='line_1_28' title="bbox 166 3161 1267 3252; baseline 0.001 -21"><span class='ocrx_word' id='word_1_190' title='bbox 166 3162 363 3245; x_wconf 81' lang='lat' dir='ltr'><strong>tationum,</strong></span> <span class='ocrx_word' id='word_1_191' title='bbox 385 3173 511 3228; x_wconf 85' lang='lat' dir='ltr'><strong>naturae</strong></span> <span class='ocrx_word' id='word_1_192' title='bbox 528 3161 713 3229; x_wconf 90' lang='lat' dir='ltr'><strong>communis</strong></span> <span class='ocrx_word' id='word_1_193' title='bbox 740 3161 863 3252; x_wconf 89' lang='lat' dir='ltr'><strong>gloria,</strong></span> <span class='ocrx_word' id='word_1_194' title='bbox 882 3163 1046 3232; x_wconf 92' lang='lat' dir='ltr'><strong>bonorum</strong></span> <span class='ocrx_word' id='word_1_195' title='bbox 1069 3165 1219 3234; x_wconf 90' lang='lat' dir='ltr'><strong>omnium</strong></span> <span class='ocrx_word' id='word_1_196' title='bbox 1264 3227 1267 3232; x_wconf 88' lang='lat'>.</span> 
     </span>
    </p>
   </div>
   <div class='ocr_carea' id='block_1_4' title="bbox 112 3264 1218 3998">
    <p class='ocr_par' dir='ltr' id='par_1_6' title="bbox 166 3264 1218 3360">
     <span class='ocr_line' id='line_1_29' title="bbox 166 3264 1218 3360; baseline 0 -22"><span class='ocrx_word' id='word_1_197' title='bbox 166 3267 339 3358; x_wconf 84' lang='lat' dir='ltr'><strong>erogatio,</strong></span> <span class='ocrx_word' id='word_1_198' title='bbox 354 3264 503 3335; x_wconf 89' lang='lat' dir='ltr'><strong>omnium</strong></span> <span class='ocrx_word' id='word_1_199' title='bbox 518 3279 591 3355; x_wconf 89' lang='lat' dir='ltr'><strong>post</strong></span> <span class='ocrx_word' id='word_1_200' title='bbox 609 3266 799 3334; x_wconf 84' lang='lat' dir='ltr'><strong>Trinitatem</strong></span> <span class='ocrx_word' id='word_1_201' title='bbox 817 3268 973 3354; x_wconf 90' lang='lat' dir='ltr'><strong>Domina,</strong></span> <span class='ocrx_word' id='word_1_202' title='bbox 990 3284 1065 3360; x_wconf 90' lang='lat' dir='ltr'><strong>post</strong></span> <span class='ocrx_word' id='word_1_203' title='bbox 1081 3269 1218 3340; x_wconf 88' lang='lat' dir='ltr'><strong>Paracli·</strong></span> 
     </span>
    </p>

    <p class='ocr_par' dir='ltr' id='par_1_7' title="bbox 166 3359 1217 3462">
     <span class='ocr_line' id='line_1_30' title="bbox 166 3359 1217 3462; baseline 0 -16"><span class='ocrx_word' id='word_1_204' title='bbox 166 3390 247 3446; x_wconf 90' lang='lat' dir='ltr'><strong>turn</strong></span> <span class='ocrx_word' id='word_1_205' title='bbox 264 3373 346 3444; x_wconf 86' lang='lat' dir='ltr'><strong>alius</strong></span> <span class='ocrx_word' id='word_1_206' title='bbox 360 3369 564 3456; x_wconf 87' lang='lat' dir='ltr'><strong>consolator,</strong></span> <span class='ocrx_word' id='word_1_207' title='bbox 580 3385 613 3439; x_wconf 88' lang='lat' dir='ltr'><strong>et</strong></span> <span class='ocrx_word' id='word_1_208' title='bbox 624 3385 698 3462; x_wconf 90' lang='lat' dir='ltr'><strong>post</strong></span> <span class='ocrx_word' id='word_1_209' title='bbox 709 3359 1104 3444; x_wconf 72' lang='lat' dir='ltr'><strong>Mediatorem&#39;mediauix</strong></span> <span class='ocrx_word' id='word_1_210' title='bbox 1117 3378 1217 3448; x_wconf 89' lang='lat' dir='ltr'><strong>totius</strong></span> 
     </span>
    </p>

    <p class='ocr_par' dir='ltr' id='par_1_8' title="bbox 166 3476 1216 3576">
     <span class='ocr_line' id='line_1_31' title="bbox 166 3476 1216 3576; baseline -0.002 -22"><span class='ocrx_word' id='word_1_211' title='bbox 166 3482 311 3564; x_wconf 90' lang='lat' dir='ltr'><strong>mundi,</strong></span> <span class='ocrx_word' id='word_1_212' title='bbox 338 3478 527 3552; x_wconf 90' lang='lat' dir='ltr'><strong>vehiculum</strong></span> <span class='ocrx_word' id='word_1_213' title='bbox 550 3476 766 3569; x_wconf 89' lang='lat' dir='ltr'><strong>intelligibilis</strong></span> <span class='ocrx_word' id='word_1_214' title='bbox 789 3479 885 3566; x_wconf 89' lang='lat' dir='ltr'><strong>solis,</strong></span> <span class='ocrx_word' id='word_1_215' title='bbox 908 3504 994 3568; x_wconf 81' lang='lat' dir='ltr'><strong>yerae</strong></span> <span class='ocrx_word' id='word_1_216' title='bbox 1013 3481 1114 3568; x_wconf 92' lang='lat' dir='ltr'><strong>lucis,</strong></span> <span class='ocrx_word' id='word_1_217' title='bbox 1140 3507 1216 3576; x_wconf 88' lang='lat' dir='ltr'><strong>quae</strong></span> 
     </span>
    </p>

    <p class='ocr_par' dir='ltr' id='par_1_9' title="bbox 112 3587 1213 3676">
     <span class='ocr_line' id='line_1_32' title="bbox 112 3587 1213 3676; baseline 0.003 -16"><span class='ocrx_word' id='word_1_218' title='bbox 112 3673 114 3676; x_wconf 17' lang='lat'>¹</span> <span class='ocrx_word' id='word_1_219' title='bbox 166 3591 340 3660; x_wconf 90' lang='lat' dir='ltr'><strong>illuminat</strong></span> <span class='ocrx_word' id='word_1_220' title='bbox 351 3611 481 3658; x_wconf 90' lang='lat' dir='ltr'><strong>omnem</strong></span> <span class='ocrx_word' id='word_1_221' title='bbox 495 3587 663 3656; x_wconf 85' lang='lat' dir='ltr'><strong>hominem</strong></span> <span class='ocrx_word' id='word_1_222' title='bbox 672 3589 857 3660; x_wconf 89' lang='lat' dir='ltr'><strong>venientem</strong></span> <span class='ocrx_word' id='word_1_223' title='bbox 872 3590 908 3659; x_wconf 91' lang='lat' dir='ltr'><strong>in</strong></span> <span class='ocrx_word' id='word_1_224' title='bbox 923 3591 1014 3661; x_wconf 86' lang='lat' dir='ltr'><strong>huuc</strong></span> <span class='ocrx_word' id='word_1_225' title='bbox 1026 3594 1190 3662; x_wconf 91' lang='lat' dir='ltr'><strong>mundum</strong></span> <span class='ocrx_word' id='word_1_226' title='bbox 1205 3621 1213 3664; x_wconf 91' lang='lat'>:</span> 
     </span>
    </p>

    <p class='ocr_par' dir='ltr' id='par_1_10' title="bbox 165 3696 1213 3794">
     <span class='ocr_line' id='line_1_33' title="bbox 165 3696 1213 3794; baseline 0.003 -26"><span class='ocrx_word' id='word_1_227' title='bbox 165 3698 282 3768; x_wconf 86' lang='lat' dir='ltr'><strong>ferens</strong></span> <span class='ocrx_word' id='word_1_228' title='bbox 301 3697 402 3766; x_wconf 89' lang='lat' dir='ltr'><strong>verbo</strong></span> <span class='ocrx_word' id='word_1_229' title='bbox 427 3696 535 3765; x_wconf 92' lang='lat' dir='ltr'><strong>omnia</strong></span> <span class='ocrx_word' id='word_1_230' title='bbox 559 3707 765 3786; x_wconf 85' lang='lat' dir='ltr'><strong>portantem,</strong></span> <span class='ocrx_word' id='word_1_231' title='bbox 783 3698 880 3767; x_wconf 88' lang='lat' dir='ltr'><strong>vestis</strong></span> <span class='ocrx_word' id='word_1_232' title='bbox 899 3699 1108 3770; x_wconf 85' lang='lat' dir='ltr'><strong>immaculata</strong></span> <span class='ocrx_word' id='word_1_233' title='bbox 1124 3703 1213 3794; x_wconf 83' lang='lat' dir='ltr'><strong>ejus,</strong></span> 
     </span>
    </p>

    <p class='ocr_par' dir='ltr' id='par_1_11' title="bbox 165 3801 1213 3998">
     <span class='ocr_line' id='line_1_34' title="bbox 165 3801 1213 3897; baseline 0.006 -25"><span class='ocrx_word' id='word_1_234' title='bbox 165 3805 231 3897; x_wconf 90' lang='lat' dir='ltr'><strong>qui</strong></span> <span class='ocrx_word' id='word_1_235' title='bbox 247 3803 356 3871; x_wconf 89' lang='lat' dir='ltr'><strong>induit</strong></span> <span class='ocrx_word' id='word_1_236' title='bbox 373 3801 482 3872; x_wconf 89' lang='lat' dir='ltr'><strong>lucem</strong></span> <span class='ocrx_word' id='word_1_237' title='bbox 501 3801 584 3872; x_wconf 87' lang='lat' dir='ltr'><strong>sicut</strong></span> <span class='ocrx_word' id='word_1_238' title='bbox 605 3803 833 3874; x_wconf 90' lang='lat' dir='ltr'><strong>vestimentum</strong></span> <span class='ocrx_word' id='word_1_239' title='bbox 853 3833 861 3874; x_wconf 75' lang='grc' dir='ltr'><strong>ι</strong></span> <span class='ocrx_word' id='word_1_240' title='bbox 881 3827 964 3897; x_wconf 92' lang='lat' dir='ltr'><strong>pons</strong></span> <span class='ocrx_word' id='word_1_241' title='bbox 979 3805 1096 3876; x_wconf 89' lang='lat' dir='ltr'><strong>mundi</strong></span> <span class='ocrx_word' id='word_1_242' title='bbox 1112 3808 1213 3879; x_wconf 89' lang='lat' dir='ltr'><strong>totius</strong></span> 
     </span>
     <span class='ocr_line' id='line_1_35' title="bbox 207 3929 501 3998; baseline -0.003 -18"><span class='ocrx_word' id='word_1_243' title='bbox 207 3941 215 3967; x_wconf 86' lang='lat'><em>¹</em></span> <span class='ocrx_word' id='word_1_244' title='bbox 228 3931 252 3981; x_wconf 88' lang='lat' dir='ltr'><strong>S.</strong></span> <span class='ocrx_word' id='word_1_245' title='bbox 268 3931 343 3998; x_wconf 83' lang='lat' dir='ltr'><strong>Cypr.</strong></span> <span class='ocrx_word' id='word_1_246' title='bbox 357 3929 388 3981; x_wconf 81' lang='lat' dir='ltr'><strong>do</strong></span> <span class='ocrx_word' id='word_1_247' title='bbox 401 3930 501 3982; x_wconf 83' lang='lat' dir='ltr'><strong>Patient.</strong></span> 
     </span>
    </p>
   </div>
   <div class='ocr_carea' id='block_1_5' title="bbox 0 0 1496 4580">
    <p class='ocr_par' dir='ltr' id='par_1_12' title="bbox 0 0 1496 4580">
     <span class='ocr_line' id='line_1_36' title="bbox 0 0 1496 4580; baseline 0 6"><span class='ocrx_word' id='word_1_248' title='bbox 0 0 1496 4580; x_wconf 95' lang='lat' dir='ltr'><strong> </strong></span> 
     </span>
    </p>
   </div>
  </div>
 </body>
</html>
