2982 4584
293 372 358 436 rto
440 383 619 434 annnorum
642 383 668 430 s.
694 381 1019 451 rtrruu,rtns11,
1045 373 1129 434 secr.
1156 395 1181 434 1.

241 531 244 535 .
292 490 418 559 utinam
434 489 503 580 ipse
518 488 681 577 benignus
693 485 833 576 desuper
845 499 878 554 et
894 487 1041 577 placidus
1057 489 1216 580 aspicias,
1234 489 1335 584 atque

225 597 232 604 ’
291 599 380 666 hunc
396 595 557 687 populum
573 595 753 683 gubernes,
777 590 959 684 perlectum
975 593 1129 686 perfectae
1147 597 1333 686 Trinitatis,

291 728 367 798 quae
382 703 417 770 in
434 707 529 771 Patre
539 715 572 770 et
589 701 689 786 Filio,
708 715 741 769 et
759 700 881 792 Spiritu
896 715 1008 770 sancto
1021 701 1218 790 intelligitur
1230 717 1265 772 et
1280 727 1337 774 co·

291 809 388 894 litur,
407 810 631 878 adoratorem:
655 831 796 901 meque,
820 807 980 900 siquidem
1003 833 1053 878 res
1073 824 1198 901 pacatae
1213 801 1337 880 l'ulurae

293 919 376 1001 sint,
390 917 426 984 in
436 917 501 984 vita
517 930 641 1000 teneas,
657 938 853 1008 gregemque
866 939 994 984 mecum
1011 939 1124 1008 pascas
1136 948 1145 1005 3
1159 917 1336 988 sinautem

293 1022 437 1096 Ecclesia
456 1022 550 1091 bellis
568 1024 743 1113 flagratura
764 1037 828 1106 est,
856 1020 1009 1107 reducaS,
1032 1038 1089 1092 aut
1106 1047 1267 1110 assumas,
1286 1040 1336 1094 te*

257 1217 260 1226 x
293 1113 455 1224 citmque,
477 1144 601 1199 etcum
618 1130 668 1198 tul
685 1127 845 1198 similibus
861 1130 1017 1216 colloces,
1035 1132 1164 1199 tametsi
1180 1155 1337 1222 magnum

230 1261 233 1266 ·
293 1239 335 1308 sit
350 1238 442 1330 quod
454 1237 605 1328 postu10,
623 1237 658 1304 in
670 1236 740 1327 ipso
757 1236 887 1304 Christo
901 1236 1041 1304 Domino
1051 1251 1183 1322 nostro,
1202 1239 1257 1306 cui
1271 1262 1338 1307 om·
1378 1253 1384 1257 “

293 1343 477 1434 nis-gloria,
492 1344 610 1428 honor,
629 1357 662 1411 et
674 1344 846 1434 imperium
860 1345 894 1411 in
906 1343 1036 1412 saecula.
1053 1349 1159 1416 nmen
1170 1347 1193 1412 ¹.
1214 1373 1230 1410 u

338 1450 433 1546 Adsit
458 1449 556 1518 etiam
575 1448 631 1518 illa
659 1449 807 1541 ejusdem
831 1449 873 1518 de
894 1449 991 1520 beato
1014 1451 1181 1542 Cypriano
1206 1449 1338 1542 elegans

295 1553 518 1628 Peroratio:'

349 1664 509 1745 «Habes,
531 1663 589 1731 Vir
609 1661 719 1730 divine
744 1676 777 1730 et
800 1675 1021 1746 sacrosancte,
1047 1685 1195 1732 meorum
1214 1687 1339 1733 sermo-

159 1811 166 1828 ·
294 1793 375 1838 num
393 1769 562 1860 primitias.
572 1769 679 1838 Habes
695 1768 766 1836 tirm
779 1767 951 1854 doctrinae,
965 1768 1035 1838 tirm
1055 1770 1242 1838 certaminis
1257 1795 1341 1862 prae·

294 1877 396 1946 mium
409 1908 419 1964 3
431 1901 499 1945 non
514 1876 863 1968 olivamOlympicam,
879 1901 940 1946 nec
958 1901 1065 1969 poma,
1084 1877 1258 1969 Delphicas
1273 1903 1339 1946 nu-

244 1997 249 2002 '
295 2008 369 2074 gas,
388 1999 445 2052 aut
460 1985 649 2059 lstlrmicam
667 1985 796 2073 pinum,
812 1997 870 2052 aut
887 1989 1055 2054 Nemaeum
1074 1985 1197 2077 apium,
1216 1987 1339 2078 quibus

292 2091 404 2160 miseri
422 2090 644 2158 adolescentes
660 2089 738 2158 olim
761 2091 984 2179 ornabantur,
1002 2092 1116 2160 verbm
1133 2093 1336 2176 orationem,

292 2199 362 2292 qud
374 2197 455 2265 nihil
470 2197 621 2290 estquod
640 2197 731 2265 verbi
745 2197 927 2267 cultoribus
943 2201 1044 2289 magis
1058 2185 1251 2288 conveniat,
1264 2225 1338 2293 quae

294 2307 320 2374 si
330 2303 547 2376 certaminum
562 2320 696 2374 tuorum
710 2304 935 2398 doctrinaeque
947 2307 1101 2376 meritum
1113 2323 1259 2378 assecuta
1274 2322 1334 2392 est,

288 2415 404 2484 ,Verbo
419 2414 454 2482 id
466 2429 637 2504 acceptum
653 2413 736 2480 fero.
755 2418 799 2502 At
814 2426 851 2480 tu
867 2437 925 2481 nos
941 2415 959 2482 ὲ
975 2415 1061 2483 coelo
1078 2415 1240 2504 benignus
1255 2417 1339 2506 aspi·

294 2519 380 2601 cias,
401 2541 632 2609 sermonesque
652 2531 780 2587 nostros
805 2532 844 2586 et·
862 2519 961 2586 vitam
988 2522 1167 2610 gubernes,
1190 2545 1337 2590 sacrum·

217 2701 220 2712 ἱ
295 2645 360 2715 que
376 2623 465 2689 hunc
478 2642 610 2712 gregem
626 2645 753 2712 pascas,
772 2636 828 2690 aut
843 2638 1030 2714 pascentem
1047 2627 1199 2718 adjuves,
1218 2625 1291 2696 tiam
1303 2628 1337 2696 in

288 2729 418 2816 ,caeteris
436 2727 553 2811 rebus,
576 2727 688 2820 quoad
711 2731 781 2820 ejus
808 2729 878 2796 fieri
897 2730 1032 2819 poterit,
1061 2733 1197 2800 eumad
1213 2733 1336 2822 optima

293 2859 436 2928 quaeque
457 2835 619 2926 dirigens,
642 2833 714 2902 tirm
731 2856 843 2924 graves
859 2832 971 2926 lupos,
991 2835 1193 2924 syllabarum
1210 2850 1244 2905 et
1267 2861 1336 2905 ver·

245 2957 250 2966 '
292 2941 411 3010 borum
440 2954 623 3032 captatores
653 2938 832 3029 amoliens3
859 2939 1045 3034 sanctaeque
1072 2941 1255 3028 TrinitatiS,
1283 2945 1335 3013 cui

237 3123 238 3126 Ἴ
293 3070 383 3115 nunc
406 3061 509 3130 astas,
536 3044 718 3136 pleniorem
745 3045 982 3138 clarioremque
1008 3045 1218 3138 splendorem
1241 3048 1334 3116 nobis

293 3151 490 3236 concilians,
512 3173 611 3243 quam
624 3147 821 3236 adoramus,
839 3175 938 3243 quam
955 3151 1179 3238 celebramus,
1194 3177 1255 3244 pro
1270 3157 1334 3248 qud

204 3280 206 3283 ’
292 3259 360 3326 und
376 3256 575 3342 militamus,
600 3257 635 3324 in
662 3256 746 3326 Filio
767 3262 916 3344 Patrem,
942 3260 977 3328 in
1005 3259 1129 3351 Spiritu
1152 3275 1266 3330 saneto
1283 3261 1335 3330 Fi·

263 3411 265 3417 -
291 3362 375 3432 lium
394 3364 586 3448 adorantes,
611 3364 665 3432 cui
681 3364 811 3431 utinam
824 3363 921 3430 etiam
938 3349 1011 3454 post
1026 3359 1214 3434 confectum
1236 3368 1332 3459 hujus

256 3515 260 3522 ·
291 3471 367 3541 vitae
383 3468 582 3540 curriculum
600 3469 684 3559 puri,
696 3483 729 3536 et
744 3471 786 3542 ab
802 3470 892 3536 omni
905 3469 1106 3540 offendiculo
1121 3471 1230 3558 liberi,
1245 3490 1333 3543 aste-

237 3623 246 3638 .
291 3599 386 3660 mus,
409 3577 512 3667 edque
532 3574 677 3666 perfecte
694 3571 865 3662 fruamur,
884 3576 919 3644 in
939 3576 1010 3668 ipso
1037 3578 1168 3648 Christo
1192 3582 1331 3650 Domino

291 3696 424 3767 nostro,
443 3681 497 3750 cui
512 3681 618 3750 omnis
638 3679 757 3770 gloria,
777 3681 904 3768 honor,
922 3696 955 3751 et
968 3683 1145 3778 imperium
1160 3685 1196 3754 in
1211 3687 1331 3756 saecula

290 3789 497 3858 saeculorum.
516 3791 653 3858 nmene.
674 3813 690 3851 »
1184 3790 1187 3796 '
1337 3796 1342 3805 “

322 3926 332 3971 ,¹
345 3919 369 3967 S.
379 3919 478 3982 Gregor.
496 3915 580 3967 Theol.
594 3918 661 3966 Orat.
676 3929 726 3982 xxa,
740 3929 764 3965 n.
775 3914 824 3980 37.
840 3938 872 3952 ··
886 3923 897 3955 ³
911 3915 946 3968 ld·
959 3918 1023 3970 Orat
1035 3935 1102 3986 xxrt,
1113 3936 1138 3972 n.
1155 3937 1199 3988 19.
