2992 4590
325 464 386 526 198
473 479 652 526 unnromot
676 475 701 524 s.
727 475 880 541 iterun,
906 475 982 524 tuns
1004 475 1050 538 rr,
1075 473 1161 522 stou·
1178 481 1202 522 r.

321 598 421 675 atque
446 582 591 650 exercitu
616 573 874 670 Hierosolymam
902 579 1053 648 cinxisset
1075 582 1105 664 ¹,
1134 579 1303 672 impiaque
1329 587 1361 649 et

319 687 554 758 contumeliosa
574 687 690 770 verba,
715 685 787 754 turn
809 681 961 754 adversus
973 703 1084 776 regem
1096 735 1106 770 ,
1119 684 1192 752 turn
1207 682 1360 754 adversus

319 800 426 865 Deum
452 795 560 886 ipsum
588 793 705 861 acerbe
727 791 933 884 projecisset,
958 789 1095 884 perinde
1119 787 1242 886 seilicet
1263 805 1360 883 atque

319 901 388 988 ille,
406 898 570 994 quidquid
584 898 767 984 moliretur,
784 899 902 966 urbem
918 912 1029 967 tamen
1043 907 1082 966 ert
1093 897 1196 989 ipsius
1209 899 1359 967 monibus

319 1033 357 1080 ac
372 1007 699 1101 potentis-extrahere
719 1020 818 1098 atque
833 1029 1024 1078 conservare
1039 1005 1175 1074 mininie
1185 1020 1312 1098 posset,
1326 1007 1360 1076 iu

318 1115 479 1207 templum
495 1137 529 1183 se
540 1113 697 1198 contidit,
714 1124 871 1206 vesteque
885 1113 1041 1198 laoerats,
1060 1113 1245 1204 magnlque
1256 1112 1360 1202 laery-

317 1243 446 1292 marum
462 1221 494 1288 vi
509 1218 659 1312 profuse,
678 1219 895 1312 manibusque
905 1220 941 1287 in
956 1217 1079 1288 coelum
1095 1219 1255 1304 extensis,
1273 1218 1361 1288 hlas-
1472 1308 1473 1311 Ἴ

318 1327 459 1421 phemiae
476 1325 698 1396 Sennacherib
712 1329 817 1394 Deum
827 1338 946 1393 testem
963 1321 1111 1410 vocavit,
1128 1338 1229 1416 utque
1249 1339 1288 1393 ut
1302 1347 1359 1394 su-

317 1423 493 1528 perborum
505 1431 595 1500 illius
606 1433 771 1500 minarum
786 1421 906 1501 vindex
918 1446 1011 1516 esset,
1023 1431 1075 1500 his
1090 1431 1198 1502 verbis
1208 1433 1357 1522 rogavit:

323 1539 366 1614 V
364 1532 478 1625 idisti
502 1537 681 1624 Domine,
703 1551 790 1628 quot
801 1536 969 1631 probra
954 1563 991 1606 ιη
1008 1552 1041 1606 te
1061 1535 1216 1608 Israelis
1239 1537 1360 1608 Deum
1473 1563 1474 1584 ι

319 1645 828 1740 a'lzenigenoisteoonjeeerrsst
839 1641 1357 1731 ιιιὶίιζιτι)1)οιιιι“ηθ,ηειὶἰεαι1.

316 1756 384 1822 Neo
399 1753 478 1821 verb
500 1751 658 1842 petitione
677 1753 736 1818 sut
752 1749 851 1820 falsus
870 1770 908 1818 ao
924 1748 1057 1818 delusus
1073 1764 1132 1818 est.
1154 1753 1239 1820 N'am
1260 1751 1360 1842 ipsius

316 1857 374 1928 itte
394 1859 454 1927 Dei
477 1852 598 1941 hostis,
622 1876 712 1926 suam
733 1857 801 1948 ipse
823 1855 981 1924 insaniam
1005 1853 1217 1976 lusoremque
1236 1860 1307 1949 ipss
1325 1881 1360 1927 re
1473 1867 1474 1888 ¹

314 1966 485 2058 persensit,
499 1963 694 2057 infestisque
714 1965 902 2032 robustum
918 1963 984 2032 suis
997 1963 1093 2032 minis
1108 1963 1317 2050 discesssit,
1307 1989 1360 2036 m-

315 2071 451 2142 visibitis
468 2071 639 2164 cujusdem
656 2071 785 2139 virtutis
801 2071 973 2174 repentino
986 2071 1132 2162 impetu,
1152 2073 1359 2166 maximaque

316 2173 475 2246 exercitiis
494 2191 587 2270 parte
603 2176 799 2261 mulctatus,
821 2191 921 2268 utque
936 2176 980 2246 ob
1001 2178 1127 2246 tristem
1148 2192 1182 2246 et
1201 2179 1358 2248 acerbum
1469 2184 1470 2190 ’

317 2281 472 2354 nuntium
504 2284 623 2392 pedem
652 2281 772 2350 referre
798 2295 951 2368 coaetus,
984 2283 1190 2353 obsidionem
1220 2308 1359 2378 spesque

316 2412 391 2460 suos
414 2389 593 2480 inopinath
597 2382 808 2458 solventem.
836 2393 915 2458 llaeo
946 2390 1101 2492 Ezechias
1126 2389 1182 2458 ille
1199 2394 1359 2488 ,magna
1473 2457 1474 2476 ,

316 2494 438 2586 alioqui
459 2495 604 2584 'potentie
620 2495 762 2583 cinctus,
776 2493 877 2562 ille
840 2517 1021 2588 „1nqusm
1039 2519 1095 2564 rer
1110 2519 1240 2587 uugnae
1261 2501 1385 2570 Jeru-,
1473 2495 1474 2556 1

315 2601 432 2686 salem,
454 2603 512 2695 qui
530 2602 663 2670 suismet
679 2603 812 2694 quoque
835 2601 969 2672 fortasse
992 2605 1116 2672 viribus
1133 2605 1262 2674 hostem
1278 2609 1358 2698 pro'-

316 2709 473 2802 pulsalsset
488 2731 526 2777 ae
541 2707 747 2800 propulisset.
766 2711 832 2778 Nos
844 2723 967 2795 autern,
981 2711 1101 2803 quihus
1116 2713 1218 2797 aima,
1237 2725 1271 2780 et
1285 2736 1359 2781 mu·

313 2837 384 2899 rus,
404 2815 639 2908 et'proesidium
657 2831 756 2908 atque
775 2815 923 2886 defensio
938 2841 1004 2885 una
1022 2832 1070 2886 est
1085 2841 1161 2910 spes
1173 2818 1209 2886 in
1232 2823 1355 2908 Deum,
1424 2877 1428 2890 .

271 2983 274 2988 .
293 2925 430 3017 utpote
440 2925 530 2993 omni
546 2925 692 2992 humano
703 2922 849 2992 subsidio
866 2923 997 3015 prorsus
1013 2922 1174 2992 destitutis
1186 2939 1221 2993 et
1229 2927 1355 3012 accisis,

294 3035 414 3125 'quern
434 3029 567 3098 tandem
588 3027 688 3096 ulium
707 3042 764 3098 aut
786 3050 921 3121 precum
945 3031 1145 3117 auditorem,
1168 3045 1227 3100 aut
1247 3033 1357 3102 mina-

312 3153 387 3206 rum
399 3135 606 3226 depulsorem
616 3135 761 3203 habituri
773 3149 912 3219 eremus,
923 3139 1023 3228 quem
1032 3136 1164 3225 Deum,
1179 3139 1244 3228 qui
1249 3139 1359 3232 ‚jurat

312 3243 442 3316 tontrci
457 3239 665 3334 superbiam
678 3241 798 3312 Jacob
816 3237 857 3309 ³?
871 3245 900 3312 Ο
915 3241 1121 3315 incredibiles
1133 3247 1354 3316 narrationes!

311 3353 333 3422 ὁ
356 3367 467 3420 rerum
494 3371 550 3440 spe
575 3358 809 3441 conceptarum
844 3349 1079 3418 temeritatem!
1111 3352 1351 3440 Daemonibm,

310 3461 412 3528 instar
440 3456 610 3551 eujusdam
635 3454 718 3526 'nlius
740 3456 902 3538 victimae,
924 3457 1071 3545 promissi
1096 3456 1264 3528 lueremus
1291 3483 1357 3529 :ae

308 3587 426 3655 magua
441 3557 496 3633 illa
512 3564 571 3633 Dei
589 3561 778 3646 haereditas,
796 3561 896 3630 Gens
912 3558 975 3628 illa
990 3561 1135 3648 saneta,
1151 3563 1279 3658 regale
1293 3589 1355 3634 sa-

307 3669 556 3754 cerdotium,
582 3669 679 3738 unius
706 3667 775 3760 spei
799 3669 992 3760 proemium,
1021 3684 1121 3762 utque
1145 3671 1245 3739 unius
1270 3667 1353 3802 belli

288 3779 417 3871 ⁴pulmo
433 3775 511 3845 facti
523 3793 663 3843 eremus

330 3921 457 3988 ’191119
479 3936 546 3984 xum,
565 3926 575 3970 t
600 3925 626 3970 et
637 3935 752 3986 seqq
765 3919 843 3970 ²Isai.
858 3930 951 3982 xxxin,
969 3935 1054 3986 17.-
1023 3919 1180 3972 -3nmos
1202 3937 1247 3972 rru
1255 3931 1301 3987 ,.7
1317 3945 1353 3958 -

307 4005 428 4057 erets
441 4025 471 4069 ιι,
485 4024 510 4071 9.
