2996 4598
188 457 192 466 ·
294 429 350 497 64·
442 443 622 494 uunrorucl
643 443 670 490 ε.
698 443 849 506 struunt,
871 439 947 491 rsus
970 441 1126 506 ergeuen.
1149 446 1173 488 1.

293 547 429 633 adsunt,
446 561 481 616 et
496 544 672 639 spiritualis
683 545 781 638 hujus
794 544 973 632 doctrinae,
992 557 1025 612 et
1041 540 1215 613 horrendae
1232 555 1334 636 atque

292 653 445 724 terribilis
476 673 597 722 mensae
623 664 701 721 sunt
730 651 925 744 participes,
959 663 1046 722 totos
1076 649 1207 718 diesin
1237 668 1333 742 spec-

291 757 399 840 tandis
409 759 497 830 ludis
507 759 712 853 equestribus
727 757 885 850 perdere,
900 771 933 830 et
948 756 1086 852 proinde
1103 771 1202 850 atque
1218 757 1245 829 si
1265 780 1337 830 uon

292 866 506 953 doceremus,
524 868 592 936 um
604 864 688 934 nihil
703 865 861 957 proficere
878 868 903 934 1.
923 893 940 931 n

336 979 415 1046 llaec
427 972 543 1044 eadem
559 973 731 1042 confirmat
754 974 786 1042 S.
803 971 1008 1063 Augustinus
1021 973 1150 1065 paucis,
1168 971 1226 1043 sod
1241 970 1336 1042 claris

291 1080 420 1166 verbis,
433 1078 579 1150 scribens
598 1107 605 1148 r
633 1105 648 1143 n
665 1081 710 1148 Et
724 1077 862 1150 verbum
883 1067 958 1163 Dei,
975 1078 1067 1172 quod
1078 1076 1226 1172 quotidie
1240 1079 1337 1148 nobis

290 1186 399 1266 verbis
419 1184 579 1278 aperitur,
598 1197 632 1254 et
648 1183 794 1278 quodam
815 1182 1096 1278 modosraugitur
1113 1237 1123 1272 ,
1140 1185 1233 1278 panis
1248 1210 1337 1278 quoa

292 1291 435 1363 tidianus
456 1303 516 1363 est.
535 1294 580 1361 Et
590 1287 762 1383 quomodb
777 1288 873 1360 illum
884 1313 1005 1382 panem
1016 1305 1158 1378 ventres,
1176 1293 1221 1362 sic
1236 1293 1338 1362 istum

291 1399 440 1468 esuriunt
455 1394 615 1466 mentesl.
633 1395 815 1478 u-Quod
832 1396 877 1464 ira
887 1395 964 1466 alibi
978 1397 1091 1486 iterat,
1103 1396 1216 1468 dicens
1235 1425 1243 1470 :
1263 1425 1280 1464 u
1292 1402 1338 1468 Et
1446 1449 1451 1462 .

292 1505 431 1576 verbum
458 1503 514 1574 uei
537 1500 630 1595 quod
652 1501 800 1595 quotidie
819 1501 1055 1594 praedicamus,
1071 1505 1164 1598 punis
1180 1518 1228 1574 est
1239 1537 1254 1604 3·
1267 1529 1337 1576 non

292 1611 542 1704 euimquianon
551 1609 838 1702 estpanisventris,
849 1608 999 1680 idebnon
1007 1625 1056 1680 est
1064 1613 1156 1704 panis
1164 1611 1333 1682 mentish»

337 1721 378 1784 V.
403 1715 546 1786 Maxime
573 1716 651 1785 verb
681 1708 939 1807 quadragesimae
964 1731 998 1790 et
1023 1717 1181 1809 paschalis
1206 1717 1337 1787 hebdo-

292 1824 401 1894 nadae
413 1837 560 1914 ternpore
572 1821 791 1898 crebrioribus
803 1821 996 1910 insistebant
1008 1823 1226 1909 sermonibus,
1242 1826 1337 1916 cujus

291 1929 518 2002 vetustissimae
542 1926 788 1998 consuetudinis
813 1929 868 1999 bic
889 1926 1012 2004 indicio
1036 1943 1085 1998 est
1110 1931 1337 2018 chrysostomi

287 2035 407 2110 locus:
400 2038 565 2126 «Neque
580 2035 669 2102 enim
683 2035 747 2102 hoc
758 2034 866 2102 solum
881 2035 1058 2130 quaeritur,
1081 2035 1277 2120 charissimi,
1296 2049 1338 2106 ut
1376 2095 1379 2099 .
1411 2117 1417 2126 Χ

177 2167 179 2170 ·
260 2223 262 2230 Ι
290 2141 358 2212 binc
373 2139 523 2232 quotidie
550 2139 766 2224 conveniatis,
787 2153 820 2208 et
846 2137 888 2208 de
907 2141 1023 2212 iisdem
1037 2142 1196 2212 contiuub
1218 2141 1336 2212 audia-

289 2250 377 2332 utus,
396 2259 430 2317 et
445 2269 503 2337 per
518 2259 623 2316 totam
635 2235 968 2338 quadragesimam
924 2269 1151 2340 jejunemus,
1163 2248 1224 2318 nisr
1216 2248 1336 2318 aflec-

287 2351 1336 2445 tionibusquaeinnobisnascuntur,superioresfuerimrrs31icbt

291 2459 439 2554 quotidie
463 2459 517 2528 hic
540 2459 791 2544 conveniamus,
817 2472 851 2528 et
871 2457 1102 2553 frequentibus
1120 2462 1336 2533 concionibus

290 2564 913 2658 atquedoctrinatantainstituamns,..
926 2566 1338 2659 qualiserituobisvenia?

292 2671 399 2766 quabs
409 2669 735 2742 defens10⁴in-Et
751 2672 849 2744 alibi:
842 2669 1098 2766 ·uVidensego,
1110 2678 1171 2761 ait,
1189 2675 1337 2746 dilectis-

291 2781 376 2865 simi,
406 2777 545 2850 alacrem
572 2791 605 2847 et
631 2779 861 2871 quotidianum
886 2793 1031 2851 vestrum
1051 2781 1087 2848 in
1116 2782 1181 2850 hoc
1210 2781 1337 2874 templo

292 2900 508 2986 conventum,
521 2907 675 2976 magnam
683 2885 1048 2978 percipiovoluptatem‚
1061 2885 1256 2958 etclementi
1264 2893 1337 2959 Deo

293 2995 432 3086 gloriam
446 2993 489 3062 de
501 2992 654 3084 profectu
666 3007 774 3062 vestro
783 2991 946 3064 referendi
957 2995 1059 3072 finem
1070 3017 1141 3068 non
1148 2993 1337 3064 hotot».-

293 3105 342 3170 De
360 3100 431 3190 ipso
448 3111 559 3166 autem
574 3097 827 3189 quadragesimae
842 3112 989 3191 tempore
1007 3099 1157 3170 locutum
1175 3101 1239 3171 hoc
1260 3101 1336 3173 loco

293 3207 586 3293 Chrysostomum,
604 3227 643 3272 ex
656 3203 699 3294 iis·
717 3228 792 3296 quae
821 3205 883 3274 sub
903 3205 1050 3299 ejusdem
1065 3207 1209 3276 homiliae
1231 3209 1336 3278 linem

289 3312 460 3396 ,hahentur
480 3311 591 3401 aperte
607 3308 772 3400 colligitur
790 3339 798 3379 ι
819 3339 836 3376 «
854 3316 924 3402 Age
940 3312 1147 3382 obsecramus
1162 3338 1239 3400 vos,
1254 3327 1294 3384 ut
1308 3317 1337 3384 si

294 3441 353 3511 per
377 3417 469 3512 quod
497 3415 606 3502 aliud,
635 3416 775 3484 maxime
800 3441 858 3510 per
882 3419 999 3511 jejunii
1025 3434 1155 3512 tempus
1177 3443 1338 3512 maguam

290 3525 380 3612 ,bend
401 3523 533 3594 vivendi
549 3546 663 3592 curam
686 3524 820 3613 geratis,
844 3547 905 3594 nec
924 3526 982 3594 sut
1001 3526 1094 3596 vobis
1114 3551 1221 3600 sermo
1240 3525 1337 3600 sasti-

294 3636 422 3721 diosus,
441 3635 468 3704 si
482 3631 631 3726 quotidie
647 3630 689 3700 de
704 3630 820 3700 iisdem
834 3632 1011 3726 loquamur
1026 3637 1052 3701 ⁶.
1073 3660 1088 3698 n

290 3806 296 3824 ²
328 3818 338 3848 ¹
355 3787 379 3859 S.
394 3808 477 3874 Chrys.
488 3807 512 3857 in
525 3809 612 3858 (lenes.
624 3805 712 3856 Homil.
723 3809 771 3867 rn'r,
785 3822 809 3855 u.
831 3823 852 3855 1.
868 3831 900 3842 —
914 3815 925 3841 ²
938 3803 963 3856 S.
982 3809 1078 3873 August.
1090 3801 1168 3859 Serui}
1187 3826 1257 3872 uvru,
1268 3827 1293 3859 n.
1308 3807 1334 3860 5.

288 3918 324 3952 ,ψ
344 3890 494 3950 llil-serm
507 3907 601 3954 nrx,u.
619 3887 754 3942 6.-ts.
769 3890 851 3954 Chrys.
865 3889 889 3940 in
901 3893 988 3942 Geren.
1001 3893 1090 3944 llomil.
1104 3897 1176 3959 trun.
1192 3891 1334 3946 3.-⁵rd.

214 3985 216 3989 '
292 3969 918 4040 iuuenes.rt0nit.1v‚n.1.-⁶1d.ibid.n.6.
998 3999 1023 4016 ι’
1309 4007 1319 4013 -
