2982 4584
154 458 157 464 ,
247 439 348 486 carun
372 441 418 484 vr.
443 440 486 484 oe
508 437 664 484 nanneno
687 434 723 481 tn
740 409 948 481 concronmus
963 428 1130 477 anatome.
1155 411 1219 477 ast

143 583 145 590 ι
180 537 423 626 imbecillitate,
442 535 532 612 Non
556 555 638 622 nos,
664 531 826 604 sed-Dei·
846 534 973 628 gratia
989 529 1219 618 nobiscnm¹,

179 647 240 740 qui
253 668 314 738 pro
328 645 466 738 perditis
480 667 518 714 ac
534 641 713 734 desperatis
730 639 958 724 habebamur,
968 637 1129 731 implevit.
1154 639 1223 708 Va-

179 754 265 840 lere,
283 751 452 845 Apostoli,
470 749 626 842 praeclara
650 747 796 834 colonia,
815 743 1001 816 certaminis
1015 745 1080 814 mei
1099 745 1222 837 magis-

179 862 234 945 tri,
252 859 311 930 etsi
321 859 436 948 minus
447 858 532 948 saepe
544 855 627 926 festa
641 859 747 926 vestra
763 853 943 941 celebravi,
955 853 1093 923 sortasse
1108 851 1225 923 Pauli
1335 907 1336 914 .

80 961 83 966 “
179 967 292 1036 vestri
304 967 503 1034 satanam²
515 963 558 1031 ad
569 960 744 1032 utilitatem
755 984 862 1032 meam
877 962 913 1030 in
932 983 1069 1053 corpore
1084 961 1224 1029 circum·

179 1071 299 1157 ferens,
318 1071 362 1140 ob
384 1091 484 1162 quem
504 1092 593 1138 nuuc
613 1069 740 1140 ivohis
755 1067 909 1138 abscedo.
930 1067 1024 1155 Vale,
1039 1067 1221 1155 cathedra,

178 1178 379 1248 invidiosum
406 1177 470 1245 hoc
485 1191 533 1246 vet
561 1175 780 1268 periculosum
810 1173 998 1267 fastigium,
1026 1175 1223 1267 pontificum

179 1283 376 1369 concilium,
394 1281 601 1358 sacerdotum
615 1305 683 1353 non
698 1283 807 1352 minias
826 1284 995 1376 majestate
1010 1283 1110 1376 quam
1126 1294 1223 1351 aetate

180 1405 353 1476 ornatum,
377 1404 410 1460 et
435 1380 636 1484 quicumque
656 1389 790 1461 tandem
810 1389 865 1458 alii
885 1391 970 1460 circli
985 1403 1223 1460 sacrosanctam

180 1521 327 1569 mensam
336 1503 404 1567 Deo
411 1499 610 1583 ministratis,
622 1511 721 1590 atque
733 1497 775 1566 ad
787 1499 1106 1591 appropinquantem
1117 1501 1223 1566 Deum

181 1604 459 1697 appropinquatis.
480 1603 610 1689 Valere,
634 1605 863 1675 Nazaracorom
888 1603 1000 1690 chori,
1022 1601 1224 1696 psalmodia·

127 1739 129 1748 .
180 1701 259 1780 rum*
271 1723 467 1796 consentes,
486 1717 658 1780 nocturnae
673 1711 841 1796 stationes,
859 1711 1024 1800 virginum
1046 1709 1224 1778 sanctimo-

178 1818 252 1903 nia,
270 1817 446 1891 mulierum
461 1817 633 1902 modestia,
660 1817 835 1887 viduarum
854 1829 887 1884 et
908 1809 1131 1907 orphanorum
1155 1840 1224 1886 coe-

179 1938 245 2006 tus,
263 1946 447 2016 pauperum
463 1921 571 2008 oculi,
589 1924 625 1992 in
641 1926 745 1993 Deuni
774 1935 808 1990 et
834 1922 867 1992 in
884 1945 945 1993 nos
959 1924 1136 1992 intuentes.
1155 1926 1224 1992 Va-

179 2031 257 2116 lere,
275 2029 393 2100 domus
404 2029 593 2122 hospitales,
607 2043 640 2098 et
652 2029 944 2114 Christiamantos,
959 2029 1224 2122 infirmitatisque

178 2160 262 2206 meae
277 2137 461 2230 adjutrices.
480 2136 612 2223 Valcte,
630 2157 819 2206 sermonum
834 2157 984 2206 meorum
1001 2149 1172 2222 amatores,
1190 2149 1224 2206 et

181 2266 315 2330 cursus,
333 2258 366 2312 et
392 2242 641 2328 concursiones,
664 2257 697 2311 et
718 2242 815 2331 styli,
838 2244 906 2311 tam
922 2243 1102 2335 perspicui,
1122 2243 1224 2335 quam
1247 2259 1249 2262 ·

181 2349 315 2436 occulti,
329 2364 428 2456 atque
440 2347 538 2442 hujus
554 2348 699 2440 suggesti
711 2347 860 2434 cancelli,
875 2352 899 2444 a·
909 2349 1122 2418 multitudine
1134 2345 1226 2419 coin-

181 2459 284 2551 pressi
298 2458 473 2528 hominum
498 2455 654 2526 audiendi
676 2455 786 2526 studio
808 2479 877 2525 sese
897 2459 1014 2526 mutuo
1030 2455 1228 2549 protruden·
1331 2517 1333 2524 .

146 2655 148 2658 Ι
182 2567 277 2634 tium.
295 2563 422 2652 Valete,
440 2565 673 2656 imperatores,
687 2576 722 2644 et
731 2562 871 2656 palatia,
887 2587 1066 2658 omnesque
1080 2564 1225 2656 impera·

183 2672 262 2747 toris
275 2659 655 2758 famolietcubicularii
676 2693 684 2731 ε
708 2669 869 2760 siquidem
886 2669 1076 2760 imperatori
1092 2669 1223 2756 fideleS,

184 2774 442 2867 haudquaquam
458 2787 582 2843 certum
596 2764 718 2860 haheo,
735 2777 804 2842 Deo
820 2787 930 2842 autem
945 2777 1064 2864 magni
1080 2766 1228 2866 exparte

185 2879 290 2950 infidi.
314 2880 467 2950 Manibus
488 2878 663 2972 plaudite,
680 2877 775 2948 acute
791 2877 950 2966 clamate,
968 2880 1132 2948 rhetorem
1152 2903 1227 2950 ves-

131 3019 137 3032 .
185 3002 275 3056 trum
295 2987 329 3054 in
354 2985 495 3055 sublime
512 2985 628 3055 tollite.
653 2984 749 3056 Siluit
769 2985 863 3056 vobis
883 2986 1034 3079 improba
1054 2999 1088 3054 ct
1107 2985 1228 3080 loquax

185 3094 317 3183 lingua;
339 3115 401 3162 nec
416 3106 527 3162 tamen
546 3092 682 3162 omninb
698 3091 817 3162 silebit.
838 3093 1004 3184 Pugnabit
1020 3093 1108 3174 enim
1129 3117 1229 3164 manu

186 3211 429 3270 crassamento.
448 3199 614 3268 Caeterum
629 3200 664 3268 in
680 3199 853 3292 praesentia
868 3199 1093 3270 consilnimus.
1182 3230 1187 3248 .

233 3303 369 3397 ovele,
383 3304 495 3374 civitas
510 3324 640 3394 magna,
655 3319 687 3373 et
702 3305 825 3374 Christi
841 3329 950 3374 amore
962 3307 1100 3398 praedita
1113 3337 1123 3396 3
1140 3311 1230 3396 (vera

188 3413 276 3482 enim
292 3411 457 3498 testabor,
475 3411 535 3481 etsi
546 3409 587 3483 Ν
589 3433 638 3480 on
650 3408 847 3479 seeundum
858 3411 1049 3483 scientiam
1065 3409 1124 3481 hie
1136 3409 1232 3482 zelus

189 3521 264 3588 est³
272 3549 290 3606 ,·
303 3518 510 3608 benigniores
522 3540 581 3587 nos
597 3516 781 3609 disjunctio
792 3517 973 3610 reddidit.)
992 3518 1042 3589 hd
1057 3520 1229 3588 veritatem
1328 3519 1330 3526 ’

125 3613 134 3634 ⁵
189 3624 354 3715 accedite,
379 3625 422 3696 ad
449 3624 619 3696 meliorem
645 3623 775 3718 frugem
808 3625 943 3695 taudem
970 3623 1147 3718 aliquando
1171 3649 1232 3697 vos

188 3719 379 3802 convertite.
409 3738 533 3820 Deum,
560 3731 700 3822 amplius
730 3735 830 3825 qoam
857 3733 1091 3820 consuevistis,
1118 3730 1233 3806 colite..

189 3843 263 3910 Non
280 3849 376 3928 turpe
390 3851 438 3906 est
453 3838 648 3910 sententiam
673 3851 818 3926 mutare3
839 3841 897 3908 sed
921 3841 956 3910 in
978 3840 1066 3910 malo
1081 3863 1234 3934 perseve-

226 3973 234 3999 1
250 3961 329 4032 rCor.
341 3979 384 4029 xv,
397 3980 436 4016 ro.
452 3977 502 4002 -1
519 3981 534 4016 a
550 3969 604 4017 Cor.
620 3983 668 4030 χιι,
681 3981 705 4032 7.
716 3987 748 4002 -
764 3961 854 4019 tuom.
874 3980 931 4032 πρ.
