2930 4582
208 429 312 476 slent·
327 433 374 476 VI·
393 431 435 474 ΗΒ
457 429 614 472 ΜΕΤΗΟΒΟ
637 429 674 472 tn
695 429 903 474 CONCIOMBU!
925 425 1092 475 tontum.
1119 415 1182 476 275
1251 393 1253 400 Ι

141 528 185 604 N
185 554 204 600 e
224 528 453 619 derelinquas
473 551 547 617 me3
565 523 708 596 ostendit
722 525 800 618 quia
824 527 851 595 si
870 525 1044 598 derelictus
1063 527 1182 614 fucrit,

141 635 224 706 nihil
238 637 317 706 boni
336 635 422 704 valet
438 635 507 726 ipse
530 655 589 724 per
604 653 638 698 se
661 659 669 699 :
692 630 781 699 unde
797 642 831 700 et
844 629 900 700 ille
916 634 961 702 ait
980 663 987 704 :
1009 633 1090 730 Ego
1105 633 1187 705 dr'cci

142 746 179 813 in
189 741 420 812 abundantii
436 741 522 810 meri
537 761 611 807 non
623 735 793 807 movebor
805 738 843 806 in
855 751 1029 808 aeternum
1042 745 1066 808 ¹.
1083 747 1184 811 Puta·

139 865 232 920 verat
249 849 337 918 enirn
357 871 456 918 sunm
471 845 571 916 fuisse
590 845 734 928 bouum,
755 843 846 937 quod
862 845 891 914 ei
907 847 952 915 sic
974 846 1184 933 abundabat,

140 971 265 1026 utnon
285 969 474 1025 moveretur
499 983 506 1022 :
527 949 585 1020 sed
607 965 646 1019 nt
671 953 897 1020 ostenderetur
917 952 965 1020 illi
990 957 1085 1048 cujus
1104 969 1187 1024 osset

140 1062 245 1148 illud,
268 1062 316 1130 de
334 1087 401 1154 quo
416 1061 576 1152 tanqubm
592 1079 651 1126 suo
671 1072 816 1150 coeperat
842 1057 989 1150 gloriari,
1013 1059 1188 1152 paululum

141 1170 246 1261 gratis
256 1169 426 1236 deserente
436 1163 633 1248 admonitus,
648 1163 749 1232 dicit:
767 1162 937 1251 Domine,
952 1164 1188 1235 inuoluptate

115 1323 117 1335 ·
143 1278 209 1344 tuci
222 1274 426 1367 praestitisti
443 1271 567 1341 decori
581 1295 660 1341 meo
676 1273 862 1364 m'rtutem3
881 1276 1046 1345 avertisti
1065 1291 1189 1346 autem

132 1381 284 1478 fucr'em
301 1396 401 1448 tuum
416 1379 441 1448 α’
456 1403 525 1466 me,
540 1379 712 1472 etfuctus
727 1403 806 1448 sum
824 1379 1090 1452 conturbatus&
1107 1385 1188 1454 Ideo

143 1488 360 1556 necessarium
376 1499 425 1554 est
444 1485 586 1570 homini,
605 1500 643 1554 ut
666 1487 768 1577 gratia
788 1487 847 1555 Dei
863 1511 931 1557 non
946 1487 1053 1558 solim
1066 1491 1189 1583 justifi-

83 1581 88 1592 ’
113 1649 120 1659 ,
145 1607 239 1662 cetur
264 1593 401 1683 impius,
427 1591 597 1659 sedetiam
621 1591 698 1660 oiim
721 1590 822 1662 suerit
838 1596 906 1686 jam
927 1595 1124 1686 justificatus
1148 1619 1189 1664 ex

142 1697 226 1783 fide,
243 1695 388 1766 ambulet
408 1719 486 1767 cum
500 1695 559 1766 illo
577 1698 699 1788 gratia,
718 1713 751 1766 et
765 1699 937 1768 incumbat
952 1724 1049 1793 super
1066 1703 1189 1795 ipsam,

141 1827 185 1872 nc
197 1803 294 1874 cadat
310 1807 336 1874 ³.
357 1832 373 1869 »

188 1911 308 1982 Nullus
333 1925 416 1980 esset
437 1908 603 1980 scribendi
624 1909 718 1993 finis,
746 1909 910 1979 duellem
935 1909 1057 1980 referre
1084 1914 1194 1984 omnia

143 2023 281 2090 Patrum
294 2018 497 2108 fragmenta,
515 2019 550 2086 in
566 2017 686 2109 quibus
702 2017 755 2086 vel
768 2041 944 2108 congerere
956 2074 965 2106 ,
979 2018 1032 2090 vel
1044 2022 1194 2093 evolvere

142 2125 281 2196 student
308 2149 472 2195 sacrarum
504 2125 745 2216 Scripturarnm
771 2126 923 2214 oracula,
950 2127 1025 2196 cinn
1048 2131 1108 2198 toti
1129 2133 1194 2200 sint

142 2235 179 2304 in
194 2233 259 2302 illis
270 2227 324 2303 vel
336 2232 515 2302 referendis
527 2230 580 2300 vel
595 2231 806 2322 explanandis
824 2257 831 2296 :
849 2233 940 2302 nulla
957 2237 1088 2326 pagina,
1103 2237 1195 2304 nulla

143 2337 214 2408 sore
235 2341 321 2410 linea
343 2363 419 2433 quae
435 2361 504 2408 non
529 2336 640 2408 divino
657 2354 865 2408 consecretur
889 2341 1042 2433 cloquio,
1067 2333 1201 2412 discant

143 2447 225 2517 inde
241 2449 322 2518 sacri
337 2447 387 2517 illi
402 2448 549 2532 nomine,
564 2450 677 2516 revera
690 2461 800 2516 autom
811 2447 954 2540 profani,
970 2451 1192 2534 Concionato-

144 2578 218 2642 res,
236 2555 271 2623 in
287 2579 431 2648 quorum
447 2553 621 2628 elaboratis
642 2553 856 2624 concionibus
872 2554 965 2624 nulla
980 2556 1049 2625 fere
1069 2559 1194 2651 reperi-

145 2675 204 2730 tur
217 2663 356 2753 pagina,
381 2658 473 2727 nulla
487 2657 574 2726 linea
588 2661 654 2748 qual
677 2659 730 2726 vel
744 2683 850 2727 unum
871 2662 1042 2752 Evangelii
1056 2665 1194 2754 verbnm

146 2769 364 2850 admittatur,
391 2765 519 2834 discant
542 2765 704 2834 ambitiosi
726 2765 881 2833 humanae
902 2769 1118 2862 reprobaequo
1141 2795 1195 2841 sa-

145 2875 284 2968 pientias
298 2886 484 2956 sectatores,
493 2872 593 2964 quam
606 2871 730 2939 attente
739 2869 860 2964 legere,
875 2875 974 2965 quam
986 2874 1101 2944 sedulb
1115 2877 1196 2946 edis·

146 3005 235 3067 cere,
251 2978 554 3074 quam-frequenter
569 2979 726 3050 adbibere
738 2978 880 3049 debeant
896 2979 1039 3050 divinam
1057 2984 1196 3076 Spiritus

148 3089 254 3158 sancti
275 3087 514 3156 auctoritatem.

197 3199 233 3266 2⁰
253 3195 317 3266 Cui
340 3193 440 3264 etiam
461 3191 720 3284 praecedentium
738 3197 918 3262 Doctorum
934 3195 1054 3286 placita
1076 3197 1196 3290 adjun-

151 3323 228 3394 gere
250 3303 397 3395 ipsorum
421 3305 556 3368 Patruru
572 3300 810 3370 consuetudine
832 3301 1055 3387 instituimur,
1079 3305 1136 3395 qui
1160 3307 1196 3373 in

151 3408 306 3479 omnibus
317 3407 522 3500 temporibus
534 3419 774 3474 antecessorum
789 3427 924 3492 suorum
934 3395 1083 3498 'vestigiis
1095 3410 1196 3476 inhae-

152 3540 223 3586 rere
248 3515 386 3608 professi
412 3527 501 3583 sunt.
524 3511 593 3595 ‘Qui
614 3509 759 3580 secundo
775 3511 939 3581 florebant
958 3513 1078 3584 saecnlo
1099 3538 1196 3606 apos-

152 3622 328 3692 tolicorum
345 3622 491 3691 virorum
514 3619 614 3688 fidem
649 3621 762 3688 contr'a
793 3619 964 3687 haereticos
988 3614 1193 3708 referebant,

154 3731 216 3823 ipsi
231 3733 347 3802 contra
364 3729 494 3802 futuros
509 3743 633 3800 errores
649 3726 685 3796 in
699 3726 923 3796 testimonium
937 3723 1101 3797 relerendi
1113 3759 1122 3820 3
1136 3730 1200 3801 sic·

191 3887 198 3916 ¹
214 3878 277 3931 mat.
296 3885 362 3943 rxrr,
375 3893 398 3939 ῃ.
413 3902 445 3914 -
461 3877 546 3928 ’lbid
565 3875 589 3928 8.
605 3877 641 3912 -'
653 3871 664 3910 3
677 3875 703 3926 S.
718 3877 815 3940 tugost.
832 3871 874 3923 lib.
889 3874 921 3924 de
932 3877 999 3926 (irat.
1012 3882 1037 3925 et
1047 3873 1089 3942 lib.
1105 3875 1196 3928 Arbitr.

157 3977 180 4011 n.
198 3963 236 4013 13.
783 3957 791 3962 ”

1051 4036 1099 4098 ts.
