2982 4584
1052 393 1056 401 ι

579 813 831 917 INDEX

441 1118 602 1190 ΤΟΜΙ
657 1119 965 1192 sncunnl.

561 1448 850 1480 ψ·-

617 1707 727 1776 PARS
750 1708 795 1774 ΙΙ.

254 1928 294 1976 nn
305 1928 398 1976 srsau
413 1929 500 1976 sarrs
514 1903 698 1978 aaronem
713 1931 793 1977 erun
808 1931 937 1979 seueros
949 1930 1074 1978 sarnus
1097 1931 1167 1996 pop.
1207 1915 1227 1976 d

621 2138 758 2204 SEGTIO
779 2141 805 2202 Ι.

208 2323 212 2331 ’
289 2353 325 2392 nr
343 2337 412 2395 airu
430 2354 584 2398 ssensnuss
603 2356 765 2399 concionans
782 2357 855 2399 suun
873 2341 995 2398 sarnus
1012 2355 1127 2398 nenses.
1216 2345 1235 2394 2

190 2540 314 2599 CAPUT
328 2543 355 2602 Ι.
375 2543 1168 2620 Dels’sqss'osseo'mms'ssomfoers‘tcondonondimsssss.
1212 2535 1235 2598 3

327 2646 349 2687 1.
368 2630 432 2690 Hoc
447 2652 549 2706 munus
560 2638 681 2694 maxime
693 2637 816 2707 pertinet
828 2639 864 2693 ad
879 2638 1042 2708 Episcopus.
1163 2632 1234 2690 s'ds'd.

313 2734 349 2776 11.
369 2721 490 2778 Maxime
505 2725 540 2779 ad
555 2723 728 2795 Episcopum
742 2725 927 2780 ordinarium.
1165 2723 1234 2780 idid.
1263 2747 1268 2755 ·

301 2822 351 2864 111.
371 2808 417 2866 Ex
426 2809 551 2882 ejusdem
562 2826 699 2869 consensu
711 2813 746 2867 ad
756 2810 923 2868 Pontificem
936 2817 1094 2866 externum.
1216 2807 1237 2864 le

305 2911 350 2954 lv.
368 2895 439 2955 Jure
449 2901 592 2960 ordinario
603 2902 687 2957 etiam
700 2909 807 2972 spectat
820 2901 856 2956 ad
870 2901 1065 2972 Presbyteros.
1219 2901 1236 2952 5

319 3003 352 3046 v.
371 2990 413 3046 Ex
424 2993 604 3048 concessione
616 2990 840 3048 transferebatur
850 2997 879 3045 et
893 2991 927 3046 ad
939 2990 1087 3047 Diaconos.
1218 2986 1237 3042 6

306 3091 351 3135 vr.
370 3079 398 3135 A
407 3079 520 3152 publico
532 3079 613 3136 verbi
626 3079 715 3138 officio
724 3079 870 3138 interdicti
878 3079 949 3152 lapsi
959 3085 987 3136 et
999 3075 1134 3136 haretici.
1219 3079 1237 3129 8

294 3180 352 3223 vn.
369 3169 441 3224 item
454 3177 483 3224 et
495 3168 568 3225 lasci.
614 3189 619 3196 ·
656 3158 658 3161 ’
997 3166 998 3170 ’
1203 3161 1239 3219 10

281 3269 352 3320 vni.
371 3256 462 3314 Laicis
470 3265 565 3314 tamen
576 3259 604 3314 in
613 3259 808 3330 persecutione
819 3268 846 3314 et
855 3257 987 3328 gravibus
998 3249 1166 3326 quibusdain

404 3345 642 3412 circumstantiis,
665 3346 739 3400 iacta
758 3345 927 3415 quandoque
944 3342 1057 3416 publice
1078 3343 1165 3398 disse-

358 3498 364 3519 ,
405 3435 486 3489 rendi
499 3432 627 3488 facultas.
1024 3481 1027 3488 ,
1080 3479 1090 3502 ,
1202 3433 1237 3484 11

304 3539 349 3582 sx.
367 3521 534 3582 Mulieribus
556 3529 649 3578 autem
667 3521 812 3592 nunquam
823 3535 836 3590 ,²
847 3519 959 3592 publice
972 3527 1100 3589 taceant,
1112 3531 1165 3574 nec

406 3616 525 3671 doceant
539 3612 590 3666 nisi
601 3610 745 3682 privatims
1203 3605 1238 3662 12

194 3704 319 3786 CAPUT
332 3703 376 3762 11.
394 3705 437 3762 De
448 3703 617 3763 Necessitate
631 3701 815 3774 predicandi
830 3699 994 3760 Postors‘das
1005 3701 1167 3758 animarem

441 3797 583 3868 imposito.
1205 3785 1239 3842 13

333 3897 355 3939 1.
375 3882 519 3956 Episcopis
533 3884 700 3952 caeterisque
720 3880 876 3936 animarum
889 3851 988 3936 curuis]
1006 3875 1169 3948 gerentibus

407 3973 565 4028 necessario
580 3979 622 4029 est
635 3969 797 4044 impositum
808 3966 992 4027 concionandi
1002 3967 1130 4026 officium.
1168 3964 1238 4024 s‘ds'd.
