2984 4580
191 473 194 478 «
237 459 340 506 curun
362 464 408 506 vr.
435 462 476 504 nn
499 461 656 504 nanneno
671 460 707 504 ur
722 460 928 504 concionum
952 458 1116 505 tnnrnmt.
1144 445 1208 506 ert

170 563 247 630 tiam
264 558 403 652 implent
420 587 427 628 ε
446 573 479 627 et
500 560 603 651 major
617 558 671 626 hle
688 571 737 625 est
751 555 915 648 voluptas,
936 561 1035 652 qnam
1053 560 1088 628 in
1112 561 1209 652 regiis

169 669 298 738 mensis.
318 655 435 739 Nullus
457 667 511 736 hle
536 667 634 734 timor
658 677 714 733 aut
729 678 853 732 tremor
878 693 886 733 ε
911 689 977 734 non
992 667 1208 756 magistratus

168 790 310 864 accusat,
325 799 393 843 non
409 797 491 842 uxor
502 773 623 858 irritat,
640 795 707 839 non
722 769 809 840 filiu's
820 770 856 838 in
871 793 1046 839 moerorem
1062 775 1204 865 conjicit,

167 907 235 952 non
246 884 327 951 risus
342 881 463 949 nimius
472 877 614 964 resolvit,
628 901 695 946 non
708 876 917 948 adulaturum
929 901 1086 948 numerus
1099 879 1205 966 inllat,

166 989 223 1060 sed
248 989 513 1080 angelorumtest
533 1008 661 1069 mensa,
684 986 773 1055 omni
798 984 894 1054 simili
919 986 1066 1054 tumultu
1089 1009 1204 1056 vacua.

122 1097 125 1106 ’
167 1101 276 1168 Strato
288 1097 366 1164 feno
381 1093 424 1163 ad
439 1093 699 1163 recumbendum
720 1107 882 1177 utuntur,
903 1095 995 1185 quod
1010 1108 1043 1163 et
1058 1095 1208 1164 Christus

164 1201 246 1272 fecit
261 1201 337 1272 clrm
354 1199 531 1291 prandium
553 1200 586 1266 in
607 1199 735 1266 deserto
759 1197 861 1267 dedit.
885 1199 983 1268 Multi
1006 1201 1208 1293 verensque

46 1391 49 1394 ¹
164 1309 228 1377 sub
244 1321 333 1376 tecto
347 1305 382 1374 id
402 1304 547 1390 faciunt,
565 1305 623 1372 sed
638 1326 698 1395 pro
712 1317 801 1372 tecto
816 1302 939 1372 cuelum
954 1306 1091 1390 hahent,
1106 1319 1139 1374 ct
1154 1306 1207 1375 lu-

163 1438 242 1482 nam
256 1437 317 1505 pro
332 1411 475 1496 lucernae
489 1410 626 1495 lumine,
644 1434 719 1502 quae
738 1432 799 1478 nec
814 1409 889 1479 oleo
904 1427 993 1501 eget,
1016 1436 1078 1482 nec
1093 1413 1207 1484 minis-

70 1585 76 1598 „
163 1534 218 1589 tro
234 1549 241 1589 :
260 1517 324 1588 illis
339 1518 426 1588 certe
441 1517 516 1586 solis
530 1515 691 1606 condigne
701 1507 780 1587 litna
793 1516 956 1586 ministrat
970 1517 1091 1587 lucem.

211 1652 228 1689 »
254 1629 347 1694 Hanc
367 1623 473 1715 angeli
488 1615 632 1691 mensam
646 1645 685 1689 ex
702 1621 788 1690 coelo
809 1636 992 1714 spectantes
1014 1624 1158 1714 gaudent
1173 1640 1206 1696 et

160 1731 329 1804 laetantur.
353 1733 434 1801 Nam
458 1729 542 1800 side
559 1753 631 1805 ‚uno
651 1743 822 1820 peccatore
837 1731 1066 1821 poenitentiam
1089 1746 1205 1823 agente

160 1840 310 1928 gaudent
328 1845 351 1923 ¹,
366 1840 408 1907 de
422 1851 472 1906 tot
480 1836 575 1928 justis
587 1836 673 1926 ipsos
682 1835 886 1903 imitantibus
896 1835 977 1928 quid
986 1861 1054 1906 non
1063 1836 1205 1908 sacient?

159 1947 237 2014 Non
249 1958 296 2012 est
309 1943 356 2011 ibi
373 1941 526 2011 dominus
538 1955 572 2010 et
583 1964 706 2010 servus.
721 1942 842 2008 Omnes
857 1941 952 2027 servi,
967 1965 1080 2012 omnes
1095 1943 1202 2012 liberi.

158 2055 229 2122 Nee
244 2066 340 2143 putes
352 2050 492 2142 aenigma
505 2073 572 2118 esse
586 2048 620 2118 id
633 2051 723 2142 quod
740 2049 860 2118 dicitur
875 2079 882 2119 ε
900 2052 978 2120 utrm
992 2051 1076 2121 servi
1087 2054 1205 2122 mutue

157 2157 244 2227 alter
260 2156 409 2240 alterius,
428 2168 461 2224 et
476 2154 600 2225 domini
621 2157 738 2224 mutue
753 2170 841 2224 sunt.
859 2161 1044 2249 Appetente
1056 2159 1201 2250 vespert,

156 2287 261 2332 nemo
275 2277 413 2332 moestus
428 2276 476 2331 est
495 2293 502 2332 ι
523 2261 615 2355 quod
626 2261 723 2332 multi
735 2263 908 2332 hominurn
921 2263 1104 2355 patiuntur,
1121 2263 1204 2334 dum

156 2372 357 2441 diurnorum
373 2369 536 2440 malorum
548 2369 782 2438 sollicitudines
798 2371 907 2440 animo
923 2369 1108 2442 revolvunt.
1127 2377 1204 2442 Post

156 2502 291 2549 coenam
313 2501 381 2576 non
396 2490 474 2545 sunt
498 2475 587 2544 fures
611 2473 764 2559 timendi,
787 2499 854 2566 non
877 2474 1061 2568 claudenda
1078 2479 1199 2570 janua,

130 2671 133 2676 Ι
154 2610 227 2656 non
238 2583 459 2676 imponendus
468 2585 581 2669 vectis,
593 2607 701 2676 neque
713 2583 767 2654 alii
780 2598 886 2654 metus
902 2585 1042 2656 adsunt¹
1056 2585 1114 2678 qui
1130 2585 1202 2678 plu·
1260 2573 1262 2577 ’

153 2693 260 2761 rimos
276 2691 456 2779 exagitant,
480 2690 538 2781 qui
554 2692 704 2758 accurate
719 2692 868 2760 lucernas
884 2693 1039 2777 afferunt,
1057 2716 1099 2761 ne
1114 2694 1201 2762 scin·

152 2796 231 2868 tilla
261 2795 348 2866 aedes
373 2793 537 2863 incendat.
570 2793 707 2864 Illorum
734 2795 898 2890 colloquia
929 2810 1009 2866 sunt
1036 2798 1200 2890 tranquil-

149 2905 250 2972 litate
275 2900 385 2994 plena.
412 2904 527 2993 Neque
547 2901 680 2986 eadem,
704 2925 780 2994 quae
801 2925 880 2986 nos,
903 2901 1106 2995 loquuntur,
1124 2927 1200 2995 quae

98 3047 104 3058 ·
149 3009 241 3078 nihil
251 3009 293 3077 ad
305 3032 364 3077 nos
373 3009 597 3100 pertineant:«
611 3007 671 3078 Ille
681 3007 855 3100 praefectus
865 3007 971 3080 sactus
979 3023 1038 3094 est,
1049 3008 1104 3084 ille
1114 3033 1200 3102 pree·

149 3115 284 3185 fecturt
295 3114 432 3205 excidit3
449 3115 506 3184 ille
522 3131 670 3186 mortuus
686 3130 746 3201 est,
762 3131 795 3186 et
810 3117 892 3188 alius
902 3117 1127 3188 haereditatem
1140 3141 1198 3186 ex-

148 3221 259 3314 cepit,
279 3248 295 3285 »
315 3234 415 3312 atque
430 3221 618 3312 hujusmodi
634 3223 708 3292 alia.
729 3221 793 3292 Sed
808 3223 856 3294 illi
872 3247 1000 3315 semper
1018 3225 1059 3294 de
1079 3222 1197 3296 suturis
1299 3257 1300 3260 ¹
1467 3299 1468 3339 i

147 3327 339 3422 loquuntur
351 3341 385 3394 et
394 3326 683 3418 philosophantur3
698 3349 735 3396 ac
747 3328 773 3396 si
783 3329 816 3396 in
826 3327 889 3400 alio
903 3329 1090 3412 habitarent
1101 3331 1194 3417 urbe,

148 3433 235 3504 acsi
253 3431 427 3502 incoelum
447 3430 594 3502 translati
609 3445 731 3516 essent,
756 3455 793 3500 ac
814 3433 840 3499 si
861 3433 907 3503 ibi
922 3437 1023 3505 vitam
1044 3437 1194 3526 egerenti,

147 3540 196 3610 sic
216 3537 260 3608 de
275 3537 465 3609 coelestibus
484 3559 611 3626 semper
620 3534 821 3630 loquuntur,
840 3535 881 3606 de
894 3539 968 3606 sinu
983 3539 1140 3624 Abrahae‚
1154 3539 1196 3610 de

148 3647 283 3718 coronis
302 3633 511 3728 sanctorum,
542 3643 583 3710 de
609 3645 729 3714 Christi
750 3645 888 3734 ctorem
912 3645 954 3717 de
982 3647 1197 3738 praesentibus

147 3751 246 3824 nulla
263 3753 395 3822 mentio.
417 3751 481 3822 Sed
501 3751 585 3820 sicut
600 3749 641 3820 de
656 3751 693 3820 iis
717 3776 792 3843 quae
813 3751 963 3833 formicae,
975 3753 1009 3824 in
1024 3752 1196 3824 foramini-

147 3863 216 3932 bus
227 3859 293 3928 suis
308 3872 412 3948 agunt
422 3857 516 3952 loqui
532 3883 600 3934 uon
613 3857 807 3950 dignamur,
821 3861 866 3930 sic
875 3883 983 3954 neque
992 3859 1040 3930 illi
1048 3861 1091 3934 de
1097 3865 1195 3938 rebus
1231 3877 1234 3883 “

187 3997 195 4026 ¹
210 3990 268 4039 Luc.
288 4002 332 4050 xv,
345 4003 368 4052 7.
