2992 4590
173 446 413 508 curcumitu
433 449 590 500 naruooo
613 452 648 496 ru
670 445 879 500 conoroumus
902 445 1070 499 mutarn.
1098 433 1162 494 205

507 736 719 802 ARTICULUS
743 738 797 800 ll.'
881 777 883 784 ι

396 1027 440 1088 Do
453 1023 546 1088 variis
560 1023 728 1086 orationum
743 1006 891 1104 partibus.

167 1303 319 1374 Perfecta
339 1304 443 1374 oratio
459 1325 512 1373 sex
527 1303 674 1396 partibus
689 1304 857 1390 coalescit,
875 1303 1163 1397 quasexordium,

120 1410 402 1502 propositionem,
422 1405 662 1496 narrationem,
689 1410 1165 1503 argumentumconsutatio·

119 1541 218 1603 nem,
244 1511 547 1612 perorationemque
570 1517 734 1588 dixdrunt.
761 1519 850 1602 Quid
873 1518 958 1588 circi
981 1519 1166 1612 quamlibet

119 1625 251 1716 egerint
264 1626 367 1694 sancti
388 1629 497 1694 Patres
512 1623 673 1719 explicare
695 1649 785 1696 nunc
805 1649 913 1719 operae
929 1626 1072 1720 pretium
1089 1627 1162 1696 erit.

495 1897 529 1981 q.
546 1899 571 1960 1.
588 1899 631 1959 ne
646 1879 798 1960 uxoren.
903 1864 905 1868 ’
996 1940 1000 1949 .

164 2144 385 2218 Exordiorum
398 2169 468 2216 uon
482 2145 632 2216 minimas
647 2169 716 2216 esse
731 2145 887 2216 utilitates
902 2145 1046 2228 declarat
1068 2173 1164 2220 sanc·
1248 2193 1251 2197 ·

118 2267 174 2323 tus
188 2253 245 2322 ille
261 2266 372 2323 noster
386 2253 651 2342 chrysostomus,
665 2253 711 2322 ita
730 2275 822 2323 suam
837 2254 876 2322 ed
892 2251 935 2324 de
949 2276 984 2322 re
993 2254 1163 2346 proferens

95 2361 317 2430 ¹sententiam
336 2389 343 2430 :

169 2499 188 2537 «.
210 2467 508 2562 Reprehenddrunt
530 2491 590 2536 nos
611 2466 791 2537 amicorum
809 2467 960 2560 quidam,
979 2468 1071 2561 qudd
1086 2493 1165 2564 pro·
1208 2467 1210 2476 '

120 2575 233 2646 liniora
255 2567 558 2645 sermonum'initia
582 2572 773 2644 laceremus.
800 2578 852 2644 An
874 2577 950 2668 jure
972 2575 1026 2646 vel
1048 2577 1165 2671 injuriat
1285 2639 1287 2644 .

121 2679 393 2775 reprehenderint
412 2695 492 2748 tunc
516 2679 721 2768 intelligetis,
740 2680 816 2750 crim
841 2681 953 2750 audital
973 2681 1165 2778 defensione

121 2790 249 2874 nostrai,
269 2788 364 2882 quasi
383 2787 418 2854 in
437 2784 570 2877 publico
587 2781 743 2854 tribunali
765 2785 959 2854 sententiam
979 2786 1091 2858 feretis
1094 2841 1161 2858 .....

123 2903 261 2968 Tantam
285 2893 533 2965 multitudinem
553 2890 768 2985 alloquimur,
790 2891 877 2960 viros
895 2893 1087 2985 qui'uxor'es
1103 2896 1165 2966 ha·

122 3005 216 3088 hent,
232 3003 293 3098 'qui
307 3000 460 3071 domibus
476 3011 639 3093 praesunt,
657 2999 777 3068 diurno
793 3021 892 3091 opere
909 3000 1011 3071 vitam
1026 3016 1162 3094 parant,

124 3109 382 3204 hasaccularibus
393 3107 530 3197 negotiis
547 3119 660 3198 agunt.
676 3109 789 3199 Neque
802 3103 886 3176 illud
898 3107 1028 3178 tanthm
1044 3107 1165 3180 moles-

123 3233 196 3289 tum
212 3231 273 3304 est,
295 3215 386 3310 quod
406 3217 567 3308 perpetuh
583 3229 802 3305 occupentur,
820 3214 878 3284 sed
897 3216 990 3307 quhd
1006 3218 1106 3288 semel
1130 3221 1166 3288 in

123 3319 331 3397 hebdomadi
342 3325 429 3416 ipsos
443 3323 497 3391 hic
508 3321 715 3412 excipiamus.
732 3324 776 3390 Ut
787 3321 886 3410 igitur
900 3321 1071 3393 intellectu
1082 3323 1166 3396 faci-

124 3432 166 3503 lia
181 3432 357 3503 reddamus
372 3453 410 3500 ea
432 3451 507 3523 quae
527 3426 681 3512 dicimus,
699 3425 867 3520 prooemiis
883 3426 1053 3498 clariorem
1075 3431 1169 3500 exhi·

125 3539 202 3610 here
225 3537 410 3608 doctrinam
431 3533 612 3604 studemus.
636 3531 695 3602 llle
717 3533 806 3602 euim
830 3533 884 3602 cui
905 3534 988 3603 nihil
1004 3533 1094 3604 aliud
1118 3551 1167 3606 est

60 3629 63 3634 ⁵
125 3646 260 3738 negotii,
274 3646 375 3738 quim
390 3656 430 3712 ut
440 3663 566 3733 semper
584 3638 756 3732 scripturis
770 3652 877 3725 vacet,
890 3663 958 3708 non
974 3654 1047 3730 eget
1062 3664 1167 3733 prooe-

126 3754 215 3838 miis,
233 3775 302 3820 non
321 3761 505 3842 apparatu:
524 3743 634 3816 statim
651 3744 739 3812 enim
758 3745 873 3814 audito
887 3744 1040 3832 doctore,
1061 3746 1168 3818 dicto-

128 3881 200 3928 rum
216 3880 349 3928 sensum
365 3853 527 3947 percipit:
544 3852 571 3922 is
589 3851 668 3922 ‘vero
680 3849 738 3945 qui
752 3852 892 3920 maximi
907 3853 1062 3945 temporis
1073 3870 1167 3948 parte

129 3953 494 4053 saecularibusnegotiis
509 3957 658 4029 addictus
674 3972 722 4029 est
730 4010 743 4044 ,
759 3971 793 4027 ct
801 3956 903 4029 rarius
911 3958 1069 4054 brevique
1081 3975 1167 4036 tem·
1266 3987 1269 3996 ¹
