2984 4580
237 411 307 474 tao.
383 423 561 478 uusroarot
584 427 609 472 r.
636 424 789 488 atrurn,
815 425 891 478 ulus
913 431 961 490 u,
985 432 1071 484 asor.
1097 434 1122 478 1.

235 530 312 618 ergd
326 523 431 618 fugies
449 524 563 598 sedilia
578 525 721 594 hostium
738 525 872 614 Christi,
890 527 980 602 illam
995 529 1186 603 cathedram
1202 555 1277 625 pes·

234 633 453 718 tileuliarurn,
472 632 647 724 ipsumque
666 635 791 718 ae'rem,
809 632 868 726 qui
886 632 1026 728 desuper
1044 637 1194 726 incubat,
1205 661 1276 710 sce·

232 740 320 812 lestis
332 739 469 813 vocibus
477 736 746 828 constupratum?
762 739 835 811 Sint
849 737 960 812 dulcia
972 740 1062 829 licet,
1073 759 1108 816 et
1120 759 1224 836 grata,
1240 760 1276 818 et
1379 813 1382 816 .

229 847 406 942 'simplicia
426 845 525 916 etiam
544 843 682 914 honesta
696 842 871 937 quaedam,
894 836 992 920 nemo
1007 873 1172 922 venenum
1187 867 1274 927 tem-

230 969 323 1048 perat
337 951 415 1025 felle
431 965 464 1022 et
478 949 636 1036 elleboro,
654 951 711 1026 sed
727 949 866 1024 conditis
881 951 1058 1045 pulmentis
1073 971 1105 1030 et
1117 959 1203 1028 hene
1219 983 1273 1032 so-

230 1063 368 1158 poratis,
391 1059 571 1153 plurimiun
595 1058 750 1133 dulcibus
768 1059 804 1130 id
824 1061 903 1132 mali
922 1064 1024 1156 injicit
1049 1095 1056 1136 :
1081 1067 1128 1144 ill
1148 1081 1182 1140 et
1200 1067 1273 1140 dia-

137 1171 140 1178 '
229 1170 326 1242 bolus
341 1167 440 1242 letale
452 1167 545 1260 quod
557 1167 690 1238 conficit
706 1167 804 1238 rebus
824 1170 883 1240 Dei
900 1171 1089 1262 gratissimis
1104 1189 1138 1244 st
1152 1197 1272 1268 accep·
1308 1209 1310 1214 ·

156 1287 159 1294 '
227 1279 357 1352 tissimis
368 1276 506 1350 imbuit.
529 1275 647 1348 Omnia
670 1273 737 1347 illic
753 1299 810 1348 seu
825 1277 945 1365 l'ortia,
971 1303 1029 1352 seu
1043 1269 1197 1369 honesta,
1212 1307 1271 1356 seu

227 1393 357 1472 sonora,
369 1407 429 1458 seu
437 1405 570 1468 canora,
581 1405 641 1452 seu
651 1381 802 1470 subtilia,
816 1386 954 1476 proinde
964 1388 1051 1458 hahe
1061 1413 1099 1460 ac
1108 1390 1136 1461 si
1146 1390 1271 1464 stillici-

226 1494 280 1564 dia
296 1491 402 1562 mellis
417 1489 460 1560 dc
475 1486 660 1565 ranunculo
671 1503 836 1560 venenato
851 1519 859 1562 r
878 1515 939 1565 nec
951 1495 1033 1564 tanti
1047 1494 1158 1584 gulam
1170 1495 1269 1570 facias

224 1597 419 1692 voluptatis,
438 1593 554 1689 quanti
575 1592 758 1686 periculum
770 1617 829 1686 per
844 1597 1050 1678 suavitatem.
1073 1601 1270 1692 Saginentur

223 1704 385 1800 ejusmodi
401 1701 556 1774 dulcibus
572 1701 719 1772 convivae
743 1700 834 1772 sui...
859 1705 984 1776 Nostrae
1000 1729 1127 1793 coenae,
1146 1723 1267 1780 nostrae

223 1810 349 1906 nuptiae
357 1807 507 1882 nondum
517 1821 693 1878 suntznon
703 1829 874 1899 possumus
883 1833 961 1900 cum
973 1809 1036 1882 illis
1045 1812 1264 1902 discumbere,

222 1921 299 2014 quia
314 1941 376 1989 nec
390 1915 439 1990 illi
451 1913 642 2004 nobiscum,
659 1914 784 1985 vicibus
800 1913 955 2008 disposita
971 1942 1021 1990 res
1036 1924 1204 1996 est‚Nunc
1216 1921 1265 1994 illi

221 2027 388 2110 laetantur,
402 2045 462 2094 nos
471 2021 717 2092 conflictamur:
731 2019 924 2112 Saeculum,
937 2025 1058 2118 inquit,
1072 2025 1262 2122 gaudebit,

221 2157 284 2205 vos
300 2134 419 2204 tristes
428 2129 528 2202 arith
538 2131 562 2198 ¹.
576 2132 761 2219 Lugeamus
769 2132 848 2225 ergo
863 2130 945 2204 daim
961 2134 1093 2206 Etlurici
1105 2136 1261 2226 gaudent,
1380 2169 1383 2176 .

172 2273 173 2278 ¹
219 2241 344 2312 utcirm
355 2238 468 2330 lugere
483 2233 644 2327 coeperint
656 2236 869 2325 gaudeamus,
884 2261 927 2310 ue
938 2241 1060 2332 pariter
1076 2266 1170 2313 nunc
1180 2267 1264 2336 gau·

219 2347 353 2433 dentes,
381 2359 462 2419 tunc
491 2341 626 2436 quoque
656 2341 777 2434 pariter
800 2341 981 2434 lugeamus.
1013 2346 1177 2420 Delicatus
1208 2374 1259 2438 es,

218 2455 422 2539 Christiane,
445 2452 472 2522 si
492 2463 526 2520 et
541 2451 573 2520 in
596 2447 718 2518 saeculo
738 2449 940 2543 voluptatem
956 2456 1175 2550 concupiscis,
1194 2459 1262 2532 imd

217 2561 356 2635 nimium
374 2557 506 2641 stultus,
530 2556 557 2623 si
572 2557 634 2626 hoc
657 2557 819 2628 existimas
834 2559 1049 2652 voluptatem.
1070 2564 1261 2659 Philosophi

217 2667 351 2763 quidam
360 2666 425 2734 hoc
440 2683 563 2732 nomen
574 2661 677 2754 quieti
689 2675 722 2730 et
733 2664 962 2757 tranquillitati
974 2668 1160 2762 dederunr3
1174 2673 1209 2742 in
1221 2674 1261 2746 eat

217 2777 373 2872 gaudent,
389 2772 425 2846 in
440 2772 479 2844 el
490 2782 681 2854 avocantur,
691 2768 727 2840 iu
742 2770 781 2838 ei
793 2771 890 2858 etiam
906 2773 1099 2864 gloriantur.
1111 2783 1162 2848 Tu
1176 2781 1259 2850 mihi

214 2898 329 2970 metas,
341 2895 374 2952 et
384 2901 509 2964 scenas,
517 2890 550 2946 et
560 2875 783 2968 pulverem,et
791 2901 922 2948 arenam
931 2884 1190 2975 suspiraslllicas
1199 2909 1258 2956 ve-
1285 2926 1287 2930 v

213 2994 292 3064 lim:
310 3014 379 3062 non
394 2999 566 3082 possumus
581 2983 691 3054 vivere
707 2983 777 3055 sine
792 2985 975 3086 uoluptate,
992 2991 1051 3083 qui
1072 2993 1157 3064 mori
1177 3017 1256 3068 curn

213 3101 383 3192 voluptate
394 3094 576 3166 debemus?
590 3093 673 3162 Nam
686 3091 777 3184 quod
789 3107 838 3162 est
853 3095 944 3168 aliud
955 3113 1070 3171 votum
1081 3115 1252 3190 nostrum,

212 3193 312 3302 qulam
333 3200 424 3303 quod
444 3214 479 3270 et
494 3197 652 3292 Apostoli,
670 3198 758 3268 exire
779 3199 821 3268 de
836 3201 977 3291 saeculo,
994 3221 1028 3278 et
1043 3209 1144 3302 recipi
1164 3209 1256 3302 apud

211 3311 409 3386 Dominum?
429 3307 490 3384 llic
510 3303 680 3398 voluptas,
700 3304 759 3374 ubi
774 3319 808 3376 et
826 3321 953 3380 votum.
971 3315 1046 3384 tam
1065 3339 1156 3388 nuuc
1171 3331 1255 3410 puta

146 3475 151 3482 .
210 3415 454 3496 delectamentis
471 3412 597 3512 exigere
621 3412 763 3504 spatium
779 3413 853 3485 hoc.
872 3418 941 3487 Gur
955 3420 1023 3490 tlm
1045 3420 1196 3512 ingratus
1216 3446 1251 3496 es

209 3545 248 3602 ut
261 3543 314 3600 tot
325 3540 360 3602 ot
374 3523 453 3596 tales
468 3521 654 3620 voluptates
675 3521 694 3588 l
709 3522 778 3588 Deo
795 3511 998 3596 contributas
1013 3527 1074 3599 tibi
1089 3531 1166 3601 satis
1181 3557 1252 3606 uon

207 3638 349 3722 habeas,
364 3653 472 3724 neque
486 3628 717 3718 recognoscas?
728 3627 816 3711 Quid
831 3631 919 3700 enim
936 3634 1132 3726 jucundius,
1145 3643 1251 3734 quam

207 3733 267 3814 Dei
286 3741 388 3816 Patris
402 3753 437 3808 et
458 3733 588 3810 Domini
606 3731 968 3828 reconciliari0,.qutm
991 3743 1135 3816 veritatis
1155 3769 1251 3818 reve-

112 3871 113 3876 ’
205 3851 301 3937 latio,
326 3850 428 3942 quam
449 3863 597 3916 errorum
621 3841 821 3933 recognitio,
843 3846 944 3936 quam
966 3857 1248 3955 tantorumlretrd

241 3991 248 4018 ¹
264 3983 335 4032 loun.
349 3991 401 4042 xva,
411 3990 456 4026 uo.
