2982 4584
273 441 337 506 463
428 423 607 500 ιιιιιιοιιιιι
630 449 656 498 s.
683 449 836 515 uturum,
862 445 938 500 ιιιι
961 457 1004 516 ιι,
1029 455 1113 500 ator.
1139 457 1166 498 1.

270 554 398 627 accidet
412 565 613 639 extromum,
630 563 664 622 et
675 549 832 622 damnosa
846 565 1066 636 mercatorum
1081 553 1319 647 peregrinatio..

270 665 342 734 lloc
361 657 453 744 idem
473 674 507 730 et
521 659 559 730 in
580 659 767 780 nobisipsis
790 660 1022 744 ratiocinemur
1040 691 1049 732 ι
1066 661 1190 732 etenim
1203 674 1238 733 et
1255 685 1316 734 nos

268 769 308 843 in
320 765 490 842 ecclesiam
507 766 735 854 convenimus,
750 788 820 838 ιιοιι
825 779 970 862 propter
979 767 1067 838 hoc
1057 789 1177 870 ipsum
1183 767 1314 855 solum,

267 871 308 946 u't
321 874 406 946 hlc
396 897 621 964 immoremur,
634 874 746 974 sedut
768 873 897 970 aliquid
915 897 1075 970 magnum
1099 889 1134 948 et
1148 862 1317 970 spirituale

267 965 388 1080 lucrati
406 981 622 1081 ιιιιιιάιιιιιιι
642 982 701 1056 si·
691 964 793 1078 igitur
814 983 930 1058 inanes
944 998 982 1068 et
993 983 1077 1056 nihil
1091 982 1213 1078 adepti
1219 984 1317 1058 abea-

230 1157 233 1162 .
268 1113 360 1180 mus,
395 1089 706 1192 condemnationem
741 1091 839 1182 nohis
875 1092 940 1167 hoc
976 1089 1126 1162 studium
1158 1105 1312 1164 ιιοιιιιι.

254 1191 368 1284 ouon
380 1221 423 1270 ne
434 1194 504 1302 liat,
523 1211 629 1294 utque
643 1210 777 1292 tantum
794 1174 955 1292 ᾇιιιιιιιιιιι
969 1199 1140 1285 evitemus,
1158 1198 1317 1274 ιιιιιιιιιθι

267 1301 379 1375 hino
370 1294 457 1374 mter
475 1327 544 1390 sese
559 1304 677 1392 amici,
684 1327 778 1390 oum
801 1305 878 1378 filiis
889 1319 1017 1399 patres,
1040 1328 1117 1382 cum
1132 1305 1233 1380 servis
1252 1305 1317 1380 do-

269 1409 584 1516 minimeditamini,
597 1424 632 1482 et
642 1383 792 1485 laborate
792 1435 875 1506 quo
891 1411 1013 1484 modo
1004 1426 1203 1506 rmperatum
1216 1436 1316 1506 expe·

271 1512 391 1612 dietis:
383 1533 445 1590 ·ut
457 1499 659 1613 postoudm
650 1518 772 1590 iterim
787 1541 908 1602 reveru
898 1517 1071 1607 fueritis,
1088 1534 1123 1594 et
1137 1519 1181 1590 de
1192 1519 1317 1596 eisdem

266 1647 329 1707 nos
350 1622 525 1714 suadentes
545 1621 735 1720 audieritis,
758 1648 829 1696 non
850 1623 979 1719 pudore
999 1625 1209 1714 afficiamini,
1227 1650 1317 1698 mor·

266 1731 367 1806 dente
381 1755 440 1803 vos
458 1705 659 1804 conscientia
676 1759 686 1803 ι
702 1731 762 1804 sed
772 1733 958 1824 gaudeatis,
975 1747 1009 1806 et
1022 1733 1184 1804 laetemini
1202 1733 1317 1806 admo·

266 1837 401 1912 nitionis
425 1837 699 1934 majoremvohis
724 1853 853 1934 partem
878 1837 1041 1934 expletam
1063 1841 1313 1934 conspicientes.

268 1949 349 2020 llaec
373 1969 442 2019 non
471 1945 603 2018 tantbm
626 1945 682 2016 hic
707 1946 979 2044 philosophemur
1005 1975 1013 2018 :
1038 1971 1108 2020 non
1131 1949 1219 2020 enim
1241 1949 1316 2020 haec

260 2068 500 2154 momentanea
515 2051 697 2124 admonitio
711 2067 821 2125 totum
832 2055 997 2143 eradicare
1011 2070 1139 2150 potest,
1153 2057 1270 2129 verbm
1278 2071 1317 2138 et

268 2161 360 2234 domi
382 2159 433 2232 v'ir
453 2159 495 2230 ab
519 2182 621 2230 uxore
641 2160 714 2232 haec
729 2160 865 2250 audiat,
886 2177 921 2236 et
943 2167 1065 2236 uxori
1089 2165 1257 2258 conjuge:
1282 2179 1317 2236 et

266 2267 436 2366 aemulatio
454 2265 610 2366 quaedam
626 2267 685 2340 liat
699 2269 854 2340 omnibus
875 2271 919 2342 ad
933 2271 1033 2366 hujus
1052 2271 1134 2365 legis
1149 2271 1317 2365 impletio-

266 2388 345 2466 nem
361 2379 532 2476 pervenire
546 2373 776 2479 studentibus,
790 2392 825 2449 et
839 2379 898 2474 qui
912 2380 1004 2474 priris
1027 2379 1212 2474 impleverit
1231 2381 1316 2452 deli·

266 2485 368 2559 cienti
388 2483 564 2580 exprobret
588 2497 628 2554 ut
646 2485 757 2581 ipsum
771 2487 875 2582 magis
898 2489 1017 2576 excitet
1036 2516 1045 2560 ι
1062 2489 1121 2583 qui
1136 2489 1264 2576 deficit,
1281 2504 1316 2562 et

266 2594 419 2680 nondrim
439 2591 609 2684 implevit,
634 2592 891 2692 praevenientem
913 2609 1063 2687 spectet,
1085 2609 1120 2666 et
1143 2595 1314 2690 adipsum

265 2697 415 2772 celeriter
425 2697 596 2794 pervenire
611 2697 802 2776 contendat.
822 2700 855 2772 Si
873 2700 946 2771 haec
960 2700 1180 2790 meditemur,
1200 2702 1228 2772 si
1242 2703 1325 2776 haec.

264 2832 437 2922 curemus,
458 2807 552 2880 brevi
566 2807 663 2880 nobis
676 2820 711 2879 et
725 2806 789 2880 alia
803 2809 958 2930 prospere
969 2809 1101 2902 negotia
1115 2754 1313 2903 dirigentur.

266 2923 318 2991 Τιι
333 2911 410 3012 qnae
427 2915 487 2990 Dei
504 2929 583 2987 sunt
601 2914 778 3002 meditare,
799 2929 834 2986 et
856 2917 926 3008 ipse
939 2917 1011 2988 tuis
1029 2916 1229 3010 providebit.
1246 2922 1315 2994 Nec

264 3023 347 3096 mihi
362 3022 473 3113 dicas:
491 3013 579 3106 Quid
589 3021 719 3108 verb
695 3044 722 3090 ιι
737 3021 810 3116 quis
821 3021 956 3117 jurandi
972 3024 1200 3114 necessitatem
1218 3025 1316 3098 nobis
1409 3068 1411 3074 ,

222 3133 223 3136 ’
264 3126 439 3228 imponat?
461 3126 588 3220 quid
564 3151 591 3197 ιι
606 3150 675 3198 non
697 3126 829 3198 credet?
851 3129 937 3224 Sane
958 3133 1052 3219 verb,
1076 3132 1139 3202 ubi
1162 3132 1217 3216 lex
1240 3134 1314 3206 vio-

263 3233 385 3322 landa,
402 3226 599 3325 necessitatis
619 3233 803 3322 meminisse
820 3257 889 3308 non
912 3251 1053 3330 oportet.
1076 3241 1151 3317 Una
1162 3253 1211 3310 est
1226 3240 1316 3312 enim

264 3324 464 3414 inevitabilis
475 3337 671 3428 necessitas,
677 3345 784 3412 Deum
795 3365 865 3428 non
880 3343 1060 3422 offendere.
1076 3348 1316 3421 Verumtamen

263 3449 395 3542 interim
414 3447 501 3518 illud
516 3462 647 3542 praesta,
664 3450 832 3542 superflua
847 3449 956 3522 recide
957 3455 1176 3576 duramenta,
1190 3455 1316 3527 temere

264 3575 299 3630 et
294 3555 384 3632 sine
395 3558 586 3628 necessitate
597 3555 704 3643 domi,
717 3581 795 3646 curn
812 3559 937 3650 amicis,
954 3583 1030 3630 cum
1046 3563 1146 3633 servis
1158 3563 1311 3656 ιιιοιιιι.

247 3667 291 3738 -si
312 3665 385 3736 haec
409 3645 627 3749 sustuleris,
617 3688 654 3734 ιιι
680 3663 744 3734 illis
768 3667 835 3736 mei
855 3667 940 3738 nihil
940 3668 1100 3762 ampliirs
1121 3670 1311 3764 indigebis:
1362 3687 1366 3694 '

264 3773 374 3866 ipsum
387 3771 475 3844 eninr
492 3795 528 3842 os
541 3795 577 3842 ιιι
586 3771 651 3856 hoc
660 3773 888 3861 exercrtatum,
899 3788 938 3844 ut
943 3775 1079 3868 purandr
1091 3775 1311 3871 frequentiam

263 3879 378 3948 timeat
392 3893 427 3949 et
446 3877 569 3969 fngiat,
592 3901 700 3974 neque
715 3879 743 3950 si
757 3879 832 3972 quis
852 3879 970 3976 millies
993 3884 1151 3976 coegerit,
1169 3885 1205 3954 in
1219 3882 1312 3969 illem

261 3983 403 4078 amplios
414 3985 530 4057 cadere
544 3983 782 4062 consuedinem
795 3984 948 4062 admittet
961 4015 970 4060 ι
981 3985 1040 4062 sed
1051 4002 1089 4062 ut
1099 4013 1190 4064 nunc
1203 3989 1312 4063 multo
