2992 4590
296 379 359 442 174
402 379 405 384 ’
437 391 618 442 utrorum
641 392 668 440 s.
694 391 843 455 aaaron,
868 357 946 438 atas
967 395 1018 454 11,
1042 393 1127 440 amr.
1153 395 1177 452 r.

292 499 396 582 taxat,
412 517 522 589 neque
537 492 573 563 id
588 493 724 585 saepius,
746 515 807 562 nec
822 492 885 562 nisi
899 500 1057 584 corporeo
1073 490 1186 562 modo.
1203 494 1248 560 lt
1262 491 1335 579 hic,

291 618 325 672 et
339 602 505 688 omniurn,
523 615 556 669 et
571 621 711 691 semper,
728 612 762 668 et
776 597 936 690 spirituali
948 599 1049 669 modo
1068 625 1077 668 a
1094 597 1187 691 quod
1200 595 1339 690 quidem

291 709 347 780 iltt
365 707 524 780 frumenti
539 706 783 784 distributione,
802 707 875 774 meat
894 704 1030 798 quidem
1045 704 1222 790 sententia,
1238 703 1337 795 longe

291 816 499 908 praestantius
507 811 742 904 augustiusque
750 809 952 880 censendum
961 813 1109 881 est.Cum
1118 810 1183 880 Job
1193 810 1337 898 tanta,

250 963 253 968 ·
293 936 326 990 et
337 935 482 990 tentatus
497 933 565 1004 est,
583 933 616 988 et
631 918 779 1010 superior
795 916 961 1002 discessit,
987 915 1213 1009 coniectisque
1228 930 1337 986 certa-

287 1028 449 1112 minibus,
463 1025 580 1095 illustri
594 1024 759 1116 praeconio
774 1023 879 1092 victor
893 1023 1126 1116 pronuntiatus
1137 1036 1185 1092 est
1199 1051 1207 1091 :
1226 1036 1264 1091 ut
1278 1023 1339 1117 qui

292 1133 386 1204 nullo
409 1132 647 1201 incursantium
681 1129 914 1214 acerbitatum,
942 1154 1018 1224 quae
1041 1128 1155 1200 muttae
1178 1125 1335 1217 fuerunt,

292 1240 419 1332 impetu
434 1261 611 1309 concussus
626 1252 659 1306 et
673 1234 894 1306 labefactatus
915 1233 1041 1322 suisset,
1059 1235 1116 1306 sed
1139 1249 1338 1306 tentatorem

292 1346 427 1416 abunde
453 1344 658 1436 superasset,
689 1356 789 1436 atque
810 1343 996 1412 amicorum
1025 1341 1217 1412 calamitatis
1243 1365 1338 1412 arca-

291 1477 373 1522 num
390 1451 611 1543 ignorantium
625 1447 798 1526 stultitiam
824 1471 862 1517 ac
883 1449 1101 1518 temeritatem
1122 1451 1335 1542 repressisset.

291 1559 442 1653 Moyses
463 1571 498 1627 et
519 1559 652 1627 Aaron
673 1555 711 1624 in
730 1553 979 1624 sacerdotibus
999 1555 1076 1650 ejus
1092 1558 1117 1624 ².
1140 1560 1183 1624 Et
1196 1579 1338 1646 magnus

180 1697 187 1714 ·
291 1665 426 1760 quidem
436 1669 578 1754 Moyses,
595 1662 653 1755 qui
664 1665 847 1754 AEgyptum
862 1661 1003 1746 vexavit,
1018 1659 1180 1754 populum
1192 1661 1338 1752 insignis

290 1771 403 1840 multis
423 1769 648 1863 prodigiisque
676 1769 816 1836 servavit
839 1769 873 1853 ³,
901 1770 989 1838 intrd
1015 1768 1140 1855 nubem
1162 1768 1335 1860 processit,

291 1877 458 1970 duplicem
490 1877 596 1968 legem
624 1875 752 1960 sanxit,
779 1873 955 1942 litteralem
991 1874 1146 1943 nimirum
1177 1876 1335 1961 externe,

290 1982 469 2077 spiritalem
491 1982 633 2070 interne,
646 1986 756 2050 Aaron
774 1994 897 2066 autern,
915 1980 1059 2069 Moysis,
1077 1994 1111 2050 et
1133 2003 1286 2072 corpore,
1304 1994 1338 2050 et

290 2081 407 2183 spiritu
424 2089 526 2158 frater
542 2090 571 2174 ⁴,
589 2111 650 2180 pro
669 2085 775 2156 salute
796 2085 911 2179 populi
926 2109 1039 2179 preces
1064 2101 1098 2156 et
1117 2087 1272 2156 sacrificia
1292 2087 1336 2156 ad

187 2199 190 2205 '
290 2202 396 2266 Deum
414 2195 594 2279 adhibens,
617 2195 727 2285 magni
750 2191 837 2262 illius
860 2207 893 2260 et
914 2194 1108 2264 sacrosancti
1129 2192 1335 2263 tabernaculi

291 2317 433 2396 mystes,
462 2299 574 2399 Quod
573 2301 668 2394 fixit
678 2299 858 2370 Dominus
869 2353 882 2386 ,
895 2323 941 2369 uc
956 2323 1029 2370 non
1041 2297 1149 2370 bomo
1164 2302 1188 2368 ⁵.
1207 2297 1336 2370 Utrius-

256 2399 258 2404 ’
290 2437 355 2508 que
367 2413 487 2482 horum
510 2410 565 2480 ille
579 2408 718 2478 aemulus
732 2407 808 2498 fuir,
831 2409 1020 2496 haereticam
1037 2423 1070 2478 et
1084 2407 1261 2502 aegyptiam
1273 2433 1336 2478 na-

289 2519 427 2601 tionem,
441 2540 510 2586 non
519 2517 696 2608 corporeis,
710 2513 768 2582 scd
778 2514 1002 2608 spiritualibus
1015 2514 1118 2607 plagis
1128 2516 1336 2607 excrucians3

290 2623 473 2718 Populum
486 2638 609 2693 autem
624 2621 885 2714 acquisitionis
906 2619 1083 2692 bonorum
1097 2645 1248 2714 operum
1261 2647 1337 2694 sec·

291 2747 446 2804 tutorem
464 2733 490 2818 ⁶,
509 2730 552 2800 ad
563 2729 785 2824 promissionis
801 2742 919 2798 terram
941 2727 1125 2814 deducens,
1144 2743 1176 2798 et
1192 2730 1335 2817 tabulis,

171 2861 172 2867 ’
214 2909 220 2922 ,
290 2865 366 2934 quae
377 2863 446 2910 non
457 2837 720 2933 perfringuntur,
738 2834 796 2904 sed
810 2849 1058 2920 conservantur,
1072 2833 1173 2930 leges,
1189 2860 1257 2906 non
1264 2839 1337 2930 jbm

186 2929 193 2952 ¹
290 2951 443 3019 obscuras
456 2961 496 3016 et
511 2946 743 3026 abumbratas,
765 2943 824 3010 sed
840 2943 931 3011 omni
955 2966 994 3010 ex
1016 2957 1108 3035 parte
1128 2943 1334 3036 spirituales,

289 3055 492 3141 inscribens,
509 3065 608 3143 atquc
632 3048 715 3117 adcb
731 3047 766 3116 in
780 3049 899 3118 Sancta
913 3063 1122 3136 sanctorum,
1146 3073 1215 3119 non
1233 3043 1336 3120 semel

291 3159 489 3258 quotannis,
504 3155 560 3226 sed
576 3151 714 3248 saepibs,
733 3167 785 3240 et,
808 3167 847 3223 ut
861 3154 907 3223 itt
923 3154 1046 3241 dicam,
1064 3156 1214 3248 quotidie
1229 3157 1337 3247 ingre·

291 3271 399 3352 diens,
418 3259 516 3359 atque'
532 3265 609 3333 hinc
626 3263 721 3332 nobis
739 3277 886 3332 sanctam
903 3264 1094 3332 Trinitatem
1106 3255 1337 3358 detegens,'ac

289 3375 476 3472 postrcmb,
503 3393 660 3462 ,nonper
687 3369 790 3438 fluxas
814 3382 847 3437 et
871 3369 1009 3440 caducas
1032 3371 1252 3463 aspersiones,
1277 3369 1337 3441 sed

290 3507 349 3578 per
375 3495 512 3550 aeternas
539 3477 803 3572 purificationes,
832 3478 947 3568 populi
971 3477 1076 3546 labes·
1092 3477 1216 3549 eluens.
1246 3479 1336 3562 Quid

290 3588 549 3683 pulcherrimum
564 3585 683 3652 habuit
697 3588 797 3652 Josue
811 3585 845 3650 ⁷?
857 3584 998 3652 militare
1009 3585 1197 3676 imperium,
1211 3599 1245 3654 et
1260 3609 1336 3678 por-

290 3697 420 3789 tionum
444 3690 729 3776 distributionem,
753 3703 915 3784 terraequc
937 3703 1058 3758 sanctae
1083 3693 1332 3784 possessionem.

287 3875 290 3880 ·
326 3853 333 3880 ¹
346 3843 403 3895 Job.
414 3859 433 3908 r,
447 3858 457 3891 r
470 3846 497 3891 et
507 3855 573 3906 seqq.
586 3861 618 3874 -
632 3847 643 3872 ¹
657 3835 718 3886 Psal.
729 3851 811 3901 xcrm,
825 3834 850 3885 5.
863 3831 917 3871 -—³
931 3837 1007 3887 Exod.
1022 3836 1090 3901 vn,8
1103 3844 1130 3888 et
1144 3853 1212 3906 seqq.
1225 3863 1258 3874 -
1268 3836 1283 3884 l
1294 3839 1333 3890 ld.

289 3945 356 3994 xxix,
367 3924 393 3992 4,
407 3931 434 3979 et
443 3940 510 3991 seqq.
527 3917 582 3960 ..⁵
594 3919 670 3971 liebr.
683 3935 734 3984 rur,
745 3915 827 3970 2.—⁶
840 3917 887 3970 rit.
899 3936 928 3985 n,
942 3916 982 3985 td.
994 3945 1024 3957 -
1036 3931 1047 3974 t
1057 3923 1146 3988 tacut,
1158 3938 1177 3988 r,
1191 3937 1217 3990 a,
1230 3928 1333 3990 etsaqq.
