2984 4580
236 409 337 461 otene
355 417 402 464 vr.
420 415 463 469 nr
485 414 641 464 retenone
664 413 700 463 m
723 414 932 464 eonemmnna
954 408 1121 492 anamim.
1148 399 1213 466 399
1289 422 1291 426 ·

169 514 276 602 tibus,
294 538 363 592 non
378 515 492 591 iisdem
515 528 695 608 utrumque
718 514 871 604 digamus
892 513 952 600 sit,
976 514 1035 586 sed
1057 514 1158 594 alium
1177 515 1215 587 in

85 703 89 710 ¹
167 644 310 716 regnum
331 621 516 707 induxerit,
542 620 644 694 alium
662 619 698 692 in
721 621 905 710 gehennam
919 621 1062 694 miserit?
1082 619 1214 716 Ecquid

150 728 242 799 xdico
256 729 418 800 latronem
438 742 472 798 et
490 726 716 798 homicidam?
734 730 849 820 Neque
867 728 957 800 enirn
982 727 1131 820 apostolo
1152 751 1213 822 pe·

167 837 290 930 percit,
301 838 385 931 quia
400 835 551 930 proditor
565 833 672 911 laetus
684 847 745 908 est.
761 833 826 910 Sed
841 835 919 910 erim
934 834 1062 908 videret
1079 859 1156 910 eum
1172 836 1214 907 ad

167 943 324 1040 laqueum
343 943 500 1032 tendere,
524 965 658 1037 seseque
680 941 902 1033 strangulare,
923 967 962 1015 ao
977 943 1123 1019 medium
1144 943 1214 1018 dia·
1332 971 1337 978 ’

167 1052 306 1146 rumpi:
332 1049 438 1126 Ncim
461 1049 601 1142 crepuit
615 1045 775 1136 nardius,
793 1062 830 1119 et
853 1046 974 1146 effuso
987 1063 1071 1124 runt
1087 1050 1213 1125 omm'a

166 1159 311 1234 viscera
328 1156 407 1250 ejus
422 1159 455 1248 ¹3
472 1167 617 1233 attamen
632 1155 709 1229 sinn
723 1156 796 1228 haee
812 1157 924 1232 emnia
938 1156 1122 1248 praesciret,
1137 1179 1215 1250 per·-

167 1265 256 1338 mitit
271 1286 348 1336 eum
358 1263 639 1356 haecomniapati,
656 1261 917 1356 apraesentibns,
929 1261 972 1333 de
984 1261 1215 1351 futurisetiam

168 1371 325 1444 omnibus
338 1369 400 1446 tibi
415 1368 516 1443 fidem
526 1366 660 1458 moieno.
679 1373 727 1442 Ne
738 1369 839 1462 igitur
858 1391 916 1444 roe
930 1369 1018 1462 ipsos
1030 1369 1212 1463 decipiatis,

169 1475 304 1551 diabolo
315 1477 578 1569 obtemperantes
594 1476 687 1548 :haee
698 1477 787 1548 enim
799 1489 878 1550 sunt
893 1477 962 1572 ejus
972 1475 1118 1550 consilia.
1130 1476 1214 1552 Nam

169 1584 194 1656 si
211 1597 244 1657 et
253 1583 399 1677 judiees,
421 1597 456 1656 et
477 1581 604 1656 domini
619 1595 653 1652 et
673 1595 911 1676 praeceptores,
929 1581 1057 1656 etiamsi
1079 1581 1222 1656 barbari·

168 1689 252 1776 sint,
273 1691 380 1764 bonos
399 1689 568 1763 honorant
590 1701 623 1760 et
638 1687 742 1761 malos
764 1689 932 1780 puniunt,
948 1687 1118 1782 quomodo
1133 1712 1215 1762 con·

167 1811 360 1870 sentanenm
394 1795 496 1870 fuerit
529 1801 636 1868 Deum
668 1796 832 1871 contraria
862 1793 971 1868 faeere
987 1849 999 1883 ,
1026 1811 1060 1886 et
1097 1797 1214 1874 iisdem

105 1929 108 1934 ·
167 1904 297 1998 dignari
316 1905 445 2004 bonum
462 1918 496 1976 et
511 1903 731 1996 improbum?
748 1903 967 1992 Quandondm
982 1906 1096 1996 ergdlt
1119 1905 1214 1978 mali-

166 2012 213 2082 tid
226 2011 324 2085 liberi
339 2012 478 2090 erimus?
489 2010 642 2104 Namqui
656 2033 746 2084 nune
764 2010 963 2103 supplicium
974 2025 1159 2104 expectant,
1179 2026 1213 2084 et
1238 2017 1243 2028 ’

165 2117 253 2190 inter
273 2125 325 2192 tot
343 2131 515 2190 versantur
529 2117 683 2227 timores,
701 2119 721 2190 l
741 2117 929 2212 judicibus,
945 2120 966 2192 a
987 2119 1128 2210 legibus,
1151 2142 1214 2192 nee

165 2237 278 2298 tamen
309 2222 477 2320 almelitid
509 2221 692 2312 desistunt3
721 2220 800 2296 erim
822 2225 863 2296 ed
888 2223 1039 2298 venerint
1061 2238 1101 2296 ut
1122 2226 1213 2297 hunc

166 2331 320 2404 timorem
343 2329 534 2426 deponant,
556 2327 648 2422 qnod
671 2352 741 2402 non
762 2328 870 2430 soldm
884 2331 920 2399 in
940 2332 1125 2422 gehennam
1144 2355 1214 2404 non

166 2437 332 2534 delapsuri
353 2439 441 2526 sint,
470 2435 528 2508 sed
551 2437 642 2532 quod
667 2438 767 2512 etiam
789 2459 930 2530 regnum
951 2437 1017 2516 sint
1040 2439 1210 2531 adepturi,

166 2546 413 2642 quandonam&
424 2546 572 2642 nequitia
584 2545 760 2620 desistent?
775 2549 827 2618 An
836 2546 912 2632 hoo,
926 2569 1052 2638 quaeso,
1062 2547 1214 2639 benigni-

166 2654 244 2726 tatis
258 2653 376 2742 fuerit,
393 2651 554 2726 malinam
573 2651 705 2738 fovere,
728 2667 763 2722 et
782 2653 939 2744 nequitiae
955 2654 1129 2744 proemium
1144 2667 1213 2726 sta·
1299 2719 1303 2726 .

82 2837 85 2842 ,
166 2761 284 2830 tuere?
299 2757 415 2830 iisdem
440 2757 570 2850 dignari
583 2757 679 2830 bonis
694 2770 821 2830 eastum
836 2771 870 2829 et
884 2756 1063 2844 lascivum,
1080 2759 1213 2832 fidelem

167 2880 203 2938 et
216 2865 368 2960 impium,
387 2864 526 2938 Paulum
540 2878 573 2936 et
587 2861 830 2938 diabolumldt
843 2865 1019 2958 quousque
1032 2889 1093 2938 nos
1107 2889 1213 2958 nuga-

166 2973 298 3047 bimur?
314 2973 536 3058 Quamobrem
548 2973 683 3046 obsecro
699 2985 735 3042 et
745 2995 816 3059 oro,
831 2973 874 3044 ab
891 2973 952 3044 hdo
964 2973 1089 3047 insanie
1103 2971 1209 3060 liberi,
1325 3027 1328 3034 .

166 3094 202 3154 et
216 3079 260 3152 ad
274 3103 332 3153 vos
353 3080 439 3172 ipsos
455 3074 648 3177 redeuntes,
669 3080 788 3152 animae
807 3093 922 3154 vestrm
938 3075 1161 3171 persuadeatis
1174 3093 1213 3150 ut

166 3189 284 3284 timeat
299 3199 332 3258 et
348 3199 489 3284 tremat,
501 3201 540 3260 ut
555 3199 589 3259 et
602 3184 744 3262 ltfuturd
757 3186 911 3277 gehennlt
920 3184 1092 3273 liberetur,
1105 3199 1138 3256 et
1148 3187 1212 3260 hae

166 3296 237 3371 vita
254 3307 475 3388 temperanter
490 3295 578 3378 aeta,
596 3290 708 3364 sutura
725 3293 815 3367 bona
831 3307 1037 3386 essequam,
1060 3294 1164 3384 gratia
1176 3308 1211 3368 et

159 3402 372 3496 ,benignitate
397 3399 529 3474 Domini
541 3397 645 3468 nostri
661 3401 741 3468 lesu
755 3397 876 3468 Christi
898 3420 974 3469 oum
988 3422 1060 3492 quo
1073 3399 1162 3474 Patri
1177 3412 1211 3472 et

167 3511 237 3581 unt
262 3509 397 3604 Spiritui
417 3519 530 3580 saneto
558 3503 680 3598 gloria,
705 3505 833 3590 honor,
854 3503 1050 3596 imperinm,
1068 3529 1158 3580 nuno
1177 3518 1213 3579 et

168 3640 297 3710 semper
313 3630 347 3688 et
361 3617 398 3688 in
412 3613 531 3692 saecula
547 3611 754 3686 sarulorum.
773 3617 881 3686 Amen
895 3616 922 3694 ²,
949 3640 967 3681 n

214 3722 324 3793 Habes
340 3724 451 3796 autem
461 3723 497 3792 in
508 3717 884 3812 atiaejusdemttomssit
902 3718 992 3790 unde
1008 3719 1211 3812 repellantur

169 3828 246 3904 vani
259 3839 451 3920 praetextae,
466 3827 630 3924 simulque
642 3825 849 3914 ostendatur,
864 3818 1033 3920 quomodo
1048 3826 1211 3900 exhortari

205 3967 213 3996 ι
229 3959 286 4014 ter.
299 3973 318 4023 t,
339 3958 379 4013 ra
394 3981 425 3998 -··
439 3965 450 3998 a
463 3929 713 4026 emanaverat
726 3959 825 4014 mma.
841 3955 929 4014 uren.
943 3971 1038 4022 nm.
1051 3954 1108 4023 t-e.
