2982 4584
286 418 350 483 tto
433 429 613 481 aureorum
636 429 663 476 s.
689 427 838 492 sennua,
863 427 941 478 aras
963 429 1010 494 ιι,
1034 427 1120 480 secut
1145 433 1175 506 ι.Ι
1258 422 1264 434 ’

283 559 362 609 cum
375 536 465 608 socio
479 527 575 628 pacta
590 533 692 619 ineat,
706 555 782 626 quea
791 533 919 624 possint
930 556 1046 626 paoem
1056 531 1244 621 conciliare,
1259 555 1328 604 non

283 643 375 737 priris
389 642 500 714 navim
523 642 559 710 in
580 659 670 710 mare
687 639 816 724 trahet,
842 661 952 732 neque
966 641 1063 712 aliam
1075 641 1215 730 attinget
1226 661 1329 732 nego-

282 749 466 820 manaem.
481 750 526 818 Et
536 767 598 817 uos
605 745 720 839 itaque
734 744 820 814 nihil
832 767 902 815 nou
912 766 1062 836 agamus,
1075 760 1115 817 ut
1129 739 1329 838 negotiatio·

282 857 333 928 nis
347 868 469 929 nostre
480 853 603 926 sociam
613 853 650 923 in
658 853 721 926 hae
735 853 812 924 navi
822 875 900 924 cum
911 853 1003 925 omni
1020 875 1099 948 pace
1110 853 1202 924 intirs
1216 867 1329 950 tenea·

281 981 369 1036 mus.
383 963 434 1034 Ita
444 963 532 1034 enim
542 974 577 1031 et
591 959 654 1032 alia
663 959 773 1030 omnia
784 960 881 1030 nohis
892 959 1074 1054 tranquilla
1084 957 1239 1048 eruut,'et
1248 981 1328 1032 cum

281 1072 457 1144 securitate
477 1069 556 1142 vite
575 1065 744 1162 praesentis
759 1065 895 1159 pelagus
907 1066 1117 1160 trajiciemus.
1136 1071 1208 1138 Hoc
1223 1067 1327 1161 pluris

282 1175 462 1264 faciamus,
479 1176 581 1270 quhm
600 1173 754 1260 domum,
772 1172 956 1266 mancipia,
982 1173 1158 1266 pecunias,
1184 1195 1281 1266 agros
1293 1187 1329 1244 et

281 1287 367 1378 ipsas
382 1308 434 1358 res
445 1280 556 1354 civiles
572 1311 582 1372 3
596 1280 700 1375 idque
714 1279 854 1352 manure
870 1281 1019 1351 omnium
1031 1280 1067 1350 in
1081 1281 1329 1374 pretiohahea-

282 1415 357 1464 mus
369 1445 380 1480 ,
392 1375 438 1480 ¹ui
451 1389 508 1460 iila
523 1411 599 1483 quae
613 1387 790 1460 nobiscum
805 1387 841 1456 in
867 1388 995 1458 aedibus
1012 1388 1153 1475 residet,
1170 1411 1241 1460 non
1267 1401 1326 1458 tn-

282 1499 429 1571 multum
442 1510 598 1584 moveat,
615 1518 698 1568 nere
713 1497 734 1565 h
752 1493 848 1566 nohis
864 1493 1029 1568 dissideat.
1046 1497 1097 1566 lta
1108 1495 1199 1566 enim
1218 1509 1253 1566 et
1267 1519 1332 1567 oae-

165 1611 171 1616 ’
283 1622 355 1680 tera
373 1605 470 1678 nohis
497 1603 643 1676 sauudo
675 1625 775 1674 cursu
797 1602 953 1690 venient,
985 1615 1020 1672 et
1045 1602 1082 1673 in
1103 1602 1331 1697 spirituaiibus

282 1716 424 1787 multam
438 1712 636 1784 habebimus
654 1709 863 1805 facilitatem,
885 1711 949 1782 hoc
959 1711 1079 1804 jugum
1094 1733 1171 1782 cnm
1190 1733 1330 1783 concor·

283 1821 338 1892 dit
364 1821 532 1891 trahentes
546 1818 790 1911 :omnibusque
804 1816 908 1910 probe
928 1817 1025 1908 gestis
1052 1818 1195 1911 reposita
1212 1841 1330 1890 conse-

282 1951 426 2025 quemur
446 1928 552 2013 bona,
569 1949 646 2020 quae
668 1947 729 1996 nos
741 1945 854 1996 omnes
867 1925 995 2018 assequi
1013 1925 1203 2018 contingat,
1227 1926 1331 2018 gratia

283 2050 318 2106 et
333 2034 538 2126 benignitate
554 2030 685 2102 Domini
696 2031 800 2102 nostri
814 2034 898 2100 Jesu-
908 2031 1046 2119 Christi,
1060 2055 1139 2102 cum
1159 2054 1227 2127 qno
1239 2032 1329 2102 Patri

283 2145 417 2237 unique
433 2139 569 2235 Spiritui
579 2151 692 2210 sancto
705 2137 829 2230 gloria,
846 2139 1034 2231 imperium,
1050 2141 1171 2228 honor,
1188 2151 1331 2211 nuncet

283 2255 431 2346 semper,
452 2263 486 2320 et
498 2245 665 2333 insaecula
680 2245 888 2318 saeculorum.
906 2251 1044 2318 Amen¹.
1064 2275 1081 2314 s

312 2362 428 2432 6⁰Nou
435 2355 538 2446 magis
547 2353 653 2448 parcit
661 2351 796 2441 invidie
803 2367 837 2424 et
845 2355 1012 2446 premisso
1022 2354 1249 2448 membrorum
1257 2378 1330 2426 cor·

283 2461 624 2559 poriscoucordantiee
634 2459 797 2552 exemplo,
806 2459 853 2532 sic
861 2458 935 2532 illos
944 2459 1181 2552 emendaturus
1195 2461 1326 2555 pergit:

326 2579 347 2640 ‘a
364 2577 444 2642 Haeo
462 2571 541 2660 ergb
562 2590 675 2638 ornnes
691 2568 888 2658 cogitantes,
913 2569 1082 2640 imitemur
1100 2571 1327 2642 membrorum

283 2677 428 2774 corporis
454 2674 684 2762 dilectionem,
710 2697 820 2770 neque
840 2677 1002 2770 contraria
1026 2678 1207 2766 faciamus,
1232 2678 1329 2750 malis

282 2785 424 2883 proximi
435 2780 652 2868 insultantes,
672 2794 706 2852 et
722 2783 791 2876 ejus
806 2783 901 2854 bonis
915 2783 1111 2856 invidentes.
1130 2786 1327 2856 Furentium

283 2896 444 2967 enimhoc
457 2903 552 2962 estet
566 2912 681 2962 eorum
691 2888 751 2984 qui
765 2891 801 2960 in
813 2912 945 2962 excessu
959 2892 1079 2962 mentis
1092 2907 1182 2964 snut.
1193 2894 1328 2966 Etenim

282 3003 342 3098 qni
356 2999 478 3078 effodit,
484 2995 619 3068 oculum
630 3048 641 3081 ,
654 2997 839 3068 'murnum
856 2995 982 3090 profert
997 3000 1150 3085 amentiae
1165 3001 1297 3091 signum
1314 3028 1324 3071 ε

282 3124 317 3180 et
333 3108 392 3200 qui
405 3127 543 3177 manum
555 3101 680 3189 exedit,
706 3116 828 3196 apertae
843 3103 979 3179 insaniae
993 3120 1225 3197 argumentum
1243 3131 1326 3201 prae·

190 3221 193 3228 ’
281 3217 349 3286 het.
363 3213 397 3284 Si
412 3224 523 3282 autem
538 3209 611 3280 'hoc
634 3209 671 3280 iu
684 3209 860 3294 memhris,
880 3213 917 3284 in
930 3210 1091 3284 fratribus
1101 3215 1250 3286 similiter
1266 3216 1326 3286 ad·

281 3324 413 3395 musam
427 3317 624 3415 insipientiae
646 3315 770 3390 sumam
787 3318 905 3408 affert,
922 3335 956 3392 et
973 3345 1041 3394 non
1055 3322 1128 3393 leve
1143 3321 1326 3394 detrimen·

280 3445 354 3502 tum
366 3423 509 3500 inducit.
532 3425 617 3498 th
639 3422 789 3516 quandiiu
814 3423 871 3496 iile
889 3425 1091 3521 resplendet,
1110 3442 1168 3500 tua
1181 3430 1325 3523 'quoque

280 3536 388 3610 forma
403 3544 557 3627 apparet,
574 3542 609 3600 et
619 3551 738 3622 eorpus
753 3543 861 3602 toturn
876 3543 1024 3608 ornatur.
1045 3538 1161 3628 Neque
1175 3535 1266 3606 enim
1281 3535 1326 3606 ad

149 3627 156 3642 ⁹
280 3667 315 3720 se
334 3642 442 3718 solum
466 3634 749 3732 pulchritudinem
771 3636 925 3728 adducit,
951 3642 1011 3714 sed
1024 3653 1058 3712 et
1078 3641 1138 3714 tibi
1158 3640 1325 3734 gloriandi

280 3752 392 3823 locum
415 3747 553 3842 praehet.
581 3744 615 3816 Si
639 3757 750 3819 autern
775 3743 871 3816 illum
893 3748 1079 3840 extinguas,
1106 3749 1168 3822 toti
1191 3748 1326 3844 corpori

281 3879 472 3932 communes
494 3853 647 3926 tenebras
670 3853 823 3940 effecisti,
851 3867 886 3924 et
907 3857 1062 3928 omnibus
1086 3858 1243 3934 membris
1266 3859 1322 3930 in·

319 3979 368 4040 ss,
380 3969 501 4054 dhrym.
511 3985 536 4038 in
548 3977 624 4051 spat.
635 3983 683 4038 rad
695 3987 750 4042 cor.
758 3981 848 4038 floud-
862 3997 929 4050 narr,
942 3997 967 4036 n.
978 4000 1005 4052 7,
1017 3985 1041 4040 8.
