2984 4580
308 415 372 478 334
450 427 629 480 annuorum
652 427 679 476 s.
706 427 862 492 annuunt,
888 427 964 476 atas
986 431 1034 491 11,
1059 429 1145 474 sacr.
1172 431 1197 472 1.

299 513 376 626 turn
391 530 434 600 ad
449 528 649 621 periculum,
668 529 710 598 ab
726 527 875 619 oppositi
890 525 1060 617 Charybdi
1081 525 1264 620 quidquam
1279 527 1345 598 dit-

301 633 451 705 ferentia.
470 640 524 704 An
538 649 577 704 tu
587 635 684 704 etiam
700 633 940 724 sagittariorum
951 648 984 704 et
996 631 1203 704 funditorum
1215 635 1346 724 sagittas

303 763 341 808 ac
355 739 493 831 lapides,
511 763 580 810 nou
595 752 706 809 autem
718 737 902 812 funditores
917 739 1002 831 ipsos
1017 753 1052 810 et
1063 740 1246 831 sagittarios
1256 763 1346 810 accu-

303 845 411 916 satist
435 849 488 916 An
514 837 709 916 venatorum
733 867 846 930 naues,
868 859 902 914 et
927 845 1150 918 veneficorum
1164 846 1298 932 Itonion,
1315 859 1348 916 et

232 985 235 990 ·
304 964 561 1042 cornupetarum
578 950 696 1036 boum,
715 963 748 1022 et
763 947 992 1025 dilaniantiunt
1006 949 1152 1023 ferarum
1175 975 1301 1022 cornua
1316 965 1349 1022 et

304 1079 431 1147 ungues
447 1086 453 1126 :
471 1056 530 1149 qui
548 1071 659 1130 autem
672 1059 710 1126 iis
726 1070 880 1142 utuntur,
898 1059 988 1128 extri
1004 1057 1138 1148 culpam
1152 1071 1345 1149 ponentur,

306 1185 367 1232 nec
382 1163 527 1234 criminis
541 1151 655 1234 aarum
676 1185 799 1248 rerum,
817 1187 899 1256 quas
917 1164 1156 1256 perpetrarint,
1174 1165 1348 1256 participes

306 1271 423 1342 eruut?
437 1272 567 1358 Meguoe
585 1268 732 1360 prolecto
747 1269 818 1341 baec
833 1268 981 1342 stultitiae
1002 1269 1137 1355 luerint,
1154 1293 1192 1342 ao
1205 1270 1349 1362 sophistl

306 1374 422 1466 procul
434 1373 538 1448 dubio
548 1397 631 1467 opus
643 1373 830 1462 habuerint,
847 1377 905 1468 qui
920 1375 1075 1450 vitiorum
1091 1399 1227 1448 suorum
1242 1374 1351 1468 patross.
1386 1462 1388 1467 Ι

308 1483 430 1550 cirrium
451 1481 623 1572 suscipiat,
640 1481 831 1574 viribusque
846 1482 1044 1575 eloquentia
1064 1483 1235 1554 veritatem
1253 1486 1348 1554 obte·

306 1599 371 1676 gat.
394 1585 458 1658 Sed
470 1585 562 1658 nulle
575 1589 725 1680 uuqnluu
740 1588 866 1660 ratione
879 1611 914 1659 ee
928 1589 1034 1680 ipsum
1053 1588 1249 1675 occultabit,
1267 1612 1309 1661 ne
1323 1589 1349 1660 si

306 1693 341 1760 in
352 1681 484 1762 omnem
497 1693 633 1786 quidem
646 1709 770 1785 partem
783 1718 817 1762 se
825 1709 947 1780 verset,
961 1719 998 1762 ac
1009 1695 1066 1786 pe'r
1081 1695 1244 1767 vafritiem
1259 1720 1349 1768 suam

306 1798 342 1866 in
365 1822 479 1872 omnes
502 1795 624 1872 formas
646 1799 816 1890 immutet3
838 1815 937 1894 atque
952 1803 1028 1872 Oroi
1052 1802 1198 1893 galeam,
1224 1816 1263 1870 ut
1284 1802 1349 1874 dici

289 1951 290 1954 ,
308 1903 407 1989 solet,
426 1904 559 1990 induat,
577 1921 634 1978 aut
650 1906 750 1996 Gygis
765 1906 889 1980 annulo
905 1921 938 1976 et
953 1905 1036 1999 pate
1054 1909 1266 1982 conversione
1282 1933 1349 1980 sese

308 2010 501 2078 suffuretur.
525 2012 595 2079 lrnb
612 2013 744 2095 contri,
762 2015 829 2104 qub
849 2013 950 2104 magis
970 2013 1056 2084 elabi
1080 2029 1179 2108 atque
1203 2015 1349 2108 effugere

309 2131 431 2200 tentat,
450 2119 513 2190 hoc
536 2118 639 2208 tnagis
658 2108 948 2210 comprehenditur
971 2135 1005 2192 et
1029 2122 1238 2195 convincitur
1260 2123 1349 2216 apud

310 2223 456 2296 veritatis
473 2223 635 2308 tribuual,
659 2223 696 2292 ac
713 2224 980 2316 prudentissimos
997 2253 1146 2322 quosque
1160 2253 1274 2300 earum
1299 2253 1349 2300 re-

314 2353 388 2398 rum
401 2329 544 2422 judices,
560 2329 676 2420 utpote
692 2329 896 2405 benefaciens
912 2347 1015 2426 atque
1026 2335 1255 2422 committens,
1274 2359 1348 2430 quae

232 2463 235 2470 ·
310 2459 352 2506 ne
379 2436 449 2528 ipse
474 2435 632 2528 quidem,
658 2451 696 2510 ut
718 2439 807 2530 justa
829 2437 1007 2512 defendere
1033 2453 1144 2537 queat.
1177 2443 1270 2516 Adeo
1293 2467 1349 2512 ex·

309 2555 459 2630 pugnata
473 2539 586 2637 ‘facilis
608 2564 659 2610 res
680 2557 730 2613 est
752 2543 959 2634 improbitas,
986 2561 1086 2642 atque
1115 2549 1349 2644 undecumque

310 2645 501 2737 secumipsa
518 2659 654 2736 pugnat.
1000 2648 1003 2652 ’

355 2781 372 2818 u
396 2757 462 2826 Nec
488 2753 671 2845 putandum
693 2769 742 2827 est
760 2779 799 2827 ea
817 2757 964 2850 quidem,
989 2785 1064 2852 quoe
1090 2761 1248 2850 faciebat,
1273 2763 1348 2834 talia

304 2857 425 2946 inisse,
443 2863 577 2954 tamque
588 2863 631 2932 ab
648 2862 856 2954 imperatoriis
873 2866 1045 2939 nobilitate
1056 2857 1089 2942 ct
1108 2873 1349 2962 magnificentii

278 2991 280 2994 ·
311 2981 453 3056 remota,
469 2991 507 3034 ea
530 2969 623 3052 verb,
641 2992 717 3058 quae
740 2967 847 3039 lacere
870 2971 1079 3060 instituebat,
1098 2977 1295 3048 humaniora
1317 2991 1348 3050 et

311 3072 507 3171 imperatore
521 3071 679 3160 digniora.
698 3077 821 3164 Magno
841 3074 988 3167 prolecto
1001 3080 1231 3155 aestimandum
1247 3097 1346 3168 esset,

310 3177 420 3249 sinon
435 3177 484 3262 iis,
503 3201 579 3269 quae
597 3180 935 3267 commemoravimus,
952 3185 1058 3256 multb
1072 3187 1305 3259 inhumaniora
1317 3201 1349 3260 et

309 3281 493 3356 crudeliora
507 3282 653 3359 luissent.
670 3286 956 3368 Quemadmodum
970 3293 1059 3360 enim
1074 3293 1151 3364 clim
1168 3295 1269 3366 draco
1281 3317 1350 3366 mo·

308 3391 377 3463 veri
392 3391 522 3483 incipit,
539 3414 685 3484 squamae
701 3394 769 3486 ejus
786 3394 904 3484 partim
914 3397 983 3488 jam
1003 3399 1211 3486 horrescunt,
1230 3402 1349 3492 partim

308 3499 610 3590 superborvescunt,
629 3501 748 3589 partim
764 3524 839 3570 mox
850 3503 1051 3590 horrescent,
1068 3508 1188 3598 partim
1203 3507 1348 3602 deniqub

308 3627 376 3692 non
399 3619 536 3696 possunt
558 3627 627 3674 non
655 3604 789 3680 taudem
819 3609 969 3694 moveri,
995 3612 1122 3684 etiamsi
1147 3613 1182 3685 iu
1207 3637 1348 3706 praesens

307 3712 429 3803 quintae
440 3735 478 3783 ue
494 3709 682 3802 tranquilla
696 3713 761 3784 sint
780 3743 787 3787 ε
805 3729 875 3801 aut,
892 3717 918 3784 si
932 3719 1046 3804 mavis,
1064 3722 1347 3812 quemadmodum

306 3817 445 3890 fulmine
464 3818 538 3894 aliae
555 3833 661 3910 partes
678 3821 746 3914 jan
771 3837 990 3914 occupantur,
1013 3826 1084 3898 aliae
1100 3829 1231 3921 nigrore
1256 3829 1347 3922 priris

305 3921 511 4008 inficiuntur,
523 3923 635 4017 quoad
645 3948 698 3996 eas
710 3924 797 3996 malo
807 3928 942 4024 quoque
951 3928 1143 4015 dominante
1151 3937 1350 4026 pervaserit:
