2984 4580
236 431 337 478 ctrur
361 436 406 478 vr.
433 434 475 476 nu
497 433 654 476 uarnouo
677 431 712 473 ιιι
735 425 1121 476 ιοιιιιοιιιιιιιιιιιιιιιιι.
1148 415 1211 476 397

170 533 354 605 dimittam
370 529 437 604 tibi
455 549 491 632 et
506 536 604 630 ego¹.
623 535 730 614 Quam
752 511 854 600 habet
875 531 940 600 hoc
956 528 1212 601 difficultatem?

168 639 341 712 iudicate
361 639 502 735 pupillo
530 654 566 710 et
582 636 786 735 'justificate
809 633 981 726 viduam,
1014 651 1049 708 et
1070 641 1209 726 venite,

169 761 205 818 et
214 743 468 841 disceptemus,
483 747 604 838 inquit,
623 758 659 814 et
673 743 859 840 sifuerint
866 758 1025 838 peccato
1042 759 1106 814 tua
1121 747 1213 816 sicut

87 871 89 874 ·
168 850 419 934 Pbceniceum,
437 865 477 921 ut
496 851 612 923 niuem
628 847 844 930 dealbatae
861 849 951 932 Quid
971 851 1008 918 in
1026 851 1089 920 hac
1105 875 1140 921 re
1160 850 1212 922 la-

167 962 277 1032 boris?
292 961 365 1034 Dic
386 975 425 1031 tu
441 973 599 1052 peccato
622 973 686 1029 tua
709 971 748 1028 ut
755 957 1006 1054 justificeris&
1024 962 1133 1042 Quam
1147 961 1212 1030 hoc

167 1068 268 1138 habet
280 1066 529 1166 difficultatem.
518 1069 532 1111 ⁹
540 1065 707 1136 Peccata
720 1077 784 1134 tua
793 1062 1029 1158 eleemosynis
1042 1063 1208 1138 redime⁴.

167 1174 256 1256 Qurd
265 1173 351 1243 hac
342 1196 379 1241 m
390 1195 425 1241 re
437 1173 585 1242 sudoris
595 1173 681 1242 Dunt
691 1170 914 1242 Pubhcanus
907 1171 1137 1268 ·''Proputrus
1135 1187 1212 1244 esto

167 1277 257 1350 mibi
277 1285 476 1372 peccatori,
503 1293 538 1348 et
554 1275 996 1372 descenditjustrficotusb
1013 1281 1093 1363 Quis
1116 1279 1212 1351 labor

166 1387 268 1456 fuerit
291 1385 541 1466 Publicanum'
532 1386 670 1455 rmitari?
655 1385 752 1455 PSed
772 1399 847 1476 post
867 1382 940 1456 baec
961 1399 1052 1457 tanta
1075 1409 1144 1458 non
1162 1389 1211 1460 vis

150 1491 318 1578 credere,
326 1491 424 1611 qubd·
434 1491 584 1584 sitpoena
595 1505 628 1560 et
643 1490 864 1611 supplicium.⁸
866 1493 965 1580 Ergb,
985 1515 1027 1562 ne
1039 1492 1211 1564 diabolum

167 1598 304 1691 quidem
317 1598 427 1702 punin
417 1597 584 1668 'dixerisz
603 1596 664 1667 Ite
673 1597 827 1690 ,inquit,
849 1623 887 1666 ιιι
902 1599 1024 1692 ignem
1035 1613 1211 1692 paratum

166 1702 314 1775 daubolo
334 1719 370 1774 et
386 1703 526 1810 angelus
550 1705 673 1801 ejus.
648 1709 661 1747 ⁶
693 1705 826 1776 Nem
802 1729 828 1774 ιι
849 1707 999 1795 gehenna
1014 1731 1083 1778 non
1103 1722 1208 1796 esset,

165 1834 274 1906 neque
286 1809 342 1880 ille
363 1813 562 1903 puniretur.
580 1809 671 1904 qubd
693 1833 718 1878 ιι
709 1809 789 1878 'ille
802 1811 974 1902 puniatur,
989 1805 1098 1904 paiam
1114 1829 1163 1884 est
1177 1829 1211 1885 et

165 1939 237 2002 nos,
252 1917 310 2010 qui
324 1923 395 2011 ejus
406 1940 506 2010 opera
521 1931 700 2022 patramus,
718 1913 902 2008 puniendos
914 1937 993 1986 esse.
1012 1921 1094 1991 Nam
1104 1933 1138 1989 et
1151 1945 1211 1991 nos

164 2024 388 2095 inobedientes
409 2023 544 2110 suimus,
559 2023 618 2092 etsi
633 2045 702 2120 non
718 2023 860 2092 iis'dem
851 2047 887 2092 m
902 2024 1011 2094 rebus.
1032 2026 1209 2109 Quomodo
1316 2021 1320 2030 ’

165 2153 234 2200 non
248 2131 344 2201 times
355 2131 432 2201 cium
444 2129 599 2200 audacter
610 2129 773 2222 loqueris?
789 2129 874 2200 Ciam
887 2131 975 2200 enim
987 2130 1067 2202 dicis
1088 2161 1096 2204 ι
1113 2161 1130 2200 ι
1147 2137 1210 2203 Be·

166 2239 286 2330 nignus
302 2251 351 2308 est
369 2243 474 2323 Deus,
491 2260 552 2306 nec
571 2237 707 2329 puniet,
727 2263 743 2300 ι
762 2237 788 2305 si
808 2237 942 2329 puniat,
963 2262 1031 2309 non
1047 2241 1209 2332 benignus

166 2343 348 2414 secundnm
363 2357 396 2413 te
411 2343 688 2435 deprehendetur.
707 2343 1001 2438 Vides-noinquae
1016 2346 1116 2416 verba
1131 2371 1209 2438 pro-

165 2451 369 2522 ferendavos
380 2447 532 2521 diabolus
547 2450 718 2544 impellat?
734 2451 820 2534 Quid
835 2465 962 2539 autem,
981 2477 1024 2522 an
1039 2454 1204 2542 monachi,

114 2644 118 2646 ,
166 2559 226 2652 qui
240 2573 368 2628 montes
379 2559 595 2650 occupbrunt,
610 2571 643 2626 et
657 2555 748 2626 mille
760 2557 865 2628 modis
876 2559 1031 2650 pietatem
1041 2577 1205 2648 exercent,

166 2666 237 2735 sine
252 2665 375 2734 corone
389 2663 548 2760 abibunt?
563 2665 647 2734 me
663 2665 689 2730 si
704 2663 783 2730 mali
799 2685 868 2732 non
882 2666 1084 2754 puniuntur,
1101 2667 1208 2738 nulla·

167 2785 292 2864 queest
306 2769 491 2856 retributio,
509 2769 597 2838 dicet
611 2763 747 2837 fortasse
763 2767 856 2853 alius,
874 2789 983 2861 neque
994 2771 1100 2842 bonos
1111 2797 1207 2844 coro-

167 2878 249 2946 nari.
271 2877 505 2970 Nequaqubm,
532 2875 687 2968 inquies:
708 2874 772 2943 boc
795 2877 865 2944 Deo
880 2897 1064 2967 congruens
1084 2892 1149 2965 est,
1169 2893 1208 2950 ut

167 2978 586 3076 regnum'sitsolummodb,
598 2993 632 3050 et
643 3001 710 3049 non
721 2980 982 3074 gehennaErgb
994 2999 1164 3072 scortator,
1174 2988 1209 3055 et

168 3092 332 3172 moechus,
348 3090 454 3183 etqui
468 3082 814 3180 millemalapatravit,
830 3087 944 3160 iisdem
961 3087 1090 3162 fruetur
1098 3093 1205 3180 bonis,

168 3200 290 3294 quibus
305 3185 330 3266 ii
344 3198 403 3292 qui
417 3197 563 3266 castitate
580 3210 613 3266 et
628 3198 799 3266 sanctitate
813 3197 998 3268 floruerunt
1015 3229 1023 3269 ι
1039 3214 1073 3269 et
1088 3201 1210 3274 Paulus

170 3327 246 3376 curn
259 3309 390 3378 Nerone
403 3303 514 3388 stabit,
532 3303 600 3371 imb
610 3301 762 3370 diabolus
773 3323 848 3369 cum
862 3303 977 3372 Paulo.
997 3305 1130 3374 sienim
1142 3331 1211 3377 non

69 3482 72 3488 ,
171 3426 219 3481 est
244 3413 409 3501 gehenna,
434 3421 469 3477 et
491 3405 600 3476 tamen
626 3407 819 3475 resurrectio
844 3421 910 3490 est,
933 3408 1075 3500 improbi
1096 3412 1211 3482 iisdem

171 3511 324 3588 fruentur
339 3517 434 3588 bonis
448 3514 569 3608 quibus
578 3513 668 3606 justi.
687 3512 872 3606 Ecquis'vel
888 3513 1067 3584 admodum
1079 3516 1211 3588 insanus

171 3627 344 3696 bomohoc
353 3621 570 3692 dixeritiimb
582 3621 655 3712 quis
664 3619 852 3690 doemonum
862 3619 1211 3712 hocprotuleriti'nbm

173 3749 206 3803 et
230 3733 277 3802 illi
299 3733 482 3824 gebennam
503 3753 571 3799 esse
593 3727 749 3797 fatentur.
772 3735 978 3821 Quapropter
1004 3727 1210 3817 clamabant,

210 3889 218 3914 ¹
234 3877 320 3928 Matth.
335 3875 466 3942 v1,1t,.-
482 3885 492 3910 ²
506 3878 559 3926 lsai.
572 3894 592 3940 ι,
610 3874 647 3925 ι8.
661 3899 692 3910 -
707 3869 764 3924 ³1d.
777 3885 843 3937 ιιιιι,
860 3873 901 3926 26.
918 3898 946 3910 ·-
960 3869 1042 3926 tuan.
1066 3891 1101 3940 ιι,
1116 3873 1157 3941 ai.
1180 3899 1213 3912 -·
1242 3912 1245 3916 -

175 3959 256 4014 ⁵Luc.
270 3977 337 4026 ιιιιι,
353 3958 393 4022 13,
408 3956 447 4024 14.
463 3983 494 3996 -
507 3953 615 4011 ⁶uatth.
628 3954 741 4042 umis.
