2992 4590
210 400 310 450 cteur
334 407 378 451 vr..
397 407 438 450 uu
454 407 610 451 unruono
634 408 670 449 m
693 404 899 454 conmortuus
922 403 1088 456 lnnrarrt.
1116 389 1179 452 125

95 583 99 598 .
146 501 200 572 sed
215 504 303 596 ejus,
321 504 379 598 qui
398 515 573 596 operatur,
591 503 707 573 virtuti
726 505 807 574 fides
818 504 989 578 habenda.
1007 513 1074 578 Lex
1094 507 1181 576 enim

146 625 191 680 est
212 625 358 698 naturae,
380 612 457 680 edm
480 611 600 681 mulier
616 611 827 680 matrimonio
844 615 958 704 juncta
973 618 1083 704 parit:
1106 615 1182 684 crim

145 720 219 787 verb
230 721 338 790 virum
363 743 432 790 non
447 709 704 812 experta‘virgo‚
727 722 902 812 postquam
923 724 1069 813 peperit,
1091 723 1185 812 virgo
1260 773 1262 782 ι

145 826 253 894 rursris
277 839 423 918 apparet,
453 827 525 895 tum
551 847 604 895 res
627 839 785 922 naturam¹
805 825 943 896 excedit.
964 827 1062 909 Quod
1084 829 1184 917 igitur

104 923 105 926 ¹
143 933 324 1004 secun'ddm
339 939 491 1004 naturam
507 935 564 1019 fit,
587 931 773 1025 inquiratur
796 934 914 1026 :quod
935 936 1014 1004 verb
1034 947 1187 1012 naturam

144 1054 290 1132 superat,
308 1039 437 1109 silentio
453 1039 605 1126 colatur:
628 1061 695 1108 non
714 1042 872 1132 tanquam
894 1029 1112 1131 fugiendum,
1130 1037 1188 1111 sed

144 1149 305 1240 tanquam
321 1145 557 1231 inenarrabile,
575 1144 777 1238 dignumque
792 1145 887 1239 quod
902 1147 1031 1217 silentio
1051 1169 1188 1218 venere-

142 1277 230 1324 mur.
256 1253 323 1324 Sed
334 1252 411 1322 date
425 1252 518 1338 mihi,
535 1275 657 1345 quaeso,
676 1253 760 1323 hanc
776 1254 905 1323 veniam
917 1307 932 1338 ,‚
946 1268 983 1324 ut
998 1255 1034 1323 in
1050 1253 1186 1323 exordio

142 1363 246 1430 finem
280 1360 399 1430 faciam
422 1359 561 1436 dicendi.
593 1357 687 1431 Cirm'
702 1361 791 1430 enim
816 1385 926 1431 rerum
957 1361 1187 1434 sublimiorum

141 1466 425 1556 investigationem
451 1465 608 1556 attingere
634 1464 865 1554 reformidem,
894 1492 962 1562 quo
987 1483 1107 1561 pacto,
1131 1481 1189 1540 aut

143 1596 248 1666 quam
263 1574 297 1642 in
318 1586 444 1663 partem
465 1573 619 1642 orationis
643 1573 773 1645 clavum
793 1574 924 1644 flectam
945 1575 1080 1660 nescio,
1103 1573 1189 1657 Quid

141 1679 234 1748 enim
247 1677 367 1763 dicam,
376 1692 433 1746 aut
444 1677 525 1770 quid
536 1678 673 1772 loquar?
687 1695 825 1750 matrem
840 1680 949 1766 video,
961 1705 1036 1776 qnae
1043 1681 1187 1774 peperit,

141 1783 250 1878 filium
273 1797 370 1876 partu
389 1783 516 1854 editum
533 1807 633 1855 cerno
657 1785 819 1856 :modum
844 1800 955 1856 autem
975 1787 1190 1878 generationis

143 1914 214 1960 nou
235 1891 401 1982 conspicio
426 1921 433 1960 :
458 1891 600 1961 vincitur
619 1890 711 1960 enim
735 1907 872 1978 natura,
901 1893 1044 1962 vincitur
1067 1891 1192 1962 ordinis

143 1995 251 2082 limes,
264 1995 398 2090 quando
407 1995 479 2067 vult
488 2001 585 2066 Deus.
600 2001 673 2069 Non
689 1998 776 2066 enim
789 1987 972 2068 secundirm
984 2012 1133 2068 naturam
1143 2009 1192 2068 est

145 2102 239 2198 quod
249 2101 379 2190 accidit,
390 2104 448 2199 sed
458 2107 555 2196 supra
563 2118 715 2192 naturam
724 2103 919 2174 miraculum
929 2108 1048 2176 evenit.
1061 2105 1193 2188 Quievit

145 2213 235 2282 enim
254 2225 391 2297 natura,
410 2211 468 2280 sed
482 2213 615 2280 Domini
633 2212 785 2282 voluntas
801 2228 933 2306 operata
950 2227 1009 2282 est.
1029 2213 1193 2281 Oineffa-

144 2318 248 2390 bilem
265 2318 422 2410 gratiam!
442 2318 648 2409 Unigenitus,
661 2319 719 2411 qui
731 2321 863 2389 estante
880 2319 1010 2406 saccula,
1029 2319 1087 2413 qui
1101 2318 1194 2410 tangi
1220 2365 1224 2370 -

146 2450 217 2498 non
233 2437 360 2519 potest,
374 2425 433 2518 qui
444 2423 584 2516 simplex
595 2438 643 2494 est
658 2438 692 2494 et
703 2426 931 2518 incorporeus,
946 2449 1065 2520 corpus
1081 2447 1194 2512 meum

148 2533 249 2606 subiit
270 2533 473 2626 corruptioni
497 2532 696 2620 obnoxium,
723 2548 757 2603 et
781 2535 998 2628 aspectabile!
1019 2540 1127 2620 Quam
1148 2535 1192 2605 ob

147 2646 301 2713 causam?
316 2657 355 2711 ut
374 2653 568 2733 conspectus
579 2640 714 2727 doceat,
732 2640 853 2711 docens
866 2631 976 2712 autem
992 2644 1034 2712 ad
1050 2667 1100 2730 ea,
1118 2666 1193 2736 quac

149 2775 218 2822 non
234 2749 359 2820 cadunt
375 2749 438 2818 sub
454 2747 578 2834 oculos,
595 2769 696 2816 manu
704 2747 818 2816 ducat.
837 2752 920 2818 Nam
939 2751 1096 2840 quoniam
1111 2775 1193 2820 ocu-

150 2857 197 2928 los
209 2858 345 2927 auribus
361 2855 523 2925 fideliores
540 2877 607 2924 esse
623 2853 807 2922 existimant
822 2854 983 2939 homines,
1003 2853 1044 2924 de
1061 2847 1100 2924 eo
1116 2857 1194 2926 vcrd

150 2967 319 3053 dubitant,
338 2963 428 3060 quod
444 2988 512 3035 non
527 2963 652 3050 vident,
671 2964 844 3055 propterea
861 2960 1013 3053 dignatus
1029 2976 1122 3032 estet
1137 2985 1195 3056 per

151 3097 272 3166 corpus
293 3073 395 3142 oculis
419 3085 630 3164 conspectum
649 3070 700 3138 sui
715 3069 878 3163 praebere,
896 3083 935 3138 ut
954 3069 1196 3142 dubitationem

152 3180 295 3250 tolleret.
314 3184 357 3248 Et
369 3180 513 3248 nascitur
529 3201 568 3246 ex
586 3177 729 3267 Virgine,
743 3201 819 3269 quae
831 3201 900 3246 rem
912 3179 1085 3269 ignorabat
1099 3209 1106 3250 :
1118 3181 1196 3248 nam

150 3295 260 3382 neque
286 3301 459 3380 cooperata
476 3299 524 3355 est
547 3284 590 3354 ad
611 3307 679 3352 rem
704 3284 897 3374 gerendam,
923 3309 1031 3379 neque
1056 3287 1197 3356 contulit

151 3396 324 3489 quidpiam
339 3395 380 3463 ad
397 3393 431 3462 id
447 3391 538 3486 quod
553 3392 654 3460 fiebat
669 3419 676 3458 :
694 3391 752 3459 sed
767 3389 896 3459 nudum
909 3389 973 3460 luit
988 3383 1114 3462 arcanea
1130 3395 1197 3462 vir-

151 3503 231 3571 tutis
248 3505 318 3595 ejus
333 3501 589 3570 instrumentum
600 3529 609 3586 3
622 3498 752 3566 tantum
766 3496 953 3568 idnoverat
967 3501 1059 3592 quod
1075 3524 1113 3568 cx
1130 3503 1196 3568 Ga·
1245 3482 1251 3499 ²

153 3608 257 3677 briele
282 3607 443 3677 sciscitata
463 3604 648 3674 didicerat:
673 3601 864 3698 Quomodo
887 3601 1055 3698 mz'lu'flet
1078 3602 1194 3693 z'stud,

155 3718 242 3808 quio
258 3717 374 3784 uirum
392 3711 466 3784 non
481 3733 660 3807 cognosco
682 3714 716 3775 ¹?
734 3712 818 3780 Trim
834 3712 942 3804 iuquit
956 3710 1011 3780 ille
1038 3740 1046 3781 ι
1069 3713 1125 3780 Vis
1135 3713 1198 3782 hoc

155 3823 235 3892 scire
246 3853 254 3892 :
265 3822 425 3914 Spiritus
439 3832 586 3889 sanctus
596 3817 715 3896 ueniet
730 3818 766 3914 in
781 3831 833 3903 te,
849 3831 884 3888 ct
896 3819 1008 3888 uirtus
1019 3817 1200 3889 Altirsz'mr'

195 3959 202 3986 ¹
220 3953 279 4000 Luc.
295 3967 313 4015 r,
331 3949 373 4014 34.

1306 521 1316 550 0
