2930 4582
200 470 303 514 carus
326 473 371 515 vr.
399 474 439 514 nn
463 472 619 514 1111111010
636 471 671 513 nr
686 471 893 515 concremant
917 465 1083 512 annrmrt.
1111 449 1175 512 135

134 581 211 636 sunt
222 569 293 636 haee
306 569 410 654 bona',
428 593 496 637 non
512 583 595 652 tnta,
614 565 671 634 sed
689 567 815 654 brevia,
833 565 942 654 lutea,
962 593 1036 661 quae
1047 565 1101 635 vix
1115 591 1175 660 ap·
1245 645 1248 650 ,

133 687 250 764 parent
268 691 301 743 et
318 688 527 755 evanescunt,
544 695 673 740 aecum
695 669 806 739 multis
820 669 989 740 laboribus
1005 673 1176 764 possiden·

133 783 207 848 tur?
224 783 305 861 Quae
325 781 411 848 bona
431 793 509 848 sunt
528 777 592 846 iltis
615 775 770 870 aequalia,
790 801 864 870 quae
883 777 1174 869 suntimmobilia3

133 909 208 977 quae
227 889 396 978 nunquam
413 895 586 952 senescunt
599 915 608 972 3
622 907 698 976 quae
714 882 836 950 nullius
853 895 931 950 sunt
947 875 1087 971 laboris,
1101 908 1176 975 quae

131 993 352 1064 certaminum
373 1008 522 1082 ternpore
540 1013 677 1058 coronas
689 990 749 1058 tibi
762 989 929 1058 afferunt?
945 992 1027 1059 Nam
1043 991 1101 1082 qui
1118 1014 1176 1082 pe·

131 1101 244 1168 eunias
257 1099 395 1190 despicit
406 1151 414 1182 ,
425 1099 492 1189 jam
509 1094 586 1164 b'mc
600 1095 782 1164 mercedem
802 1095 936 1188 recipit,
955 1095 1177 1164 sollicitudine

129 1229 272 1290 vacuus,
291 1205 409 1286 livore,
427 1201 658 1294 sycophantid,
677 1201 819 1286 insidiis,
839 1195 973 1269 invidid.
992 1203 1053 1284 Qui
1069 1215 1177 1270 castus

129 1325 179 1382 est
196 1306 230 1379 et
254 1311 368 1379 ornate
385 1309 479 1394 vivit,
503 1310 600 1378 etiarn
625 1309 801 1399 antequam
824 1307 978 1393 decedat,
998 1323 1175 1377 coronatur

128 1417 213 1484 etin
230 1415 355 1483 deliciis
371 1415 477 1502 degit,
498 1415 634 1498 decore,
653 1414 874 1499 irrisionibus,
893 1415 1064 1506 periculis,
1079 1437 1176 1484 accu-

130 1521 314 1592 sationibus
327 1521 460 1614 aliisque
477 1507 628 1590 omnibus
642 1521 733 1592 malis
753 1521 922 1589 liberatus.
943 1521 1025 1590 Atiae
1041 1525 1176 1616 quoque

130 1629 263 1698 virtutis
279 1641 384 1719 partes
400 1627 547 1695 similiter
554 1629 623 1720 jam
636 1629 689 1696 bic
706 1627 801 1696 nobis
814 1629 999 1697 mercedem
1018 1629 1173 1698 afferunt.

129 1737 174 1804 Ut
191 1735 291 1825 igitur
307 1747 340 1802 et
355 1735 527 1826 praesentia
548 1750 581 1804 et
597 1735 708 1804 futura
731 1756 972 1828 consequamur
996 1737 1100 1822 bona,
1118 1735 1174 1805 fu-

127 1843 254 1932 giamus
276 1845 456 1936 nequitiam
472 1857 505 1910 et
520 1843 676 1910 virtutem
698 1841 948 1933 amplectamur?
967 1845 1018 1912 Sic
1034 1843 1122 1912 enim
1143 1857 1176 1914 et

126 1949 181 2016 hic
197 1949 232 2016 in
249 1948 373 2016 deliciis
386 1949 522 2046 erimus,
541 1962 574 2016 et
589 1947 700 2016 sutura
714 1974 953 2042 consequemur
973 1951 1081 2035 bona,
1099 1975 1175 2042 quae

127 2053 257 2125 utinam
281 2079 395 2123 omnes
416 2053 635 2148 adipiscamur
652 2055 753 2146 gratid
773 2067 806 2124 et
826 2057 1028 2148 benignitate
1048 2057 1177 2124 Domini

127 2161 236 2231 Nostri
253 2163 331 2229 Jesu
347 2161 488 2247 Christi,
510 2163 564 2230 cui
577 2161 678 2250 gloria
695 2177 727 2231 et
739 2163 913 2255 imperium
925 2161 960 2230 in
972 2162 1095 2260 *saecula
1116 2187 1177 2232 sae,

130 2266 296 2336 culorum.
309 2269 414 2336 Amen
430 2271 453 2340 ,¹2
483 2295 498 2330 »

173 2373 267 2441 Idem
287 2397 385 2464 agens
403 2376 518 2468 contra
537 2373 682 2458 Judaeos,
701 2373 745 2441 sic
761 2373 929 2442 historiam
941 2385 1051 2442 narrat
1064 2369 1178 2444 Chris-

104 2474 209 2548 tiani
235 2479 453 2549 Christianam
473 2469 513 2549 ad
542 2503 743 2570 synagogam
774 2477 967 2558 tudaeorum
994 2479 1079 2548 malt
1109 2495 1176 2549 tra-

127 2585 263 2654 hantis:

175 2717 190 2758 n
211 2693 318 2762 Judaei
334 2717 367 2761 se
384 2695 522 2792 quoqub¹
537 2697 641 2761 Deum
660 2693 795 2762 adorare
814 2695 947 2781 dicunt,
975 2683 1030 2762 sed
1042 2692 1126 2764 absit
1138 2709 1176 2765 ut

126 2800 191 2866 hoc
207 2799 354 2867 dicamus
371 2829 377 2868 :
402 2823 499 2866 nemo
516 2798 650 2866 Judaeus
668 2803 773 2866 Deum
790 2787 914 2866 adorat.
937 2800 1016 2879 Quis
1030 2803 1074 2867 ait
1092 2801 1177 2870 hoc?

127 2903 186 2972 Dei
215 2905 328 2972 Filius.
359 2903 404 2974 St'
426 2906 521 2972 enim
545 2904 700 2972 Patrem
723 2917 842 2972 meum
872 2905 1041 2988 nossetr'S,
1069 2899 1176 2972 et'me

127 3011 305 3079 nossetis:
327 3034 442 3100 neque
459 3011 543 3078 vero
565 3035 621 3078 me
640 3013 764 3096 nortis,
783 3033 850 3079 nec
868 3007 1060 3079 Putrem¹.
1079 3011 1176 3094 Quod

127 3115 351 3184 testimonium
376 3119 438 3184 hoc
461 3115 527 3184 fide
552 3113 681 3204 dignius
701 3117 889 3185 adducam?
907 3117 939 3186 Si
959 3123 1088 3186 Patrem
1109 3141 1177 3186 non

127 3223 268 3304 norunt,
289 3217 410 3288 Filium
435 3222 685 3306 crucifixerunt,
711 3224 850 3326 Spiritds
866 3222 1023 3292 auxilium
1044 3221 1176 3316 repule-

119 3331 217 3396 runt.
231 3329 313 3409 Quis
325 3327 437 3395 locum
450 3327 550 3394 istum
566 3349 635 3394 esse
647 3327 836 3395 daemonum
848 3327 1075 3414 diversorium,
1088 3332 1178 3398 affir-

128 3457 216 3502 mare
229 3433 416 3502 non-ausit?
429 3439 501 3503 Non
517 3436 673 3502 adoratur
687 3434 733 3500 ibi
752 3439 855 3517 Deus,
871 3435 955 3502 absit
971 3464 978 3504 :
995 3431 1052 3502 sed
1068 3435 1177 3506 idolo-

127 3539 230 3607 latriae
250 3537 403 3630 deinceps
423 3539 515 3607 loeus
533 3553 581 3607 est
600 3569 607 3606 ε
627 3553 660 3606 et
682 3553 792 3606 tamen
809 3535 911 3631 aliqui
932 3537 995 3608 illis
1018 3545 1177 3634 tanquam

128 3646 272 3712 sacrariis
289 3645 470 3712 adbaerent.
496 3651 605 3738 Atque
624 3643 696 3712 haec
712 3669 780 3712 non
802 3647 996 3735 conjecturis
1013 3647 1177 3728 adductus

70 3807 76 3816 s
128 3748 211 3834 dieu,
226 3749 284 3819 sed
296 3753 365 3843 ipsa
381 3751 516 3820 edoctus
528 3751 736 3842 experientia.
752 3754 835 3820 Nam
847 3753 922 3820 ante
936 3754 999 3822 hoc
1013 3753 1173 3842 triduum,

128 3857 206 3924 mihi
228 3849 372 3942 credite,
388 3881 455 3925 non
475 3857 635 3943 mentior,
655 3871 838 3926 matronam
859 3849 1037 3951 quamdam
1053 3860 1174 3932 hones-

165 3993 171 4017 ¹
186 3985 211 4032 S.
219 3983 301 4048 Chrys.
315 3981 405 4034 Homil.
423 3999 498 4047 111111,
509 3981 630 4035 1111111111.
645 4001 670 4036 n.
685 3984 742 4034 3-5.
754 4009 786 4020 -
802 3989 891 4037 ’toan
907 4003 962 4052 vm,
977 4006 1015 4054 19.
