<?xml version="1.0" encoding="UTF-8"?>
<!DOCTYPE html PUBLIC "-//W3C//DTD XHTML 1.0 Transitional//EN"
    "http://www.w3.org/TR/xhtml1/DTD/xhtml1-transitional.dtd">
<html xmlns="http://www.w3.org/1999/xhtml" xml:lang="en" lang="en">
 <head>
  <title>
</title>
<meta http-equiv="Content-Type" content="text/html;charset=utf-8" />
  <meta name='ocr-system' content='tesseract 3.04.00' />
  <meta name='ocr-capabilities' content='ocr_page ocr_carea ocr_par ocr_line ocrx_word'/>
</head>
<body>
  <div class='ocr_page' id='page_1' title='image "./rhetoricasancto00cailgoog_0442.png"; bbox 0 0 2982 4584; ppageno 0'>
   <div class='ocr_carea' id='block_1_1' title="bbox 174 379 1276 466">
    <p class='ocr_par' dir='ltr' id='par_1_1' title="bbox 174 379 1276 466">
     <span class='ocr_line' id='line_1_1' title="bbox 174 379 1276 466; baseline 0.002 -2"><span class='ocrx_word' id='word_1_1' title='bbox 174 379 185 391; x_wconf 47' lang='lat'>¹</span> <span class='ocrx_word' id='word_1_2' title='bbox 234 417 335 464; x_wconf 75' lang='lat' dir='ltr'>carus</span> <span class='ocrx_word' id='word_1_3' title='bbox 358 423 403 466; x_wconf 88' lang='lat' dir='ltr'>v1.</span> <span class='ocrx_word' id='word_1_4' title='bbox 422 423 463 464; x_wconf 83' lang='lat' dir='ltr'>nu</span> <span class='ocrx_word' id='word_1_5' title='bbox 481 421 637 466; x_wconf 75' lang='lat' dir='ltr'>massono</span> <span class='ocrx_word' id='word_1_6' title='bbox 660 423 695 464; x_wconf 84' lang='lat' dir='ltr'>ru</span> <span class='ocrx_word' id='word_1_7' title='bbox 719 418 925 464; x_wconf 79' lang='lat' dir='ltr'>eonororuuus</span> <span class='ocrx_word' id='word_1_8' title='bbox 948 415 1115 465; x_wconf 74' lang='lat' dir='ltr'>luuram.</span> <span class='ocrx_word' id='word_1_9' title='bbox 1143 403 1207 466; x_wconf 74' lang='lat'>445</span> <span class='ocrx_word' id='word_1_10' title='bbox 1274 393 1276 404; x_wconf 71' lang='lat'>&#39;</span> 
     </span>
    </p>
   </div>
   <div class='ocr_carea' id='block_1_2' title="bbox 77 515 1310 3899">
    <p class='ocr_par' dir='ltr' id='par_1_2' title="bbox 77 515 1310 3899">
     <span class='ocr_line' id='line_1_2' title="bbox 168 515 1209 612; baseline 0.002 -26"><span class='ocrx_word' id='word_1_11' title='bbox 168 541 265 604; x_wconf 90' lang='lat' dir='ltr'>uem,</span> <span class='ocrx_word' id='word_1_12' title='bbox 280 519 402 590; x_wconf 85' lang='lat' dir='ltr'>rivulos</span> <span class='ocrx_word' id='word_1_13' title='bbox 414 519 569 588; x_wconf 82' lang='lat' dir='ltr'><strong>habebas.</strong></span> <span class='ocrx_word' id='word_1_14' title='bbox 589 515 727 600; x_wconf 75' lang='lat' dir='ltr'>Quodsi</span> <span class='ocrx_word' id='word_1_15' title='bbox 743 517 822 610; x_wconf 91' lang='lat' dir='ltr'>quid</span> <span class='ocrx_word' id='word_1_16' title='bbox 839 541 894 588; x_wconf 91' lang='lat' dir='ltr'>eos</span> <span class='ocrx_word' id='word_1_17' title='bbox 906 520 1061 612; x_wconf 77' lang='lat' dir='ltr'>quoque,</span> <span class='ocrx_word' id='word_1_18' title='bbox 1079 519 1137 612; x_wconf 91' lang='lat' dir='ltr'>qui</span> <span class='ocrx_word' id='word_1_19' title='bbox 1149 519 1209 590; x_wconf 85' lang='lat' dir='ltr'>tibi</span> 
     </span>
     <span class='ocr_line' id='line_1_3' title="bbox 167 626 1209 718; baseline 0.003 -23"><span class='ocrx_word' id='word_1_20' title='bbox 167 627 293 696; x_wconf 77' lang='lat' dir='ltr'>&#39;anobis</span> <span class='ocrx_word' id='word_1_21' title='bbox 303 627 479 714; x_wconf 91' lang='lat' dir='ltr'>habentur,</span> <span class='ocrx_word' id='word_1_22' title='bbox 496 628 637 696; x_wconf 86' lang='lat' dir='ltr'>honores</span> <span class='ocrx_word' id='word_1_23' title='bbox 652 647 757 710; x_wconf 88' lang='lat' dir='ltr'>curas,</span> <span class='ocrx_word' id='word_1_24' title='bbox 777 639 875 718; x_wconf 91' lang='lat' dir='ltr'>atque</span> <span class='ocrx_word' id='word_1_25' title='bbox 890 626 955 696; x_wconf 89' lang='lat' dir='ltr'>hoc</span> <span class='ocrx_word' id='word_1_26' title='bbox 971 626 1098 717; x_wconf 87' lang='lat' dir='ltr'>praemii</span> <span class='ocrx_word' id='word_1_27' title='bbox 1113 651 1209 698; x_wconf 90' lang='lat' dir='ltr'>sanc-</span> 
     </span>
     <span class='ocr_line' id='line_1_4' title="bbox 167 730 1209 822; baseline 0.002 -22"><span class='ocrx_word' id='word_1_28' title='bbox 167 732 208 800; x_wconf 87' lang='lat' dir='ltr'>tis</span> <span class='ocrx_word' id='word_1_29' title='bbox 223 733 516 804; x_wconf 73' lang='lat' dir='ltr'>animis¹divinit1is</span> <span class='ocrx_word' id='word_1_30' title='bbox 534 730 717 822; x_wconf 85' lang='lat' dir='ltr'>contingit,</span> <span class='ocrx_word' id='word_1_31' title='bbox 742 744 780 800; x_wconf 90' lang='lat' dir='ltr'>ut</span> <span class='ocrx_word' id='word_1_32' title='bbox 796 731 857 800; x_wconf 89' lang='lat' dir='ltr'>ista</span> <span class='ocrx_word' id='word_1_33' title='bbox 881 733 1042 817; x_wconf 82' lang='lat' dir='ltr'>sentiant,</span> <span class='ocrx_word' id='word_1_34' title='bbox 1064 747 1209 804; x_wconf 86' lang='lat' dir='ltr'>nostram</span> 
     </span>
     <span class='ocr_line' id='line_1_5' title="bbox 167 837 1210 936; baseline 0.002 -30"><span class='ocrx_word' id='word_1_35' title='bbox 167 840 301 932; x_wconf 77' lang='lat' dir='ltr'>quoque</span> <span class='ocrx_word' id='word_1_36' title='bbox 318 841 499 936; x_wconf 83' lang='lat' dir='ltr'>orationem</span> <span class='ocrx_word' id='word_1_37' title='bbox 519 860 579 930; x_wconf 89' lang='lat' dir='ltr'>pro</span> <span class='ocrx_word' id='word_1_38' title='bbox 595 837 727 922; x_wconf 90' lang='lat' dir='ltr'>multis,</span> <span class='ocrx_word' id='word_1_39' title='bbox 746 861 783 907; x_wconf 87' lang='lat' dir='ltr'>ac</span> <span class='ocrx_word' id='word_1_40' title='bbox 799 862 869 930; x_wconf 87' lang='lat' dir='ltr'>prae</span> <span class='ocrx_word' id='word_1_41' title='bbox 884 838 997 908; x_wconf 92' lang='lat' dir='ltr'>multis</span> <span class='ocrx_word' id='word_1_42' title='bbox 1012 838 1210 909; x_wconf 80' lang='lat' dir='ltr'><strong>funebribus</strong></span> 
     </span>
     <span class='ocr_line' id='line_1_6' title="bbox 168 945 1211 1042; baseline -0.001 -25"><span class='ocrx_word' id='word_1_43' title='bbox 168 947 263 1018; x_wconf 90' lang='lat' dir='ltr'>donis</span> <span class='ocrx_word' id='word_1_44' title='bbox 279 949 419 1042; x_wconf 86' lang='lat' dir='ltr'>accipias</span> <span class='ocrx_word' id='word_1_45' title='bbox 439 945 559 1033; x_wconf 89' lang='lat' dir='ltr'>velim,</span> <span class='ocrx_word' id='word_1_46' title='bbox 577 969 676 1038; x_wconf 89' lang='lat' dir='ltr'>quam</span> <span class='ocrx_word' id='word_1_47' title='bbox 693 947 833 1017; x_wconf 84' lang='lat' dir='ltr'>Gaesario</span> <span class='ocrx_word' id='word_1_48' title='bbox 849 949 925 1016; x_wconf 75' lang='lat' dir='ltr'>aute</span> <span class='ocrx_word' id='word_1_49' title='bbox 943 959 998 1032; x_wconf 93' lang='lat' dir='ltr'>te,</span> <span class='ocrx_word' id='word_1_50' title='bbox 1015 961 1049 1017; x_wconf 92' lang='lat' dir='ltr'>et</span> <span class='ocrx_word' id='word_1_51' title='bbox 1061 947 1121 1016; x_wconf 91' lang='lat' dir='ltr'>tibi</span> <span class='ocrx_word' id='word_1_52' title='bbox 1136 961 1211 1041; x_wconf 91' lang='lat' dir='ltr'>post</span> 
     </span>
     <span class='ocr_line' id='line_1_7' title="bbox 167 1049 1211 1145; baseline 0.004 -25"><span class='ocrx_word' id='word_1_53' title='bbox 167 1051 263 1122; x_wconf 92' lang='lat' dir='ltr'>illum</span> <span class='ocrx_word' id='word_1_54' title='bbox 278 1053 505 1145; x_wconf 83' lang='lat' dir='ltr'>persolvimus,</span> <span class='ocrx_word' id='word_1_55' title='bbox 517 1049 786 1144; x_wconf 88' lang='lat' dir='ltr'>quandoquidem</span> <span class='ocrx_word' id='word_1_56' title='bbox 798 1050 938 1122; x_wconf 81' lang='lat' dir='ltr'><strong>fratrum</strong></span> <span class='ocrx_word' id='word_1_57' title='bbox 949 1051 1121 1122; x_wconf 87' lang='lat' dir='ltr'>funeribus</span> <span class='ocrx_word' id='word_1_58' title='bbox 1135 1077 1211 1140; x_wconf 79' lang='lat' dir='ltr'>ora-</span> 
     </span>
     <span class='ocr_line' id='line_1_8' title="bbox 168 1157 1210 1252; baseline 0 -26"><span class='ocrx_word' id='word_1_59' title='bbox 168 1158 257 1228; x_wconf 90' lang='lat' dir='ltr'>tioue</span> <span class='ocrx_word' id='word_1_60' title='bbox 273 1158 510 1250; x_wconf 90' lang='lat' dir='ltr'>prosequendis</span> <span class='ocrx_word' id='word_1_61' title='bbox 526 1179 638 1227; x_wconf 90' lang='lat' dir='ltr'>sumus</span> <span class='ocrx_word' id='word_1_62' title='bbox 653 1157 817 1227; x_wconf 90' lang='lat' dir='ltr'>reservati.</span> <span class='ocrx_word' id='word_1_63' title='bbox 835 1157 888 1226; x_wconf 72' lang='lat' dir='ltr'>An</span> <span class='ocrx_word' id='word_1_64' title='bbox 901 1159 980 1228; x_wconf 82' lang='lat' dir='ltr'>verd</span> <span class='ocrx_word' id='word_1_65' title='bbox 995 1181 1056 1228; x_wconf 91' lang='lat' dir='ltr'>nos</span> <span class='ocrx_word' id='word_1_66' title='bbox 1077 1160 1210 1252; x_wconf 75' lang='lat' dir='ltr'>quoque</span> 
     </span>
     <span class='ocr_line' id='line_1_9' title="bbox 167 1252 1269 1358; baseline 0.002 -24"><span class='ocrx_word' id='word_1_67' title='bbox 167 1279 242 1357; x_wconf 92' lang='lat' dir='ltr'>post</span> <span class='ocrx_word' id='word_1_68' title='bbox 254 1289 312 1335; x_wconf 93' lang='lat' dir='ltr'>vos</span> <span class='ocrx_word' id='word_1_69' title='bbox 330 1265 544 1356; x_wconf 84' lang='lat' dir='ltr'>parihon&#39;ore</span> <span class='ocrx_word' id='word_1_70' title='bbox 559 1252 721 1358; x_wconf 80' lang='lat' dir='ltr'>quispiam</span> <span class='ocrx_word' id='word_1_71' title='bbox 733 1265 911 1336; x_wconf 86' lang='lat' dir='ltr'>affecturus</span> <span class='ocrx_word' id='word_1_72' title='bbox 926 1266 987 1350; x_wconf 90' lang='lat' dir='ltr'>sit,</span> <span class='ocrx_word' id='word_1_73' title='bbox 1001 1263 1109 1334; x_wconf 89' lang='lat' dir='ltr'>dicere</span> <span class='ocrx_word' id='word_1_74' title='bbox 1120 1263 1213 1337; x_wconf 89' lang='lat' dir='ltr'>haud</span> <span class='ocrx_word' id='word_1_75' title='bbox 1266 1263 1269 1270; x_wconf 78' lang='grc'><strong>’</strong></span> 
     </span>
     <span class='ocr_line' id='line_1_10' title="bbox 168 1369 1208 1462; baseline 0.002 -24"><span class='ocrx_word' id='word_1_76' title='bbox 168 1393 256 1462; x_wconf 91' lang='lat' dir='ltr'>queo</span> <span class='ocrx_word' id='word_1_77' title='bbox 275 1399 283 1440; x_wconf 91' lang='lat'>:</span> <span class='ocrx_word' id='word_1_78' title='bbox 303 1370 459 1440; x_wconf 82' lang='lat' dir='ltr'>caeterirm</span> <span class='ocrx_word' id='word_1_79' title='bbox 472 1393 511 1440; x_wconf 91' lang='lat' dir='ltr'>eo</span> <span class='ocrx_word' id='word_1_80' title='bbox 526 1369 685 1439; x_wconf 80' lang='lat' dir='ltr'>duntaxlt</span> <span class='ocrx_word' id='word_1_81' title='bbox 696 1369 838 1456; x_wconf 89' lang='lat' dir='ltr'>honore,</span> <span class='ocrx_word' id='word_1_82' title='bbox 857 1371 915 1462; x_wconf 90' lang='lat' dir='ltr'>qui</span> <span class='ocrx_word' id='word_1_83' title='bbox 935 1375 1004 1440; x_wconf 88' lang='lat' dir='ltr'>Deo</span> <span class='ocrx_word' id='word_1_84' title='bbox 1020 1372 1208 1462; x_wconf 78' lang='lat' dir='ltr'>gratus&#39;sit,</span> 
     </span>
     <span class='ocr_line' id='line_1_11' title="bbox 169 1475 1211 1568; baseline 0.001 -22"><span class='ocrx_word' id='word_1_85' title='bbox 169 1476 363 1563; x_wconf 84' lang='lat' dir='ltr'>afficiamur,</span> <span class='ocrx_word' id='word_1_86' title='bbox 376 1475 449 1546; x_wconf 79' lang='lat' dir='ltr'>tam</span> <span class='ocrx_word' id='word_1_87' title='bbox 460 1476 716 1568; x_wconf 80' lang='lat' dir='ltr'>peregrinantes,</span> <span class='ocrx_word' id='word_1_88' title='bbox 733 1475 805 1543; x_wconf 80' lang='lat' dir='ltr'>ttm</span> <span class='ocrx_word' id='word_1_89' title='bbox 819 1477 1018 1563; x_wconf 80' lang='lat' dir='ltr'>habitantes,</span> <span class='ocrx_word' id='word_1_90' title='bbox 1030 1477 1065 1547; x_wconf 92' lang='lat' dir='ltr'>iu</span> <span class='ocrx_word' id='word_1_91' title='bbox 1080 1477 1211 1548; x_wconf 84' lang='lat' dir='ltr'>Christo</span> 
     </span>
     <span class='ocr_line' id='line_1_12' title="bbox 168 1583 1211 1676; baseline 0.003 -24"><span class='ocrx_word' id='word_1_92' title='bbox 168 1587 247 1652; x_wconf 80' lang='lat' dir='ltr'>lesu</span> <span class='ocrx_word' id='word_1_93' title='bbox 262 1583 402 1666; x_wconf 85' lang='lat' dir='ltr'>Domino</span> <span class='ocrx_word' id='word_1_94' title='bbox 417 1598 540 1670; x_wconf 90' lang='lat' dir='ltr'>nostro,</span> <span class='ocrx_word' id='word_1_95' title='bbox 560 1583 614 1652; x_wconf 88' lang='lat' dir='ltr'>cui</span> <span class='ocrx_word' id='word_1_96' title='bbox 627 1583 729 1674; x_wconf 84' lang='lat' dir='ltr'>gloria</span> <span class='ocrx_word' id='word_1_97' title='bbox 741 1597 775 1652; x_wconf 91' lang='lat' dir='ltr'>et</span> <span class='ocrx_word' id='word_1_98' title='bbox 784 1583 873 1652; x_wconf 88' lang='lat' dir='ltr'>Patri</span> <span class='ocrx_word' id='word_1_99' title='bbox 885 1607 962 1653; x_wconf 89' lang='lat' dir='ltr'>cum</span> <span class='ocrx_word' id='word_1_100' title='bbox 980 1585 1104 1676; x_wconf 85' lang='lat' dir='ltr'>Spiritu</span> <span class='ocrx_word' id='word_1_101' title='bbox 1117 1609 1211 1655; x_wconf 84' lang='lat' dir='ltr'>sanc—</span> 
     </span>
     <span class='ocr_line' id='line_1_13' title="bbox 168 1688 826 1776; baseline -0.011 -17"><span class='ocrx_word' id='word_1_102' title='bbox 168 1703 222 1776; x_wconf 87' lang='lat' dir='ltr'>to,</span> <span class='ocrx_word' id='word_1_103' title='bbox 236 1689 271 1758; x_wconf 91' lang='lat' dir='ltr'>iu</span> <span class='ocrx_word' id='word_1_104' title='bbox 286 1689 405 1759; x_wconf 88' lang='lat' dir='ltr'>saecula</span> <span class='ocrx_word' id='word_1_105' title='bbox 420 1688 627 1758; x_wconf 88' lang='lat' dir='ltr'>sacculorum.</span> <span class='ocrx_word' id='word_1_106' title='bbox 647 1692 754 1756; x_wconf 79' lang='lat' dir='ltr'>Amen</span> <span class='ocrx_word' id='word_1_107' title='bbox 764 1693 788 1755; x_wconf 80' lang='lat'>1.</span> <span class='ocrx_word' id='word_1_108' title='bbox 810 1716 826 1752; x_wconf 77' lang='lat' dir='ltr'>s</span> 
     </span>
     <span class='ocr_line' id='line_1_14' title="bbox 195 1795 1212 1892; baseline -0.001 -25"><span class='ocrx_word' id='word_1_109' title='bbox 195 1823 198 1837; x_wconf 91' lang='lat'><em>·</em></span> <span class='ocrx_word' id='word_1_110' title='bbox 226 1799 294 1867; x_wconf 91' lang='lat' dir='ltr'>Nec</span> <span class='ocrx_word' id='word_1_111' title='bbox 318 1796 360 1865; x_wconf 90' lang='lat' dir='ltr'>ah</span> <span class='ocrx_word' id='word_1_112' title='bbox 382 1797 445 1865; x_wconf 71' lang='lat' dir='ltr'>hle</span> <span class='ocrx_word' id='word_1_113' title='bbox 469 1797 678 1866; x_wconf 88' lang='lat' dir='ltr'>Peroratione</span> <span class='ocrx_word' id='word_1_114' title='bbox 703 1795 850 1874; x_wconf 88' lang='lat' dir='ltr'>dissentit</span> <span class='ocrx_word' id='word_1_115' title='bbox 872 1795 928 1864; x_wconf 95' lang='lat' dir='ltr'>illa</span> <span class='ocrx_word' id='word_1_116' title='bbox 952 1797 1118 1887; x_wconf 84' lang='lat' dir='ltr'>invocatio</span> <span class='ocrx_word' id='word_1_117' title='bbox 1145 1800 1212 1892; x_wconf 81' lang='lat' dir='ltr'>qual</span> 
     </span>
     <span class='ocr_line' id='line_1_15' title="bbox 171 1899 943 1974; baseline -0.001 -2"><span class='ocrx_word' id='word_1_118' title='bbox 171 1902 276 1972; x_wconf 88' lang='lat' dir='ltr'>sancti</span> <span class='ocrx_word' id='word_1_119' title='bbox 290 1901 461 1972; x_wconf 75' lang='lat' dir='ltr'>Athanasii</span> <span class='ocrx_word' id='word_1_120' title='bbox 473 1901 670 1974; x_wconf 89' lang='lat' dir='ltr'>Encomium</span> <span class='ocrx_word' id='word_1_121' title='bbox 681 1899 768 1968; x_wconf 91' lang='lat' dir='ltr'>idem</span> <span class='ocrx_word' id='word_1_122' title='bbox 782 1899 921 1970; x_wconf 91' lang='lat' dir='ltr'>absolvit</span> <span class='ocrx_word' id='word_1_123' title='bbox 935 1931 943 1971; x_wconf 74' lang='grc' dir='ltr'><strong><em>ε</em></strong></span> 
     </span>
     <span class='ocr_line' id='line_1_16' title="bbox 218 1997 1212 2100; baseline 0.004 -27"><span class='ocrx_word' id='word_1_124' title='bbox 218 2006 331 2079; x_wconf 76' lang='lat' dir='ltr'>«Ciam</span> <span class='ocrx_word' id='word_1_125' title='bbox 347 2017 550 2076; x_wconf 83' lang='lat' dir='ltr'>autemeam</span> <span class='ocrx_word' id='word_1_126' title='bbox 570 2007 646 2076; x_wconf 89' lang='lat' dir='ltr'>vitae</span> <span class='ocrx_word' id='word_1_127' title='bbox 671 2028 803 2074; x_wconf 90' lang='lat' dir='ltr'>cursum</span> <span class='ocrx_word' id='word_1_128' title='bbox 827 1997 1002 2093; x_wconf 90' lang='lat' dir='ltr'>tenuisset,</span> <span class='ocrx_word' id='word_1_129' title='bbox 1029 2021 1129 2100; x_wconf 88' lang='lat' dir='ltr'>atque</span> <span class='ocrx_word' id='word_1_130' title='bbox 1147 2009 1212 2078; x_wconf 77' lang='lat' dir='ltr'>ita·</span> 
     </span>
     <span class='ocr_line' id='line_1_17' title="bbox 170 2100 1212 2205; baseline 0.001 -23"><span class='ocrx_word' id='word_1_131' title='bbox 170 2113 339 2182; x_wconf 89' lang='lat' dir='ltr'>institutus</span> <span class='ocrx_word' id='word_1_132' title='bbox 348 2110 478 2199; x_wconf 88' lang='lat' dir='ltr'>fuisset,</span> <span class='ocrx_word' id='word_1_133' title='bbox 493 2111 637 2205; x_wconf 90' lang='lat' dir='ltr'>aliosque</span> <span class='ocrx_word' id='word_1_134' title='bbox 649 2100 850 2198; x_wconf 83' lang='lat' dir='ltr'>instituisset,</span> <span class='ocrx_word' id='word_1_135' title='bbox 863 2126 901 2181; x_wconf 92' lang='lat' dir='ltr'>ut</span> <span class='ocrx_word' id='word_1_136' title='bbox 909 2126 942 2182; x_wconf 92' lang='lat' dir='ltr'>et</span> <span class='ocrx_word' id='word_1_137' title='bbox 949 2113 1015 2183; x_wconf 91' lang='lat' dir='ltr'>vita</span> <span class='ocrx_word' id='word_1_138' title='bbox 1024 2113 1124 2204; x_wconf 91' lang='lat' dir='ltr'>ipsius</span> <span class='ocrx_word' id='word_1_139' title='bbox 1139 2137 1212 2183; x_wconf 92' lang='lat' dir='ltr'>mo-</span> 
     </span>
     <span class='ocr_line' id='line_1_18' title="bbox 77 2217 1214 2312; baseline -0.001 -22"><span class='ocrx_word' id='word_1_140' title='bbox 77 2283 79 2290; x_wconf 93' lang='lat'><em>.</em></span> <span class='ocrx_word' id='word_1_141' title='bbox 172 2241 313 2312; x_wconf 89' lang='lat' dir='ltr'>rumque</span> <span class='ocrx_word' id='word_1_142' title='bbox 329 2218 413 2287; x_wconf 91' lang='lat' dir='ltr'>ratio</span> <span class='ocrx_word' id='word_1_143' title='bbox 426 2217 630 2309; x_wconf 81' lang='lat' dir='ltr'>episcopatris</span> <span class='ocrx_word' id='word_1_144' title='bbox 646 2239 760 2286; x_wconf 86' lang='lat' dir='ltr'>norma</span> <span class='ocrx_word' id='word_1_145' title='bbox 777 2219 878 2304; x_wconf 89' lang='lat' dir='ltr'>esset,</span> <span class='ocrx_word' id='word_1_146' title='bbox 897 2231 930 2287; x_wconf 90' lang='lat' dir='ltr'>et</span> <span class='ocrx_word' id='word_1_147' title='bbox 944 2219 1045 2310; x_wconf 91' lang='lat' dir='ltr'>ipsius</span> <span class='ocrx_word' id='word_1_148' title='bbox 1061 2220 1214 2310; x_wconf 84' lang='lat' dir='ltr'>dogmata</span> 
     </span>
     <span class='ocr_line' id='line_1_19' title="bbox 96 2323 1213 2420; baseline 0.004 -29"><span class='ocrx_word' id='word_1_149' title='bbox 96 2386 98 2391; x_wconf 88' lang='grc'><em>,</em></span> <span class='ocrx_word' id='word_1_150' title='bbox 171 2349 232 2420; x_wconf 91' lang='lat' dir='ltr'>pro</span> <span class='ocrx_word' id='word_1_151' title='bbox 241 2326 320 2396; x_wconf 85' lang='lat' dir='ltr'>fidei</span> <span class='ocrx_word' id='word_1_152' title='bbox 331 2323 525 2395; x_wconf 84' lang='lat' dir='ltr'>orthodoxae</span> <span class='ocrx_word' id='word_1_153' title='bbox 534 2323 607 2416; x_wconf 86' lang='lat' dir='ltr'>lege</span> <span class='ocrx_word' id='word_1_154' title='bbox 616 2325 829 2411; x_wconf 87' lang='lat' dir='ltr'>haberentur,</span> <span class='ocrx_word' id='word_1_155' title='bbox 840 2325 932 2418; x_wconf 91' lang='lat' dir='ltr'>quod</span> <span class='ocrx_word' id='word_1_156' title='bbox 940 2329 1074 2395; x_wconf 86' lang='lat' dir='ltr'>tandem</span> <span class='ocrx_word' id='word_1_157' title='bbox 1084 2328 1213 2418; x_wconf 88' lang='lat' dir='ltr'>pietatis</span> 
     </span>
     <span class='ocr_line' id='line_1_20' title="bbox 171 2433 1213 2526; baseline -0.001 -22"><span class='ocrx_word' id='word_1_158' title='bbox 171 2434 345 2526; x_wconf 81' lang='lat' dir='ltr'>praemium</span> <span class='ocrx_word' id='word_1_159' title='bbox 360 2434 472 2526; x_wconf 81' lang='lat' dir='ltr'>capit?</span> <span class='ocrx_word' id='word_1_160' title='bbox 486 2436 600 2525; x_wconf 90' lang='lat' dir='ltr'>Neque</span> <span class='ocrx_word' id='word_1_161' title='bbox 622 2433 710 2500; x_wconf 90' lang='lat' dir='ltr'>enim</span> <span class='ocrx_word' id='word_1_162' title='bbox 722 2433 786 2502; x_wconf 89' lang='lat' dir='ltr'>hoc</span> <span class='ocrx_word' id='word_1_163' title='bbox 798 2433 972 2522; x_wconf 84' lang='lat' dir='ltr'>neglectim</span> <span class='ocrx_word' id='word_1_164' title='bbox 988 2435 1213 2504; x_wconf 88' lang='lat' dir='ltr'>transmitten-</span> 
     </span>
     <span class='ocr_line' id='line_1_21' title="bbox 173 2541 1310 2635; baseline 0.002 -25"><span class='ocrx_word' id='word_1_165' title='bbox 173 2542 254 2610; x_wconf 90' lang='lat' dir='ltr'>dum</span> <span class='ocrx_word' id='word_1_166' title='bbox 279 2555 339 2610; x_wconf 89' lang='lat' dir='ltr'>est.</span> <span class='ocrx_word' id='word_1_167' title='bbox 367 2545 407 2609; x_wconf 90' lang='lat' dir='ltr'>In</span> <span class='ocrx_word' id='word_1_168' title='bbox 425 2541 514 2628; x_wconf 75' lang='lat' dir='ltr'>hond</span> <span class='ocrx_word' id='word_1_169' title='bbox 538 2554 705 2610; x_wconf 87' lang='lat' dir='ltr'>senectute</span> <span class='ocrx_word' id='word_1_170' title='bbox 720 2542 822 2610; x_wconf 91' lang='lat' dir='ltr'>vitam</span> <span class='ocrx_word' id='word_1_171' title='bbox 838 2541 983 2628; x_wconf 87' lang='lat' dir='ltr'>claudit,</span> <span class='ocrx_word' id='word_1_172' title='bbox 1001 2543 1214 2635; x_wconf 90' lang='lat' dir='ltr'>patribusque</span> <span class='ocrx_word' id='word_1_173' title='bbox 1308 2613 1310 2620; x_wconf 82' lang='grc'>,</span> 
     </span>
     <span class='ocr_line' id='line_1_22' title="bbox 173 2644 1214 2739; baseline 0.002 -22"><span class='ocrx_word' id='word_1_174' title='bbox 173 2651 256 2734; x_wconf 90' lang='lat' dir='ltr'>suis,</span> <span class='ocrx_word' id='word_1_175' title='bbox 275 2644 470 2717; x_wconf 88' lang='lat' dir='ltr'>Patriarchis</span> <span class='ocrx_word' id='word_1_176' title='bbox 484 2699 493 2731; x_wconf 94' lang='lat'>,</span> <span class='ocrx_word' id='word_1_177' title='bbox 505 2661 538 2714; x_wconf 93' lang='lat' dir='ltr'>et</span> <span class='ocrx_word' id='word_1_178' title='bbox 553 2650 744 2738; x_wconf 86' lang='lat' dir='ltr'>Prophetis,</span> <span class='ocrx_word' id='word_1_179' title='bbox 758 2661 792 2715; x_wconf 91' lang='lat' dir='ltr'>et</span> <span class='ocrx_word' id='word_1_180' title='bbox 808 2649 988 2739; x_wconf 79' lang='lat' dir='ltr'>Apostolis,</span> <span class='ocrx_word' id='word_1_181' title='bbox 1007 2674 1044 2719; x_wconf 88' lang='lat' dir='ltr'>ac</span> <span class='ocrx_word' id='word_1_182' title='bbox 1060 2651 1214 2739; x_wconf 88' lang='lat' dir='ltr'>Martyri-</span> 
     </span>
     <span class='ocr_line' id='line_1_23' title="bbox 150 2751 1212 2848; baseline 0.002 -25"><span class='ocrx_word' id='word_1_183' title='bbox 150 2799 152 2802; x_wconf 95' lang='lat'>-</span> <span class='ocrx_word' id='word_1_184' title='bbox 173 2756 252 2838; x_wconf 88' lang='lat' dir='ltr'>bus,</span> <span class='ocrx_word' id='word_1_185' title='bbox 271 2753 329 2846; x_wconf 93' lang='lat' dir='ltr'>qui</span> <span class='ocrx_word' id='word_1_186' title='bbox 347 2775 409 2844; x_wconf 91' lang='lat' dir='ltr'>pro</span> <span class='ocrx_word' id='word_1_187' title='bbox 430 2751 567 2821; x_wconf 89' lang='lat' dir='ltr'>veritate</span> <span class='ocrx_word' id='word_1_188' title='bbox 588 2751 841 2840; x_wconf 85' lang='lat' dir='ltr'>dimicaverant,</span> <span class='ocrx_word' id='word_1_189' title='bbox 863 2751 1063 2845; x_wconf 84' lang='lat' dir='ltr'>adjungitur.</span> <span class='ocrx_word' id='word_1_190' title='bbox 1081 2761 1212 2848; x_wconf 78' lang='lat' dir='ltr'>Atque,</span> 
     </span>
     <span class='ocr_line' id='line_1_24' title="bbox 175 2859 1215 2952; baseline 0 -22"><span class='ocrx_word' id='word_1_191' title='bbox 175 2875 213 2930; x_wconf 91' lang='lat' dir='ltr'>ut</span> <span class='ocrx_word' id='word_1_192' title='bbox 226 2860 430 2952; x_wconf 86' lang='lat' dir='ltr'>epitaphium</span> <span class='ocrx_word' id='word_1_193' title='bbox 445 2859 614 2952; x_wconf 88' lang='lat' dir='ltr'>quoddam</span> <span class='ocrx_word' id='word_1_194' title='bbox 630 2860 741 2951; x_wconf 86' lang='lat' dir='ltr'>paucis</span> <span class='ocrx_word' id='word_1_195' title='bbox 757 2859 979 2952; x_wconf 85' lang='lat' dir='ltr'>complectar,</span> <span class='ocrx_word' id='word_1_196' title='bbox 994 2861 1215 2932; x_wconf 83' lang='lat' dir='ltr'>excellentiori</span> 
     </span>
     <span class='ocr_line' id='line_1_25' title="bbox 175 2967 1216 3060; baseline 0 -20"><span class='ocrx_word' id='word_1_197' title='bbox 175 2971 301 3040; x_wconf 89' lang='lat' dir='ltr'>honore</span> <span class='ocrx_word' id='word_1_198' title='bbox 316 2969 352 3038; x_wconf 92' lang='lat' dir='ltr'>in</span> <span class='ocrx_word' id='word_1_199' title='bbox 364 2967 507 3037; x_wconf 90' lang='lat' dir='ltr'>discessu</span> <span class='ocrx_word' id='word_1_200' title='bbox 518 2967 675 3052; x_wconf 84' lang='lat' dir='ltr'>allicitur,</span> <span class='ocrx_word' id='word_1_201' title='bbox 693 2967 925 3060; x_wconf 76' lang='lat' dir='ltr'>quamquain</span> <span class='ocrx_word' id='word_1_202' title='bbox 940 2967 1080 3038; x_wconf 89' lang='lat' dir='ltr'>civitatis</span> <span class='ocrx_word' id='word_1_203' title='bbox 1096 2970 1216 3060; x_wconf 85' lang='lat' dir='ltr'>ingres·</span> 
     </span>
     <span class='ocr_line' id='line_1_26' title="bbox 176 3072 1214 3170; baseline -0.001 -25"><span class='ocrx_word' id='word_1_204' title='bbox 176 3077 267 3146; x_wconf 89' lang='lat' dir='ltr'>sibus</span> <span class='ocrx_word' id='word_1_205' title='bbox 279 3089 413 3144; x_wconf 89' lang='lat' dir='ltr'>ornatus</span> <span class='ocrx_word' id='word_1_206' title='bbox 431 3073 559 3170; x_wconf 70' lang='lat' dir='ltr'>fuerat,</span> <span class='ocrx_word' id='word_1_207' title='bbox 576 3073 695 3144; x_wconf 88' lang='lat' dir='ltr'>multas</span> <span class='ocrx_word' id='word_1_208' title='bbox 711 3072 846 3166; x_wconf 90' lang='lat' dir='ltr'>quidem</span> <span class='ocrx_word' id='word_1_209' title='bbox 861 3073 1022 3164; x_wconf 88' lang='lat' dir='ltr'>lacrymas</span> <span class='ocrx_word' id='word_1_210' title='bbox 1043 3075 1214 3161; x_wconf 83' lang='lat' dir='ltr'>excitavit,</span> 
     </span>
     <span class='ocr_line' id='line_1_27' title="bbox 176 3180 1215 3274; baseline -0.001 -22"><span class='ocrx_word' id='word_1_211' title='bbox 176 3183 334 3274; x_wconf 86' lang='lat' dir='ltr'>majorem</span> <span class='ocrx_word' id='word_1_212' title='bbox 353 3193 463 3249; x_wconf 91' lang='lat' dir='ltr'>autem</span> <span class='ocrx_word' id='word_1_213' title='bbox 478 3181 516 3248; x_wconf 90' lang='lat' dir='ltr'>iis</span> <span class='ocrx_word' id='word_1_214' title='bbox 536 3181 654 3264; x_wconf 88' lang='lat' dir='ltr'>rebus,</span> <span class='ocrx_word' id='word_1_215' title='bbox 668 3202 744 3272; x_wconf 86' lang='lat' dir='ltr'>quae</span> <span class='ocrx_word' id='word_1_216' title='bbox 759 3180 794 3248; x_wconf 93' lang='lat' dir='ltr'>in</span> <span class='ocrx_word' id='word_1_217' title='bbox 810 3194 978 3271; x_wconf 87' lang='lat' dir='ltr'>aspectum</span> <span class='ocrx_word' id='word_1_218' title='bbox 993 3180 1135 3266; x_wconf 90' lang='lat' dir='ltr'>cadunt,</span> <span class='ocrx_word' id='word_1_219' title='bbox 1151 3205 1215 3251; x_wconf 90' lang='lat' dir='ltr'>no-</span> 
     </span>
     <span class='ocr_line' id='line_1_28' title="bbox 158 3284 1218 3376; baseline 0.001 -22"><span class='ocrx_word' id='word_1_220' title='bbox 158 3287 273 3356; x_wconf 88' lang='lat' dir='ltr'>minis</span> <span class='ocrx_word' id='word_1_221' title='bbox 296 3287 346 3355; x_wconf 91' lang='lat' dir='ltr'>sui</span> <span class='ocrx_word' id='word_1_222' title='bbox 373 3284 509 3376; x_wconf 86' lang='lat' dir='ltr'>gloriam</span> <span class='ocrx_word' id='word_1_223' title='bbox 535 3285 569 3352; x_wconf 96' lang='lat' dir='ltr'>in</span> <span class='ocrx_word' id='word_1_224' title='bbox 594 3285 743 3352; x_wconf 90' lang='lat' dir='ltr'>omnium</span> <span class='ocrx_word' id='word_1_225' title='bbox 763 3285 878 3354; x_wconf 90' lang='lat' dir='ltr'>animis</span> <span class='ocrx_word' id='word_1_226' title='bbox 902 3285 1097 3354; x_wconf 89' lang='lat' dir='ltr'>recondidit.</span> <span class='ocrx_word' id='word_1_227' title='bbox 1116 3289 1218 3371; x_wconf 79' lang='lat' dir='ltr'>At,d</span> 
     </span>
     <span class='ocr_line' id='line_1_29' title="bbox 179 3389 1262 3482; baseline -0.002 -20"><span class='ocrx_word' id='word_1_228' title='bbox 179 3395 315 3462; x_wconf 89' lang='lat' dir='ltr'>charum</span> <span class='ocrx_word' id='word_1_229' title='bbox 332 3390 365 3461; x_wconf 84' lang='lat' dir='ltr'>&#39;et</span> <span class='ocrx_word' id='word_1_230' title='bbox 380 3413 509 3460; x_wconf 90' lang='lat' dir='ltr'>sacrum</span> <span class='ocrx_word' id='word_1_231' title='bbox 525 3403 645 3480; x_wconf 87' lang='lat' dir='ltr'>caput,</span> <span class='ocrx_word' id='word_1_232' title='bbox 663 3393 723 3474; x_wconf 82' lang='lat' dir='ltr'>tu&#39;,</span> <span class='ocrx_word' id='word_1_233' title='bbox 742 3389 899 3480; x_wconf 88' lang='lat' dir='ltr'>inquam,</span> <span class='ocrx_word' id='word_1_234' title='bbox 917 3391 975 3482; x_wconf 93' lang='lat' dir='ltr'>qui</span> <span class='ocrx_word' id='word_1_235' title='bbox 987 3405 1105 3482; x_wconf 88' lang='lat' dir='ltr'>praeter</span> <span class='ocrx_word' id='word_1_236' title='bbox 1121 3404 1219 3460; x_wconf 86' lang='lat' dir='ltr'>caete·</span> <span class='ocrx_word' id='word_1_237' title='bbox 1260 3437 1262 3440; x_wconf 94' lang='lat'>-</span> 
     </span>
     <span class='ocr_line' id='line_1_30' title="bbox 179 3493 1216 3583; baseline -0.002 -15"><span class='ocrx_word' id='word_1_238' title='bbox 179 3522 230 3568; x_wconf 90' lang='lat' dir='ltr'>ras</span> <span class='ocrx_word' id='word_1_239' title='bbox 242 3513 316 3568; x_wconf 90' lang='lat' dir='ltr'>tuas</span> <span class='ocrx_word' id='word_1_240' title='bbox 330 3497 444 3567; x_wconf 87' lang='lat' dir='ltr'>laudes</span> <span class='ocrx_word' id='word_1_241' title='bbox 458 3495 615 3566; x_wconf 90' lang='lat' dir='ltr'>sermonis</span> <span class='ocrx_word' id='word_1_242' title='bbox 628 3509 660 3562; x_wconf 91' lang='lat' dir='ltr'>et</span> <span class='ocrx_word' id='word_1_243' title='bbox 672 3493 793 3563; x_wconf 89' lang='lat' dir='ltr'>silentii</span> <span class='ocrx_word' id='word_1_244' title='bbox 804 3495 941 3564; x_wconf 92' lang='lat' dir='ltr'>modum</span> <span class='ocrx_word' id='word_1_245' title='bbox 950 3496 1066 3564; x_wconf 77' lang='lat' dir='ltr'>eximie</span> <span class='ocrx_word' id='word_1_246' title='bbox 1076 3495 1216 3583; x_wconf 90' lang='lat' dir='ltr'>coluisti,</span> 
     </span>
     <span class='ocr_line' id='line_1_31' title="bbox 92 3599 1219 3698; baseline -0.003 -22"><span class='ocrx_word' id='word_1_247' title='bbox 92 3616 95 3624; x_wconf 88' lang='lat'>&#39;</span> <span class='ocrx_word' id='word_1_248' title='bbox 181 3605 321 3676; x_wconf 85' lang='lat' dir='ltr'>orationi</span> <span class='ocrx_word' id='word_1_249' title='bbox 337 3605 473 3698; x_wconf 91' lang='lat' dir='ltr'>quidem</span> <span class='ocrx_word' id='word_1_250' title='bbox 488 3613 608 3673; x_wconf 84' lang='lat' dir='ltr'>nostrae</span> <span class='ocrx_word' id='word_1_251' title='bbox 623 3601 722 3669; x_wconf 87' lang='lat' dir='ltr'>finem</span> <span class='ocrx_word' id='word_1_252' title='bbox 738 3599 792 3671; x_wconf 84' lang='lat' dir='ltr'>hic</span> <span class='ocrx_word' id='word_1_253' title='bbox 808 3603 988 3689; x_wconf 88' lang='lat' dir='ltr'>constitue,</span> <span class='ocrx_word' id='word_1_254' title='bbox 1003 3627 1099 3696; x_wconf 90' lang='lat' dir='ltr'>quae,</span> <span class='ocrx_word' id='word_1_255' title='bbox 1114 3604 1140 3672; x_wconf 93' lang='lat' dir='ltr'>si</span> <span class='ocrx_word' id='word_1_256' title='bbox 1150 3605 1219 3675; x_wconf 91' lang='lat' dir='ltr'>vir·</span> 
     </span>
     <span class='ocr_line' id='line_1_32' title="bbox 181 3709 1216 3805; baseline 0 -24"><span class='ocrx_word' id='word_1_257' title='bbox 181 3726 292 3781; x_wconf 86' lang='lat' dir='ltr'>tutum</span> <span class='ocrx_word' id='word_1_258' title='bbox 318 3726 448 3782; x_wconf 87' lang='lat' dir='ltr'>tuarum</span> <span class='ocrx_word' id='word_1_259' title='bbox 470 3709 693 3805; x_wconf 86' lang='lat' dir='ltr'>praestantiam</span> <span class='ocrx_word' id='word_1_260' title='bbox 706 3709 971 3803; x_wconf 75' lang='lat' dir='ltr'>haudquaquam</span> <span class='ocrx_word' id='word_1_261' title='bbox 991 3725 1136 3781; x_wconf 84' lang='lat' dir='ltr'>assecuta</span> <span class='ocrx_word' id='word_1_262' title='bbox 1160 3713 1216 3799; x_wconf 89' lang='lat' dir='ltr'>sit,</span> 
     </span>
     <span class='ocr_line' id='line_1_33' title="bbox 182 3816 1220 3899; baseline -0.003 -6"><span class='ocrx_word' id='word_1_263' title='bbox 182 3836 216 3892; x_wconf 87' lang='lat' dir='ltr'>at</span> <span class='ocrx_word' id='word_1_264' title='bbox 239 3819 364 3891; x_wconf 89' lang='lat' dir='ltr'>viribus</span> <span class='ocrx_word' id='word_1_265' title='bbox 388 3822 475 3899; x_wconf 73' lang='lat' dir='ltr'>certe</span> <span class='ocrx_word' id='word_1_266' title='bbox 498 3818 615 3890; x_wconf 87' lang='lat' dir='ltr'>nostris</span> <span class='ocrx_word' id='word_1_267' title='bbox 630 3816 766 3886; x_wconf 77' lang='lat' dir='ltr'>minime</span> <span class='ocrx_word' id='word_1_268' title='bbox 791 3816 925 3888; x_wconf 82' lang='lat' dir='ltr'>inferior</span> <span class='ocrx_word' id='word_1_269' title='bbox 952 3832 1010 3888; x_wconf 88' lang='lat' dir='ltr'>est.</span> <span class='ocrx_word' id='word_1_270' title='bbox 1029 3823 1095 3892; x_wconf 88' lang='lat' dir='ltr'>Nos</span> <span class='ocrx_word' id='word_1_271' title='bbox 1110 3835 1220 3891; x_wconf 89' lang='lat' dir='ltr'>autem</span> 
     </span>
    </p>
   </div>
   <div class='ocr_carea' id='block_1_3' title="bbox 220 3945 808 4016">
    <p class='ocr_par' dir='ltr' id='par_1_3' title="bbox 220 3945 808 4016">
     <span class='ocr_line' id='line_1_34' title="bbox 220 3945 808 4016; baseline -0.01 -12"><span class='ocrx_word' id='word_1_272' title='bbox 220 3979 227 4004; x_wconf 86' lang='lat' dir='ltr'>t</span> <span class='ocrx_word' id='word_1_273' title='bbox 247 3953 271 4002; x_wconf 89' lang='lat' dir='ltr'>S.</span> <span class='ocrx_word' id='word_1_274' title='bbox 284 3953 382 4016; x_wconf 80' lang='lat' dir='ltr'>Gregor.</span> <span class='ocrx_word' id='word_1_275' title='bbox 397 3947 509 4014; x_wconf 81' lang='lat' dir='ltr'>Theolog.</span> <span class='ocrx_word' id='word_1_276' title='bbox 522 3953 588 4002; x_wconf 86' lang='lat' dir='ltr'>Orat.</span> <span class='ocrx_word' id='word_1_277' title='bbox 605 3966 656 4015; x_wconf 76' lang='lat' dir='ltr'>vni,</span> <span class='ocrx_word' id='word_1_278' title='bbox 674 3966 699 4000; x_wconf 87' lang='lat' dir='ltr'>u.</span> <span class='ocrx_word' id='word_1_279' title='bbox 717 3945 808 4000; x_wconf 62' lang='grc' dir='ltr'><strong>ἰι-23.</strong></span> 
     </span>
    </p>
   </div>
   <div class='ocr_carea' id='block_1_4' title="bbox 0 0 1518 4584">
    <p class='ocr_par' dir='ltr' id='par_1_4' title="bbox 0 0 1518 4584">
     <span class='ocr_line' id='line_1_35' title="bbox 0 0 1518 4584; baseline 0 0"><span class='ocrx_word' id='word_1_280' title='bbox 0 0 1518 4584; x_wconf 95' lang='lat' dir='ltr'> </span> 
     </span>
    </p>
   </div>
  </div>
 </body>
</html>
