2992 4590
261 436 363 483 staur
379 439 423 483 vt.
443 441 485 482 nu
508 437 664 483 unauouo
686 439 722 482 nt
744 439 951 486 concronruus
975 437 1141 486 tontum.
1170 427 1228 486 121

195 537 285 630 quod
302 539 445 608 venistis.
472 541 537 606 Vos
560 538 649 617 enim
671 537 802 608 venistis
823 562 880 631 per
901 540 1045 610 carnales
1073 543 1230 635 nuptias,

193 646 261 714 sine
274 647 394 739 quibus
409 645 465 714 ille
481 644 641 738 spiritales
656 645 748 714 venit
761 644 803 713 ad
814 648 943 738 nuptias
962 678 970 718 ι
986 663 1019 718 et
1031 650 1124 720 vobis
1140 649 1233 722 dedit
1267 689 1270 694 ·

193 776 344 846 spernere
353 753 498 846 nuptias,
513 775 596 845 quos
610 751 776 844 praecipue
788 755 917 822 vocavit
932 753 974 824 ad
983 758 1125 846 nuptias.
1143 761 1233 850 Ergo

191 861 280 932 uude
303 863 373 932 nati
396 863 504 956 estis„
519 885 588 930 non
611 860 792 954 quaesistis3
818 861 897 954 quia
917 885 993 930 eum
1018 865 1077 956 qui
1100 889 1167 936 non
1187 867 1233 937 itt

190 982 368 1054 natusest,
385 969 460 1063 plus
483 971 584 1061 quam
602 967 712 1036 eaeteri
727 967 895 1037 dilexistis.
912 969 1076 1057 Exultate,
1091 973 1232 1063 virgines

189 1090 329 1146 sanctae:
343 1075 445 1166 Virgo
455 1075 548 1146 vobis
560 1076 697 1168 peperit,
709 1075 763 1144 cui
775 1075 845 1145 sine
857 1077 1068 1170 corruptione
1079 1079 1232 1170 nubatis3

189 1207 264 1277 quae
280 1206 341 1250 nec
356 1181 583 1273 concipiendo,
597 1205 657 1251 nec
672 1180 826 1274 pariendo
842 1184 976 1274 potestis
991 1183 1129 1276 perdere
1141 1186 1233 1279 quod

189 1289 317 1360 amatis.
332 1287 505 1375 Exultate,'
514 1289 592 1380 justi
604 1317 611 1358 z
625 1287 742 1358 natalis
765 1301 812 1358 est
828 1291 1065 1360 Justificatoris.
1079 1293 1233 1364 Exultate

188 1396 316 1466 debiles
332 1409 364 1466 et
379 1395 489 1486 aegroti
505 1421 515 1466 a
533 1393 649 1487 natalis
661 1408 709 1464 est
723 1393 908 1466 salvatoris.
926 1389 1079 1472 Exultate
1090 1401 1228 1492 captivi:

189 1503 307 1572 natalis
331 1515 378 1571 est
399 1502 637 1595 Redemptoris
656 1501 810 1571 Exultate
836 1504 918 1572 servi
942 1504 1086 1574 :natalis
1101 1521 1149 1575 est
1163 1511 1232 1576 Do-

188 1608 352 1677 minantis.
368 1607 524 1702 Exultent
535 1607 631 1676 libori
649 1637 656 1677 :
672 1607 788 1678 natalis
803 1623 852 1678 est
864 1607 1058 1680 Liberantis.
1075 1611 1232 1684 Exultent

186 1715 482 1785 omnesChristiani
501 1744 509 1784 :
526 1714 643 1784 natalis
660 1729 709 1784 est
719 1715 850 1786 Christi.

235 1848 252 1887 n
279 1823 340 1891 Hie
365 1819 407 1890 de
427 1835 531 1891 matre
560 1836 656 1891 natus
682 1823 783 1891 istum
804 1821 891 1892 diem
914 1823 1040 1894 saeculis
1062 1849 1232 1897 commen-

185 1929 291 2014 davit,
309 1929 368 2022 qui
390 1929 431 1998 de
448 1933 548 1998 Patre
564 1943 661 1998 natus
678 1927 797 1998 saecula
813 1943 932 1999 cuneta
947 1933 1078 2000 creavit.
1097 1936 1164 2004 Nee
1175 1934 1237 2004 illa.

184 2036 339 2108 Nativitas
357 2035 458 2104 ullam
478 2036 600 2105 habere
620 2037 729 2127 potuit
745 2049 900 2122 matrem,
920 2059 982 2105 nec
1003 2037 1064 2108 ista
1079 2041 1230 2132 quaesivit

183 2143 351 2214 hominem
363 2155 501 2236 patrem.
514 2143 663 2236 Denique
680 2156 776 2212 natus
791 2157 840 2212 est
852 2145 1014 2230 Christus,
1025 2159 1058 2214 et
1069 2145 1110 2217 de
1123 2163 1228 2239 patre,

184 2264 216 2318 et
234 2264 361 2339 matre3
379 2262 412 2318 et
434 2249 503 2316 sine
523 2245 683 2340 patre-et
699 2248 767 2317 sine
787 2263 893 2318 matre
917 2280 924 2322 :
948 2253 990 2320 de
1010 2255 1105 2320 Patre
1120 2257 1227 2342 Deus,

183 2357 224 2426 de
239 2371 344 2428 matre
358 2357 481 2446 hom0'3
499 2356 568 2424 sine
582 2368 687 2424 matre
703 2359 801 2440 Deus,
820 2357 889 2424 sine
910 2372 1003 2450 patre
1019 2360 1131 2430 homo.
1154 2358 1228 2429 Ge-

183 2466 408 2536 nerott'onem
425 2469 510 2560 ergo
526 2464 602 2560 ejus
618 2464 697 2554 quz's
714 2460 943 2560 enarratio?
964 2468 1037 2538 Sive
1049 2465 1140 2536 illam
1159 2468 1228 2538 sine

181 2586 344 2666 tempore,
364 2573 430 2642 sive
450 2572 545 2640 istam
563 2571 632 2660 sine
650 2572 788 2662 semine3
806 2570 896 2640 illam
914 2573 983 2641 sine
999 2575 1114 2663 initio,
1132 2575 1225 2646 istam

166 2679 434 2772 'sineexemp103
457 2677 546 2746 illam
568 2703 642 2771 quae
662 2683 833 2771 nunquam
850 2680 1014 2767 nonfuit,
1032 2683 1128 2752 istam
1151 2709 1226 2777 quae

180 2811 240 2858 nec
265 2791 360 2857 antea
382 2811 444 2856 neo
464 2789 576 2881 postea
594 2784 677 2874 luit3
698 2783 788 2863 illam
809 2809 884 2878 quae
903 2810 972 2856 non
991 2789 1091 2858 habet
1106 2791 1222 2879 linem,

179 2895 274 2965 istam
298 2918 374 2986 quae
394 2893 529 2963 'initium
550 2891 618 2962 illle
632 2892 749 2977 habet,
776 2890 835 2960 ubi
859 2891 971 2961 finem.
1002 2893 1121 2963 Merito
1146 2900 1224 2986 ergo

81 3017 84 3022 ’
180 3003 354 3096 Prophetae
373 2998 610 3072 nuntiaverunt
622 2989 840 3087 naseiturum,
859 3000 1024 3071 coelivero
1044 3015 1145 3096 atque
1156 3007 1226 3072 An-

179 3111 242 3204 geli
257 3123 387 3181 natum.
406 3111 542 3193 lacebat
556 3111 592 3178 in
607 3109 767 3204 praesepio
783 3109 955 3180 continens
978 3109 1143 3180 mundum
1167 3141 1174 3182 :
1192 3125 1225 3181 et

178 3217 285 3288 iulans
301 3211 371 3286 era't
384 3232 418 3286 et
424 3218 583 3286 Verbum.
595 3221 702 3298 Quem
717 3215 794 3286 ooeti
809 3225 879 3285 non
891 3219 1037 3310 capiunt,
1050 3220 1148 3290 unius
1162 3217 1223 3288 foe·

178 3325 276 3394 minae
292 3325 381 3394 sinus
396 3321 533 3392 serebat.
552 3321 613 3391 Illa
629 3346 739 3414 regem
760 3337 910 3392 nostrum
929 3327 1081 3416 regebat3
1099 3327 1133 3395 in
1154 3349 1222 3420 quo

178 3453 302 3516 sumus,
317 3429 374 3498 illa
385 3429 555 3522 portabat3
572 3451 691 3521 panem
707 3443 855 3498 nostrum
868 3429 924 3498 illa
939 3427 1093 3500 lactabat.
1112 3434 1220 3501 Orna-

177 3528 295 3608 nifes'ta
309 3537 493 3622 infirmitas,
511 3549 545 3606 et
559 3537 641 3604 mira
652 3535 831 3623 humilitas,
850 3536 885 3606 in
899 3539 965 3630 qual
979 3538 1024 3607 sio
1040 3538 1136 3608 latuit
1151 3541 1220 3609 ‘tota
1248 3592 1250 3598 .

178 3643 352 3714 Divinitas!
367 3633 519 3730 Matreiu,
534 3643 587 3712 eui
599 3642 789 3736 subjacebat
798 3641 946 3730 infantili,
963 3643 1096 3734 regebat
1108 3649 1221 3736 poten.-

177 3751 222 3819 n't
239 3781 247 3820 ι
265 3766 299 3820 et·
314 3752 406 3843 eujus
426 3752 529 3820 ubera
544 3751 694 3840 sugebat,
712 3775 785 3820 eam
804 3751 940 3821 veritate
955 3751 1118 3844 pascebat.
1140 3757 1219 3821 Pera

177 3857 263 3927 ficiat
286 3858 323 3934 in
344 3857 439 3927 nobis
461 3881 518 3928 sua
538 3881 696 3945 munera,
722 3860 780 3951 qui
800 3883 928 3929 sumere
952 3883 1020 3931 non
1047 3859 1218 3931 abhorruit

214 3997 221 4025 ¹
236 3988 291 4040 lsai.
306 4004 361 4054 tur,
376 3988 400 4038 8.
