2992 4590
217 468 327 514 ctrur
350 471 396 515 vr.
414 469 455 512 nn
472 468 629 512 nanneno
652 469 688 510 nr
710 467 917 511 concrornaus
940 463 1106 511 tnnrrrrt.
1135 449 1198 511 13⁷

83 651 86 658 Ι
158 573 264 640 censat.
284 575 406 656 Unum,
419 571 539 664 inquit,
556 568 697 639 verbum
712 564 755 634 ad
769 588 901 635 omnem
917 565 1040 637 diaboli
1055 580 1199 638 turmam

159 677 194 746 in
215 675 329 770 fugam
352 675 544 746 vertendam
565 673 698 742 sullicit.
717 676 765 741 hc
788 671 917 740 videtur
936 673 1069 766 quidem
1084 675 1123 742 iis
1141 675 1199 768 qui

159 807 227 860 rem
243 786 393 854 accurate
410 808 478 854 non
494 781 699 864 examinant,
711 777 820 846 minus
835 780 1031 848 conveniens
1046 804 1114 850 esse
1130 805 1199 850 res-

158 892 290 986 ponsio,
310 891 367 960 sed
383 893 407 961 si
426 893 499 984 quis
516 888 673 958 attentiirs
689 908 760 954 eam
773 885 975 972 consideret,
993 909 1031 954 ex
1042 887 1103 956 hac
1119 913 1201 981 quo-

159 1001 223 1092 que
239 999 433 1091 sapientiam
450 997 602 1086 martyris
616 991 862 1062 animadvertet.
877 993 942 1074 Qui
957 993 1060 1078 enim,
1082 991 1198 1064 Chris·

160 1107 280 1175 tiernus
295 1129 393 1192 sum,
411 1105 504 1190 dixit,
526 1118 560 1172 et
574 1103 725 1195 patriam,
746 1113 779 1168 et
794 1122 916 1190 genus,
936 1113 969 1168 et
981 1101 1058 1169 artis
1074 1099 1202 1193 profes-

158 1213 295 1298 sionem,
326 1227 359 1281 et
386 1211 496 1280 omnia
522 1208 708 1306 declaravit.
739 1209 813 1290 Quo
840 1205 974 1274 tandem
995 1211 1115 1299 pacto?
1139 1231 1201 1300 ego

158 1317 268 1400 dicam
286 1349 295 1388 ε
313 1319 516 1388 Christianus
535 1319 649 1386 urbem
662 1317 698 1385 in
713 1317 799 1386 terra
816 1315 1014 1400 nonhabet,
1032 1314 1089 1384 sed
1102 1319 1201 1386 Jeru-

157 1429 260 1496 s'alem
285 1427 511 1520 quaesursdm
528 1439 588 1495 est.
606 1410 685 1495 Illa
708 1425 804 1493 enim
826 1423 934 1517 inquit
958 1447 1038 1514 quse
1060 1425 1201 1494 sursum

159 1549 214 1604 est
234 1533 460 1620 Jerusalem,
476 1529 602 1603 ‘libera
627 1547 701 1618 est;
722 1555 802 1626 quse
822 1545 875 1600 est
895 1545 1015 1600 muter
1032 1547 1157 1601 nostra
1173 1537 1197 1602 ¹.

115 1713 118 1722 ,
159 1641 344 1711 Christiano
361 1653 489 1709 terrena
514 1639 607 1709 nulla
631 1653 680 1708 est
695 1637 869 1732 professio,
887 1638 945 1706 sed
961 1639 1003 1706 ad
1026 1661 1202 1730 supernam

157 1747 438 1822 conversationem
462 1747 538 1816 vitae
564 1747 707 1839 pertinet
730 1775 737 1816 :
760 1743 902 1827 Nostra
928 1746 1043 1832 enr’na,
1067 1746 1199 1840 inquit,

157 1857 382 1950 conversatio
400 1857 438 1923 in
460 1853 564 1925 coelis
581 1868 635 1952 est
653 1860 678 1924 ².
700 1853 903 1924 Christianus
924 1867 1079 1944 cognatos
1100 1855 1203 1924 hahet

158 1975 286 2030 sanctos
298 1983 411 2030 omnes
424 1985 461 2030 ac
473 1962 559 2030 cives
575 1991 582 2030 :
597 1959 730 2033 Sumus
743 1961 850 2044 enim,
863 1959 984 2053 inquit,
996 1961 1090 2030 cives
1099 1983 1205 2033 sanc·

160 2083 277 2138 torum
296 2082 332 2138 et
352 2065 542 2138 domestici
559 2067 632 2138 Dei
662 2071 687 2138 ³.
721 2069 837 2160 ltaque
861 2090 929 2136 uno
949 2067 1052 2136 verbo
1073 2081 1106 2136 et
1129 2067 1203 2160 quis

157 2188 252 2260 esset,
271 2189 305 2244 et
319 2174 429 2260 unde,
447 2189 534 2244 etex
550 2175 693 2267 quibus,
712 2174 842 2268 etquid
861 2198 957 2266 agere
971 2170 1089 2250 soleret
1104 2198 1202 2244 exac-

159 2281 280 2350 tissime
305 2279 436 2366 docuit,
455 2295 489 2350 et
504 2282 605 2351 vitam
627 2305 703 2350 curn
725 2281 788 2350 hac
803 2305 884 2351 voce
907 2281 1033 2366 finivit,
1057 2281 1219 2374 abiitque·

161 2387 285 2457 salvum
301 2387 445 2456 rel'e'rens
460 2387 590 2457 Christo
602 2385 800 2480 depositum,
815 2411 852 2456 ac
864 2388 1000 2479 posteris
1015 2409 1055 2456 cx
1067 2387 1117 2472 iis,
1127 2411 1203 2482 quae

160 2518 270 2586 passus
286 2508 353 2581 est,
374 2495 633 2564 cohortationem
651 2493 799 2588 reliquit,
822 2507 860 2564 ut
875 2493 1035 2580 insistant,
1053 2492 1203 2590 nihilque

161 2601 221 2670 nisi
233 2599 399 2694 pollutum
414 2615 448 2670 et
461 2600 667 2690 negationem
682 2600 812 2672 tannim
827 2598 1053 2670 reformident.
1082 2628 1098 2665 s
1203 2591 1207 2602 “

203 2709 354 2802 Denique
371 2709 447 2777 cirm
469 2709 618 2776 omnium
633 2723 759 2778 mentes
776 2710 812 2776 in
827 2709 916 2776 beati
933 2709 1086 2799 Martyris
1103 2707 1204 2779 admi·

161 2815 321 2884 rationem
342 2813 491 2898 sustulit,
510 2811 701 2882 eorumdem
718 2813 830 2899 oculos
847 2813 962 2882 morali
977 2815 1204 2884 exhortatione
1266 2861 1269 2864 -
1296 2831 1298 2834 ’

162 2919 202 2990 ad
216 2923 345 3012 seipsos
358 2920 515 3004 reflectit,
531 2919 641 2988 dicens
658 2949 664 2988 :
684 2949 699 2984 a
719 2923 798 2988 Haec
813 2920 924 3012 itaque
941 2943 1000 2990 nos
1017 2921 1115 2988 etiam
1128 2921 1204 2989 crim

161 3030 368 3112 noverimus,
387 3029 474 3121 pacis
489 3041 637 3122 tempore
656 3027 782 3097 bellicis
804 3028 839 3097 in
855 3030 954 3100 rebus
974 3054 1034 3112 uos
1054 3053 1204 3098 exercea-

162 3161 232 3206 mus
252 3166 260 3206 :
284 3150 323 3205 ut
334 3135 410 3205 crim
423 3133 502 3203 belli
517 3149 647 3227 tempus
660 3135 839 3221 advenerit,
857 3137 983 3208 illustre
996 3163 1055 3209 nos
1071 3139 1205 3232 quoque

161 3258 324 3338 tropaeum
349 3245 523 3334 erigamus
550 3247 685 3311 Famem
702 3245 897 3342 contempsit
920 3245 997 3336 ille,
1021 3245 1151 3315 delicias
1173 3260 1206 3316 et

126 3389 129 3393 ·
162 3375 219 3422 nos
235 3365 504 3434 contemnamus,
527 3373 564 3433 ac
579 3349 702 3419 ventris
723 3349 932 3438 tyrannidem
950 3365 1150 3436 evertamus,
1169 3366 1207 3424 ut

164 3462 187 3530 si
208 3475 341 3552 tempus
362 3457 533 3541 adveniat,
560 3455 652 3549 quod
675 3469 799 3526 tantam
820 3455 1049 3526 fortitudinem
1072 3461 1090 3526 a
1113 3459 1208 3528 nohis

164 3579 329 3659 reposcat,
347 3565 382 3632 in
397 3562 579 3632 minorihus
592 3565 688 3631 antea
700 3561 798 3632 rebus
810 3563 993 3650 exercitati,
1011 3561 1160 3655 praeclari
1172 3565 1213 3634 in,
1299 3631 1309 3641 ,

164 3687 338 3744 scammate
357 3693 612 3764 compareamus.
631 3673 749 3740 Coram
766 3669 969 3764 principibus
987 3669 1044 3738 illc
1067 3695 1105 3740 ac
1122 3671 1208 3764 regi-

165 3781 225 3852 bus
235 3782 338 3851 libere
353 3779 482 3849 locutus
497 3793 565 3862 est,
576 3779 640 3848 hoc
656 3802 715 3847 nos
731 3777 889 3848 faciamus
905 3803 994 3849 nunc
1008 3780 1154 3873 quoque,
1170 3804 1207 3850 ac
1251 3779 1255 3791 '

166 3887 191 3957 si
209 3890 244 3958 in
259 3888 494 3982 opulentorum
513 3900 547 3955 et
568 3885 746 3956 illustrium
762 3908 965 3978 paganorum
987 3886 1208 3960 conventibus

202 4028 209 4054 ¹
223 4017 274 4071 Gal.
285 4035 321 4088 rr,
334 4021 376 4070 26.
394 4041 427 4057 ·-·
444 3989 552 4081 ’Philip'
566 4031 603 4082 ru,
614 4029 654 4069 ao.
670 4041 702 4056 -··
715 4012 824 4083 tophos.
838 4033 866 4083 n,
887 4033 926 4083 ¹9·

633 4329 646 4360 ⁴
