2982 4584
217 425 442 480 arsurumne
464 427 621 474 neruoso
644 426 680 472 ur
702 427 911 474 concinamus
933 425 1100 478 annium.
1127 415 1185 480 481

150 529 273 602 duxisti
284 531 522 616 calamitatem,
539 543 579 600 ut
589 551 629 598 ex
643 527 851 616 contrariojsi
865 527 1093 621 splendentem
1112 559 1193 605 con-

150 663 278 725 serves,
296 641 397 711 totius
410 637 555 732 corporis
570 633 712 706 formam
727 657 909 706 conservas.
928 641 1032 710 Nemo
1045 643 1131 711 enim
1144 643 1193 713 di-

150 748 197 818 cit
211 776 239 817 :v
254 747 395 818 Pulcher
410 760 461 816 est
468 743 585 815 oculus
596 771 605 830 3
617 753 633 808 t»
643 740 700 810 sed
712 740 816 835 quid?
829 761 847 808 'u
865 747 1022 813 Formosa
1032 760 1080 814 est
1090 746 1156 820 illa.
1172 777 1189 814 u

152 855 186 926 Si
201 869 312 926 autem
328 869 363 926 et
377 854 447 945 ipse
461 847 629 935 laudetur,
641 859 716 942 post
731 873 908 920 commune
922 853 1111 922 encomium
1121 854 1195 924 lau-

150 962 258 1034 datur.
283 963 335 1034 Sic
351 957 437 1030 etin
452 957 598 1028 Ecclesid
614 957 788 1048 contingit.
810 957 843 1028 Si
859 958 949 1026 enim
964 952 1099 1054 qnidam
1115 962 1192 1050 sint,

148 1069 207 1164 qni
222 1052 311 1140 hond
337 1065 426 1136 fami
450 1061 632 1157 gaudeant,
650 1077 759 1134 totum
782 1087 901 1158 corpus
916 1066 1023 1138 laudis
1047 1069 1195 1142 {ructum

147 1177 299 1271 percipit.
318 1172 447 1244 lnimici
471 1172 616 1266 namque
643 1171 791 1242 encomia
803 1195 880 1270 'non
895 1173 1120 1267 distinguunt,
1138 1179 1196 1249 sed

82 1343 87 1348 .
149 1285 369 1376 conjungunt.
388 1282 432 1350 Et
445 1280 473 1350 si
487 1280 562 1374 quis
576 1279 708 1350 dicendi
720 1278 875 1351 facundii
886 1283 1005 1371 valeat,
1019 1309 1088 1356 non
1099 1287 1195 1358 illum

149 1389 258 1462 solum
281 1387 437 1460 encomiis
463 1387 653 1474 celebrant,
677 1387 735 1458 sed
751 1402 785 1458 et
799 1403 900 1459 totam
916 1392 1109 1464 Ecclesiam.
1127 1399 1195 1466 Ne-

149 1495 321 1591 que-enim
343 1495 459 1594 dicunt
478 1523 485 1564 :
505 1493 566 1564 llle
585 1495 715 1564 tantum
734 1493 894 1582 mirabilis
918 1511 977 1566 est.
1005 1500 1069 1568 Sed
1089 1501 1197 1592 quid?

150 1601 336 1681 lllirabilem
355 1600 524 1674 doctorem
543 1602 721 1672 Christiani
744 1602 871 1681 habent
899 1631 906 1672 :
925 1617 968 1672 et
984 1627 1196 1676 communem

150 1709 276 1782 faciunt
290 1711 534 1802 possessionem.
557 1709 662 1803 Atqui
678 1709 786 1778 Graeci
806 1709 942 1802 quidem
965 1709 1194 1807 conjungunt,

148 1834 186 1888 tu
197 1815 276 1890 vero
287 1818 420 1905 dividis,
432 1833 466 1888 et
481 1841 559 1888 cnm
575 1832 635 1886 tuo
648 1839 787 1908 corpore
798 1839 938 1908 pugnas,
952 1817 1082 1913 tuisqde
1091 1845 1197 1893 mem·
1273 1807 1275 1812 ⁸

147 1927 216 1996 bris
229 1919 553 2001 adversa'ristNescis
565 1924 629 1994 hoc
645 1923 756 1994 omnia
772 1925 988 1997 subvertere?
1002 1929 1087 2000 Nlm
1098 1931 1197 2028 Reg-

147 2057 251 2120 num,
277 2032 406 2125 inquit,
431 2031 470 2100 in
493 2054 532 2100 sc
554 2032 672 2123 ipsum
688 2027 842 2102 dr'uisum
856 2055 930 2102 non
945 2021 1090 2105 stabiae
1107 2039 1197 2110 Nihil

147 2141 319 2212 autem'itt
335 2137 456 2211 dividit
467 2151 502 2209 et
512 2152 662 2232 separat,
679 2139 850 2211 ntiavidia
862 2154 897 2210 et
906 2140 1006 2230 livor,
1025 2143 1080 2213 hic
1092 2148 1198 2235 gravis

147 2249 305 2334 morbus,
322 2247 382 2340 qui
394 2246 487 2316 omni
501 2247 599 2316 venial
608 2246 767 2339 privatur,
788 2261 821 2317 et
837 2246 1001 2319 malorum
1017 2250 1127 2321 radice
1143 2277 1196 2322 se-

146 2354 296 2426 cundirm
311 2352 395 2450 quid
408 2354 536 2444 gravior
551 2369 611 2424 est.
625 2358 753 2425 Avarus
762 2355 851 2424 enim
867 2369 949 2426 tunc
962 2356 1106 2445 laetatur,
1119 2358 1196 2429 ciam

147 2463 332 2557 acceperit:
351 2461 487 2533 [nvidus
499 2463 578 2532 verd
594 2476 675 2532 tnnc
691 2462 814 2555 gaudet
827 2464 904 2534 calm
917 2463 1000 2534 alius
1016 2489 1085 2536 non
1101 2491 1195 2537 acce-

147 2572 251 2664 perit,
265 2593 334 2640 non
349 2569 427 2639 clim
442 2569 511 2662 ipse
530 2569 702 2661 acceperit.
720 2565 919 2640 Beneficium
936 2573 1081 2665 namque
1096 2597 1196 2644 suum

148 2692 245 2771 putat
260 2676 400 2746 aliorum
417 2675 669 2757 adversitatem,
691 2699 759 2744 non
783 2680 962 2768 propriam,
977 2677 1167 2750 felicitatem
1186 2711 1194 2752 :

149 2783 335 2854 communis
351 2781 514 2874 quispiam
537 2780 639 2849 hostis
661 2781 824 2850 humanm
837 2795 964 2850 naturae
982 2784 1195 2874 circumiens,

150 2903 184 2960 et
196 2889 317 2962 Christi
333 2889 483 2958 membra
498 2887 707 2979 percutiens3
724 2911 792 2982 quo
803 2886 887 2981 quid
903 2886 1058 2960 furiosius
1069 2890 1196 2963 fuerit?

145 3003 287 3071 Daemon
302 2993 429 3067 invidet
443 2993 598 3088 quidem,
616 2993 674 3064 sed
685 2993 893 3081 hominibus,
911 2994 1102 3068 daemonum
1116 3003 1196 3071 verd

149 3105 245 3176 nulli.
265 3108 316 3172 Tu
329 3104 410 3174 verb
425 3103 525 3172 homo
541 3101 618 3173 ciam
631 3101 694 3187 sis,
712 3101 901 3171 hominibus
922 3102 1068 3191 invides,
1087 3121 1120 3177 et
1133 3108 1195 3180 ad-

149 3210 262 3282 versus
273 3209 496 3280 contribulem
510 3223 544 3277 et
566 3230 785 3301 congenerem
800 3207 961 3299 insurgis,
979 3212 1072 3304 quod
1085 3235 1195 3309 neque

149 3318 281 3388 daemon
298 3314 387 3386 facit.
406 3317 554 3406 Ecquam
571 3313 814 3383 excusationem
833 3326 867 3381 et
890 3312 1116 3386 defensionem
1140 3323 1195 3391 ha-

149 3425 261 3496 bebis?
271 3423 357 3495 uum
372 3420 493 3493 videris
509 3418 644 3491 fratrem
657 3420 812 3512 prospere
823 3432 986 3509 agentem,
1000 3427 1194 3497 contremis-

149 3532 196 3602 cis
210 3543 244 3600 et
258 3529 381 3623 palles,
395 3527 473 3600 cnm
488 3539 658 3619 oporteret
671 3525 838 3613 coronari,
854 3524 958 3594 laetari
973 3540 1007 3596 et
1021 3530 1195 3609 exultare?

107 3627 110 3638 ¹
152 3637 187 3708 Si
202 3651 311 3706 autem
322 3635 404 3707 velis
415 3659 491 3706 eum
501 3633 751 3720 aemulari,non
762 3631 918 3724 impedio.
937 3634 1196 3710 AEmularezsed

152 3743 276 3829 atilli,
296 3742 428 3813 laudem
445 3743 507 3812 sibi
526 3739 737 3827 concilianti,
752 3740 864 3810 similis
885 3739 946 3830 sis,
962 3765 1030 3812 non
1045 3745 1194 3816 utillum

153 3850 302 3946 dejicias,
329 3847 387 3920 sed
413 3843 453 3921 ut
467 3849 509 3918 ad
523 3850 614 3939 idem
629 3846 762 3920 culmen
786 3847 975 3942 pervenias,
994 3863 1032 3918 ut
1046 3853 1196 3926 eamdem
1292 3845 1295 3856 ¹

189 3992 196 4019 ¹
211 3980 297 4034 llattlr.
315 3997 361 4043 ιιι,
374 3978 416 4031 25.

226 4075 231 4098 ι
312 4061 347 4108 ιι.
406 4087 410 4098 1
668 4066 672 4134 J
1035 4047 1071 4108 31
