2982 4584
265 452 329 515 436
411 465 597 513 ‘unnroruca
620 463 821 526 salanum,
848 463 923 510 rans
947 469 994 527 11,
1019 463 1103 508 secr.
1130 468 1153 506 1.
1196 495 1198 498 .

263 569 341 636 verb
356 565 422 634 mel
441 566 476 634 in
496 567 614 634 horrea
629 563 836 650 recondunt,
854 577 953 658 atque
965 563 1087 656 hospiti
1102 585 1161 632 suo
1173 559 1304 630 dulcem

261 673 409 744 fructum
422 687 455 741 et
471 673 637 742 inaratum
652 669 836 763 proferunt.
852 671 984 739 Utinam
999 695 1059 740 nos
1074 669 1229 763 quoque,
1247 670 1306 761 qui

262 777 384 851 Christi
400 779 574 870 aspiarium
598 799 733 864 sumus,
751 800 789 846 ac
803 775 869 846 tale
885 776 956 846 tum
971 777 1154 869 sapientiae,
1168 775 1240 844 thm
1252 775 1306 843 in-

209 969 210 976 *
262 883 396 955 dustriae
416 898 450 954 et
468 884 591 954 laboris
617 883 803 976 exemplum
828 884 1030 976 accepimus,
1051 906 1103 952 eas
1125 881 1303 951 imitemur.

263 995 337 1062 lam
353 991 420 1063 avis
436 991 553 1060 nidum
570 991 746 1078 construit,
765 1005 864 1084 atque
886 990 947 1059 alia
966 987 1099 1083 quidem
1123 988 1228 1074 redit,
1245 987 1313 1080 alia

262 1099 445 1189 immigrat,
465 1099 528 1169 alia
543 1097 779 1184 circumvolat,
801 1122 839 1168 ac
854 1087 971 1167 nemus
986 1111 1087 1166 cantu
1101 1119 1161 1165 suo
1177 1094 1304 1186 implet,

261 1205 497 1296 hominemque
522 1205 647 1296 garritu
673 1203 852 1274 demulcet.
876 1205 994 1274 Omnia
1018 1208 1125 1274 Deum
1145 1201 1303 1286 laudant,

262 1326 295 1382 et
325 1313 462 1382 vocibus
487 1312 601 1382 multis
631 1311 875 1382 concelebrant.
906 1317 1044 1404 Propter
1076 1309 1187 1380 omnia
1218 1309 1305 1380 euim

263 1419 376 1510 gratiae
388 1416 458 1488 Deo
473 1441 532 1510 per
547 1442 603 1487 me
616 1419 799 1508 habentur,
817 1433 916 1512 atque
930 1420 976 1487 ith
988 1417 1122 1488 illorum
1137 1415 1304 1501 laudatio,

262 1547 335 1594 mea
349 1517 491 1593 efficitur
511 1524 665 1594 nimirum
682 1524 836 1618 aquibus
861 1522 1052 1614 egolaudis
1075 1536 1306 1613 argumentum

262 1631 367 1726 capio.
387 1635 483 1730 Nunc
503 1631 639 1725 quidem
662 1655 760 1702 omne
780 1629 998 1702 animantium
1021 1653 1124 1723 genus
1139 1629 1241 1716 ridet,
1258 1642 1307 1698 at·
1345 1627 1348 1634 ’

186 1743 188 1750 ’
263 1762 329 1831 que
356 1735 509 1808 omnibus
530 1738 679 1808 sensibus
703 1739 879 1832 pascimur.
908 1741 1004 1810 Nunc
1020 1738 1119 1808 etiam
1146 1736 1307 1830 superbus

262 1870 379 1941 equuS,
398 1861 431 1916 et
441 1847 558 1940 jubam
574 1845 731 1938 arrigens,
745 1846 912 1916 stabulum
924 1846 1050 1917 fastidit
1063 1899 1072 1932 ‚
1086 1869 1144 1932 ac,
1159 1843 1306 1937 perfrac-

261 1955 302 2024 tis
317 1954 474 2039 vinculis,
492 1977 551 2046 per
569 1977 702 2046 campos
718 1953 868 2027 lascivius
887 1951 1008 2040 fertur,
1026 1967 1127 2046 atque
1141 1952 1176 2020 in
1192 1952 1306 2021 flumi-
1326 1999 1328 2004 -

262 2060 361 2128 nibus
377 2061 494 2149 gestit,
513 2083 647 2153 seseque
662 2075 816 2130 ostentat.

308 2193 325 2232 u
345 2166 432 2250 Quid
448 2182 566 2238 caetera
587 2172 867 2239 commemorem?
885 2173 981 2242 Nunc
995 2175 1156 2260 Martyres
1170 2168 1233 2238 sub
1252 2169 1306 2238 dio

261 2273 425 2368 populum
442 2277 605 2363 retinent,
628 2275 665 2346 ac
679 2299 836 2370 pompam
851 2273 969 2366 agunt,
984 2275 1234 2372 splendidisque
1254 2299 1306 2344 se-

237 2421 239 2428 ,
264 2382 362 2452 dibus
386 2385 474 2475 piam
496 2385 629 2476 plebem
656 2399 689 2454 et
714 2385 835 2456 Christi
859 2400 1023 2454 amantem
1043 2385 1243 2471 convocant,
1270 2407 1307 2454 ac

261 2490 442 2584 ‘certamina
466 2513 525 2558 sua
550 2491 586 2558 in
610 2490 782 2580 publicum
806 2506 1008 2584 proponunt.
1036 2493 1146 2575 Quob
1168 2513 1307 2560 numero

262 2616 349 2662 unus
370 2595 504 2686 quoque
520 2607 569 2662 est
592 2617 684 2664 meus
703 2595 757 2664 ille
777 2595 965 2683 laureatus,
983 2601 1094 2687 (meus
1110 2597 1219 2682 enim,
1247 2597 1310 2666 etsi

262 2723 331 2770 non
347 2699 436 2794 apud
451 2723 521 2787 me,
546 2697 682 2771 facessat
697 2701 839 2789 invidia,
862 2703 1041 2772 scientibus
1056 2703 1176 2797 loquor
1186 2711 1218 2790 ,)
1233 2709 1308 2774 Ma-

263 2829 332 2876 mas
347 2805 404 2876 illc
419 2808 571 2898 insignis,
590 2822 623 2876 et
638 2822 768 2901 pastor,
787 2823 821 2879 et
835 2815 978 2900 Martyr;
996 2811 1054 2903 qui
1069 2809 1160 2902 priris
1171 2809 1309 2902 quidem

264 2916 375 2984 cervas
398 2911 587 3004 mulgebat,
615 2914 658 2982 ad
681 2930 830 2985 sanctum
849 2917 956 2988 virum
981 2941 1068 2988 novo
1094 2931 1128 2985 et
1150 2916 1310 2986 inusitato

263 3019 349 3088 lacte
365 3017 520 3086 alendum
536 3020 685 3088 certatim
700 3037 931 3113 properantes,
946 3045 1035 3093 nunc
1056 3038 1167 3093 autem
1183 3037 1310 3092 metro-

171 3205 173 3209 ,
238 3191 240 3194 ,
265 3125 349 3215 polis
366 3122 496 3216 plebem
512 3125 636 3216 pascit,
656 3122 821 3221 hodieque
836 3127 948 3199 multis
967 3131 1140 3201 hominum
1160 3128 1310 3199 millibus

264 3232 500 3324 undecumque
516 3234 772 3305 accurrentibus
787 3260 857 3316 ¹ver
887 3239 1057 3324 innovat„
1079 3237 1152 3306 tiun
1179 3237 1312 3306 virtutis

265 3339 511 3432 pulchritudine
523 3341 670 3428 varium,
689 3342 761 3411 tum
776 3343 959 3436 pastoribus
975 3343 1134 3436 dignum,
1152 3345 1224 3414 tum
1240 3367 1312 3412 ser·
1330 3425 1333 3430 1

265 3446 418 3514 monibus
429 3446 464 3514 in
479 3445 580 3538 ipsius
596 3448 755 3539 triumphi
770 3449 903 3519 laudem
920 3453 1125 3522 consecratis.
1144 3456 1256 3542 Atque
1271 3461 1312 3518 ut

264 3553 473 3644 paucioribus
489 3553 598 3622 adhuc
611 3555 717 3623 verbis
734 3580 803 3624 rem
819 3558 1028 3651 complectar,
1041 3583 1132 3628 nunc
1143 3581 1201 3628 ver
1212 3581 1312 3626 mun-

251 3659 390 3748 xdanum
402 3658 490 3746 ,'ver
505 3661 690 3749 spirituale,
709 3687 765 3733 ver
781 3667 918 3752 animis,
935 3691 992 3736 ver
1015 3666 1231 3760 corporibus,
1250 3687 1312 3733 ver

266 3767 410 3854 visibile,
427 3793 483 3839 rer
497 3767 659 3860 invisibile
674 3798 681 3838 :
697 3795 763 3863 quo
777 3774 904 3840 utinam
919 3773 953 3841 in
968 3775 1071 3844 altero
1084 3797 1154 3844 aevo
1170 3771 1311 3865 partici-

265 3897 323 3966 pes
343 3877 542 3963 efficiamur,
571 3877 778 3969 praeclarein
796 3881 858 3949 hdo
881 3879 947 3950 vira
962 3883 1100 3968 mutati,
1117 3905 1154 3950 ac
1170 3880 1248 3949 novi
1264 3875 1312 3946 ad

267 4003 385 4051 novam
401 3983 501 4052 vitam
516 3985 775 4056 transmittamur
790 3985 824 4056 in
834 3987 963 4060 Christo
979 3992 1057 4059 Jesu
1073 3987 1213 4060 Domino
1229 4007 1312 4053 nos-
