2984 4580
197 455 301 502 ctrur
324 460 369 503 vr.
396 460 437 501 nn
460 457 616 506 uruono
639 457 675 500 nv
688 455 897 504 concionatus
913 452 1078 506 tnrrrurrt.
1106 437 1166 501 att

132 581 200 629 non
216 558 379 652 pertineat
393 556 462 628 aliis
477 555 664 641 ostendere,
678 554 808 626 occulte
824 555 1004 626 admovisse
1018 556 1171 650 prodest,

132 679 190 736 aut
214 664 394 757 silongum
414 678 482 750 est,
505 677 563 732 aut
584 662 753 754 ignobile,
770 675 829 731 aut
842 659 1000 755 planum,
1020 678 1079 733 aut
1103 687 1173 736 nou

131 786 240 867 potest
254 772 348 858 fieri,
378 784 436 840 aut
451 767 546 839 facile
569 781 677 860 potest
705 765 912 861 reprehendi.
928 771 1113 863 Cyprianus
1127 771 1174 848 itt

130 879 215 949 hanc
229 880 369 971 figuram
382 875 572 946 adhibendo
583 874 731 968 loquitur
748 903 757 945 ε

177 1014 194 1054 κ
220 989 326 1055 Taceo
337 984 380 1052 de
395 980 568 1050 fraudibus
582 981 736 1050 Ecclesiae
749 979 864 1050 factis:
882 980 1125 1074 conjurationes
1140 995 1175 1054 et

129 1091 301 1177 adulteria,
312 1090 439 1161 etvaria
447 1086 642 1158 delictorum
652 1110 770 1180 genera
778 1101 948 1181 praetereo.
959 1090 1069 1158 Unum
1075 1087 1175 1180 illud,

128 1201 165 1269 in
185 1224 254 1294 quo
275 1221 344 1269 non
358 1219 449 1282 mea,
465 1219 574 1289 neque
592 1182 777 1282 hominum,
793 1193 852 1265 sed
863 1196 923 1265 Dei
938 1217 1035 1264 causa
1050 1209 1115 1282 est,
1130 1197 1174 1266 de

128 1329 245 1376 eorum
261 1303 407 1373 facinore
421 1317 490 1372 non
504 1315 586 1394 puto
601 1324 670 1371 esse
681 1299 886 1371 reticendum
901 1301 1014 1394 :qudd
1029 1303 1049 1370 a
1064 1302 1174 1394 primo

127 1414 237 1482 statim
253 1407 486 1503 persecutionis
505 1407 575 1494 die,
593 1405 670 1478 crim
685 1408 828 1481 recentia
842 1405 1106 1502 delinquentium
1121 1405 1174 1478 fa·

127 1519 239 1588 cinora
260 1515 439 1600 ferverent,
457 1527 490 1583 et
505 1514 669 1584 sacrificiis
689 1512 839 1585 nefandis
859 1511 927 1584 uon
949 1513 1080 1584 tantiam
1098 1513 1173 1584 dia-
1277 1593 1282 1599 ,
1400 1563 1406 1574 .

128 1625 200 1694 boli
223 1623 351 1708 altaria,
372 1620 430 1690 sed
449 1619 558 1692 adbuc
572 1618 690 1691 manus
708 1623 787 1715 ipsae
799 1627 1094 1716 Lapsorumatque
1111 1643 1170 1693 ora

126 1729 307 1816 fumarent,
320 1727 563 1799 communicare
579 1751 656 1798 cum
668 1729 792 1822 Lapsis,
807 1743 841 1800 et
857 1727 1171 1823 poeuitentiaeageu·

125 1838 179 1908 dae
190 1836 393 1908 intercedere
407 1859 476 1906 uon
489 1835 718 1906 destiterunt&
738 1864 755 1902 a

160 1941 316 2016 'Sanctus
342 1943 464 2036 pariter
484 1943 661 2034 Gregorius
685 1943 905 2015 Nazianzenus
930 1945 1045 2015 contub
1067 1943 1179 2016 Iulia--

124 2075 209 2121 uum
231 2049 372 2145 loquens
392 2051 437 2120 ite
456 2048 570 2122 multis
588 2051 809 2143 praetermissis
832 2050 875 2120 ad
899 2065 1017 2124 caetera
1032 2073 1172 2144 exagge-

126 2159 231 2230 randa
242 2157 452 2252 progreditur
468 2188 476 2232 a

154 2299 170 2336 u
179 2273 226 2338 Ut
234 2269 321 2336 enim
333 2265 440 2336 edicta
449 2291 486 2336 ea
495 2280 781 2361 praeteream,quae
793 2265 946 2338 adversius
955 2268 1041 2338 aedes
1052 2289 1169 2354 sacras,

123 2377 198 2445 tum
215 2375 348 2469 publice
363 2375 655 2467 proponebantur,
673 2372 746 2443 tima
764 2375 915 2472 privatim
936 2373 1170 2468 explebantur,

122 2497 155 2552 et
171 2483 361 2553 votivorum
373 2481 538 2550 donorum
550 2505 588 2550 ac
604 2480 819 2573 pecuniarum
834 2479 1085 2572 expetitionem,
1103 2503 1172 2550 non

122 2589 229 2681 magis
239 2589 281 2656 ab
298 2587 465 2679 impietate
481 2590 580 2679 quam
594 2587 636 2656 ab
652 2587 996 2674 avaritiamanentem,
1014 2601 1048 2658 et
1059 2609 1180 2658 sacro--

122 2721 199 2766 rum
216 2717 381 2780 vasorum,
396 2717 471 2786 quae
483 2695 628 2785 profanis
641 2695 793 2763 manibus
808 2695 996 2785 petulanter
1011 2709 1044 2763 et
1055 2709 1171 2764 contu-

123 2802 264 2873 meliose
273 2801 512 2885 tractabantur,
530 2798 764 2892 direptionem,
779 2797 962 2869 sacerdotes
976 2800 1075 2868 etiam
1090 2793 1172 2868 sub-

121 2913 315 3004 jectamque
345 2906 493 2999 plebem,
519 2907 578 3000 qui
603 2929 664 3000 pro
694 2905 746 2976 his
775 2905 874 2977 rebus
900 2905 1173 2977 abstrahebantur

124 3015 400 3108 acerbissimeque
423 3014 681 3109 torquebantur,
698 3014 868 3085 columnas
888 3015 1022 3110 quoque
1047 3014 1171 3085 cruoris

82 3119 87 3128 ’
123 3125 253 3216 plenas,
270 3124 391 3192 horum
407 3123 557 3191 manibus
571 3137 671 3216 atque
683 3123 869 3216 complexu,
886 3121 968 3192 diam
981 3115 1182 3214 virgiscon·.

123 3232 334 3316 cidercntur,
360 3252 420 3322 per
440 3229 561 3323 orbem
573 3230 712 3317 cinctas,
737 3231 881 3324 denique
906 3231 1088 3324 sagittarios
1112 3253 1172 3324 per

124 3341 227 3410 urbes
244 3353 277 3409 et
292 3337 441 3430 regiones
457 3334 686 3424 discurrentes,
702 3351 801 3431 atque
816 3338 887 3430 ipso
899 3339 1010 3424 etiam,
1026 3341 1085 3430 qui
1101 3339 1172 3408 heec

122 3444 322 3538 imperabat,
342 3444 481 3514 acriores
497 3455 530 3510 et
545 3443 759 3529 crudeliores,
774 3465 851 3536 quae
866 3467 925 3513 nos
943 3442 1097 3514 videlicet
1111 3465 1171 3537 pro

125 3554 244 3637 Persis,
259 3567 294 3639 et
307 3551 435 3642 Scythis
448 3550 584 3644 aliisque
595 3549 741 3621 barbaris
750 3552 786 3620 in
797 3549 957 3622 ditionem
969 3574 1062 3620 suam
1073 3564 1172 3644 atque

125 3659 303 3752 imperium
324 3657 526 3748 redigerent3
550 3671 589 3727 ut
607 3657 698 3745 haec,
722 3660 877 3753 inquam,
903 3658 1013 3728 omnia
1035 3669 1172 3750 praeter-

125 3769 275 3848 mittam,
295 3767 387 3836 eccui
410 3767 544 3836 tandem
566 3765 860 3837 Alexandrinorum
872 3765 1047 3839 crudelitas
1062 3753 1171 3856 ignota

126 3889 193 3961 est,
205 3875 264 3968 qui
274 3885 393 3967 praeter
406 3871 511 3941 multa
526 3869 588 3944 alia
600 3927 609 3960 ,
621 3897 697 3970 quae
709 3873 862 3946 adversus
871 3898 931 3946 nos
939 3873 1172 3968 designarunt,

163 4013 170 4040 ¹
181 4007 207 4053 S.
219 4007 292 4068 Gypr.
306 4001 380 4068 Epist.
396 4017 435 4066 rr,
446 4000 476 4052 ad
491 4001 586 4051 Comei.
