2930 4582
235 409 298 472 252
377 425 556 474 uurrorrret
580 426 607 474 ε.
633 426 787 490 urrunnu,
813 427 889 476 utus
911 431 959 491 11,
984 429 1069 474 secr.
1098 431 1121 472 1.

233 523 397 619 numquid
412 519 534 596 bestial
549 541 641 620 petra
654 527 801 597 Christus
816 556 824 598 ι
841 524 1005 622 numquid
1020 525 1165 595 duritia?
1180 547 1272 594 mons

233 633 397 722 Christus,
417 634 581 727 numquid
597 648 708 704 tumor
730 637 846 704 terrae?
861 649 895 704 et
912 635 959 704 sie
981 631 1091 702 multa·
1108 631 1200 702 aliud
1221 633 1273 703 vi·

234 741 354 808 dentur
370 764 502 822 sonare,
521 740 611 810 aliud
626 741 828 832 significare,
847 755 881 810 et
892 753 1031 820 ¹vocatur
1042 737 1197 830 allegoria
1213 741 1237 806 ¹.
1254 767 1270 804 u

234 851 361 918 Harum
381 862 492 918 autem
515 848 745 941 allegoriarum
758 849 933 920 utilitatem
949 848 995 918 sic
1013 847 1171 940 praedicat
1186 845 1275 918 idem

235 958 373 1026 Sanctus
391 985 400 1027 ι
421 983 435 1020 a
454 955 507 1026 hd
521 957 630 1050 ipsum
650 957 759 1047 ignem
775 957 894 1028 amoris
910 955 1125 1051 nutriendum
1139 968 1173 1025 et
1188 955 1274 1024 llan-
1348 969 1354 978 ·

114 1099 120 1110 ·
233 1058 315 1130 dum
337 1063 603 1154 quodammodo,
630 1087 698 1157 quo
722 1065 881 1157 tanqudm
903 1054 1050 1155 pondere
1070 1060 1199 1130 sursum
1222 1051 1276 1130 vel

233 1169 410 1241 introrsum
438 1168 619 1240 referamur
640 1170 683 1240 ad
702 1172 866 1265 requiem,
889 1171 950 1240 ista
975 1169 1086 1240 omnia
1109 1171 1276 1262 pertinent

234 1300 310 1370 quae
326 1276 568 1368 nobisfigurate
583 1277 792 1347 insinuantur
803 1307 811 1348 ι
822 1275 897 1370 phis
912 1279 1000 1346 enim
1017 1289 1151 1346 movent
1166 1289 1200 1344 et
1220 1299 1275 1344 ac-

112 1401 117 1404 ·
234 1382 381 1454 cendunt
396 1407 540 1453 amorem
559 1388 660 1478 quam
675 1385 701 1455 si
716 1386 805 1456 nuda
821 1385 890 1454 sine
908 1385 984 1454 ullis
999 1397 1276 1454 sacramentorum

164 1541 167 1549 .
234 1489 502 1562 similitudinibus
518 1505 731 1583 ponerentur.
749 1495 852 1585 Cujus
864 1493 911 1560 rei
927 1515 1059 1562 causam
1079 1489 1215 1559 difficile
1230 1503 1277 1557 est

235 1599 355 1668 dicere.
376 1599 440 1668 Sed
455 1613 566 1668 tamen
581 1599 627 1668 its
642 1623 676 1668 se
692 1600 804 1686 habet,
814 1614 853 1669 ut
864 1598 990 1693 aliquid
1002 1621 1061 1691 per
1069 1596 1277 1688 allegoricam

235 1705 502 1794 significationem
527 1706 714 1776 intimatum
740 1707 814 1800 pluis
839 1720 989 1792 moveat,
1014 1705 1088 1798 plus
1114 1704 1274 1788 delectet,

234 1810 309 1904 plhs
324 1812 517 1896 honoretur,
536 1814 637 1906 qulam
652 1814 679 1882 si
694 1814 801 1883 verbis
813 1812 950 1905 propriis
965 1811 1128 1880 diceretur
1144 1812 1278 1902 apertis-

174 1942 177 1947 ’
200 1959 203 1972 ›
235 1919 327 1988 sime.
339 1917 448 1988 Credo
459 1917 627 2012 quddipse
639 1921 756 1988 animae
765 1933 885 2005 motus,
903 1916 1050 2012 quandiu
1061 1917 1159 1986 rebus
1171 1917 1277 1986 adhuc

236 2025 372 2094 terrenis
387 2023 590 2115 implicatur,
614 2025 736 2117 pigriirs
751 2025 973 2096 inflammatur
989 2053 997 2092 ι
1019 2024 1046 2092 si
1062 2025 1140 2092 verd
1156 2021 1278 2092 feratur

237 2131 279 2200 ad
292 2129 520 2200 similitudines
536 2131 730 2224 corporales,
744 2145 776 2200 et
790 2130 868 2200 inde
884 2131 1045 2200 referatur
1056 2128 1098 2198 ad
1110 2129 1275 2222 spiritalia,

236 2261 313 2331 quae
336 2237 400 2307 illis
424 2237 692 2307 similitudinibus
716 2238 911 2327 ligurantur,
936 2237 1007 2328 ipso
1031 2237 1123 2330 quasi
1141 2236 1278 2304 transitu

237 2358 418 2435 vegetatur,
437 2357 470 2413 et
485 2345 644 2436 tanquhm
656 2344 691 2412 iu
707 2341 815 2412 sacrdd
827 2344 911 2434 ignis
923 2343 1062 2434 agitatus
1075 2340 1275 2427 accenditur,

239 2465 272 2521 et
295 2451 480 2521 ardentioie
496 2450 672 2520 dilectione
688 2450 813 2544 rapitur
828 2450 871 2518 ad
890 2449 1036 2542 quietem
1054 2453 1079 2518 ².
1105 2475 1120 2513 r>
1139 2451 1280 2530 Quas-ut

239 2558 340 2647 magis
348 2557 446 2625 etiam
458 2556 608 2648 exemplo
617 2555 739 2626 Christi
754 2556 884 2626 Domini
896 2559 1032 2650 ejusque
1047 2555 1278 2647 Apostolorum

239 2649 460 2747 commendet,
477 2661 522 2731 iu
534 2661 613 2731 alibi
624 2661 833 2755 prosequitur
847 2690 855 2730 :
868 2689 884 2726 «
894 2666 967 2753 lpse
984 2660 1155 2731 Liberator
1170 2675 1281 2730 noster

239 2771 275 2840 in
291 2769 472 2864 Evangelio
488 2769 641 2862 allegorii
652 2771 757 2840 utitur
770 2794 808 2838 ex
823 2773 941 2839 Vetere
957 2773 1187 2839 Testamento:
1210 2765 1282 2838 Ge-

240 2879 395 2963 nemun,
413 2878 537 2970 inquit,
559 2874 638 2946 licen
661 2878 804 2972 siguum
825 2877 970 2968 quaerit,
988 2889 1024 2945 et
1041 2899 1115 2946 non
1136 2873 1284 2945 dabitur

242 2986 278 3053 ei
292 2985 435 3078 signum
459 2982 531 3052 nisi
548 2985 691 3078 sr'gruuu
713 2975 819 3052 Jonce
836 2982 1049 3076 propltetoe;
1071 2984 1163 3052 sicut
1188 2983 1282 3051 enim

240 3089 358 3160 Jonas
374 3089 412 3159 in
426 3103 550 3160 ventre
563 3089 636 3158 ceti
650 3087 762 3158 tribus
784 3087 908 3158 diebus
934 3103 970 3158 et
992 3088 1105 3160 tribus
1119 3086 1283 3159 noctibus

230 3195 328 3294 fur't,
342 3197 394 3266 sic
409 3209 445 3265 et
459 3193 577 3267 Filius
593 3192 748 3265 lromr'ru's
761 3193 872 3264 tribus
883 3183 1008 3282 diebus
1020 3210 1056 3265 et
1068 3194 1180 3266 tribus
1196 3218 1281 3266 noc-

243 3300 335 3372 tibus
352 3303 419 3372 erit
434 3303 471 3370 in
486 3299 596 3371 corde
618 3316 724 3372 terne
741 3304 765 3370 ³.
792 3304 875 3372 th
890 3301 973 3395 quid
994 3325 1055 3393 ego
1074 3303 1116 3372 de
1135 3301 1284 3395 apostolo
1310 3353 1312 3356 -

217 3491 220 3502 Ι
243 3409 347 3481 Paulo
370 3408 497 3478 dicam?
519 3409 577 3503 qui
601 3409 699 3478 etiam
725 3409 828 3502 ipsam
849 3410 954 3478 Exodi
976 3399 1149 3478 historiam
1161 3409 1283 3480 futurae

242 3515 426 3602 christianae
440 3513 544 3609 plebis
556 3514 742 3605 allegoriam
754 3513 853 3604 fuisse
867 3515 1028 3606 significat
1039 3514 1081 3584 ad
1096 3516 1286 3600 Corinthios

242 3625 391 3720 Epistoll
410 3624 516 3719 primi
538 3652 545 3693 :
568 3620 613 3696 Ν
611 3619 668 3692 olo
685 3636 807 3692 autem
825 3645 891 3692 vos
910 3624 1102 3718 ignorare,
1115 3609 1282 3719 siatres',

244 3735 331 3824 quia
343 3747 470 3826 patres
485 3731 602 3802 nostri
613 3752 737 3800 omnes
751 3729 815 3810 sub
832 3728 927 3802 nube
928 3729 1098 3825 fuerunt,
1117 3745 1152 3802 et
1163 3753 1287 3802 omnes

282 3889 290 3916 ¹
314 3881 339 3932 S.
360 3882 451 3946 August
469 3879 495 3930 in
516 3877 577 3930 Psal.
598 3893 649 3945 our,
663 3879 742 3930 Serm.
757 3895 775 3942 1,
788 3893 814 3930 n.
830 3877 869 3929 13.
886 3902 919 3914 -
936 3887 947 3914 ²
968 3878 1006 3932 Id.
1019 3878 1051 3932 ad
1062 3876 1170 3946 inquisit.
1186 3880 1284 3932 Ianuar.

247 3963 289 4016 lib.
303 3981 331 4032 u,
343 3963 396 4017 sive
405 3965 479 4032 Epist.
494 3981 535 4031 ur,
547 3981 573 4017 u,
584 3976 626 4018 ar.
645 3991 677 4002 -
692 3961 802 4018 lllatth.
816 3968 858 4030 xn‘,
872 3963 915 4030 39,
929 3959 968 4028 lo.
