2984 4580
212 447 312 495 cleon
328 453 376 506 vt.
393 449 434 499 ns
457 453 613 507 unreono
626 455 671 518 tu
694 453 901 512 copctontsus
923 449 1089 496 tontrtrt.
1116 435 1180 502 375,

147 551 383 632 Monachorum
414 564 522 622 autem
550 574 627 635 ora,
663 549 810 623 fontibus
840 549 906 618 mel
935 549 1183 638 effundentibus

146 657 337 750 fluentaque
356 679 449 750 pura.
468 655 590 748 Siquis
610 669 720 733 autem
737 655 825 746 aegre
846 654 929 740 serat
948 657 1039 748 quod
1057 655 1183 728 multo·
1256 727 1258 732 ,

101 756 103 762 ’
146 787 221 835 rum
236 786 291 839 ora
306 760 422 832 cloacis
433 761 700 854 comparaverim,
717 761 745 829 is
758 754 838 840 sciat
849 784 904 836 me
914 761 1011 852 parce
1022 761 1182 860 locutum.

149 868 314 962 Scriptura
327 867 470 960 namque
486 890 555 936 non
569 867 631 940 hae
647 865 751 948 utitur
765 867 999 952 mopsurd,‘sed
1013 868 1187 954 vehemep-

148 975 230 1044 tiore
245 971 477 1058 similitudipe,
502 971 613 1044 dicens
629 1000 637 1041 z
663 969 855 1046 Venenum
870 969 1038 1064 aspidum
1051 970 1116 1044 sub
1133 971 1188 1042 la-

149 1075 216 1148 biis
236 1101 376 1162 eorum,
394 1090 427 1162 et
443 1074 644 1170 sepulcrum
661 1089 795 1168 putens
815 1090 869 1151 est
882 1082 1008 1173 guttur
1022 1101 1145 1148 corum
1161 1083 1185 1147 ¹.

149 1185 214 1256 Sed
229 1209 298 1267 non
318 1183 393 1256 talia
410 1197 487 1254 sunt
501 1181 634 1272 illorum
653 1205 727 1268 ora,
745 1196 778 1264 at
794 1183 884 1264 hono
899 1184 1000 1270 odore
1015 1183 1123 1276 plena.
1145 1189 1189 1271 Et
1233 1181 1237 1188 ’

147 1292 321 1384 praesentia
337 1289 471 1384 quidem
483 1290 672 1384 hujusmodi
687 1303 781 1376 sunt,
798 1289 911 1375 futura
926 1293 1005 1362 vero
1020 1316 1096 1384 quae
1114 1315 1193 1377 praq

147 1399 196 1468 tio
209 1399 422 1492 assequatur?
437 1419 513 1500 quae
525 1420 616 1475 meus
628 1397 871 1493 apprehendat?
888 1402 1015 1470 Sortem
1027 1397 1118 1471 illam
1131 1407 1190 1472 aii-

148 1505 306 1596 gelicam,
333 1503 587 1590 beatitudinem,
612 1502 791 1584 ineffabilia
808 1505 914 1582 hona?
934 1503 1032 1576 Multi
1055 1505 1191 1591 forta-ssd

148 1611 277 1681 fervore
288 1611 425 1704 incensi,
434 1611 698 1704 concupiscentia
708 1611 806 1703 hujus
816 1611 932 1702 optimi
947 1612 1087 1682 instituti
1104 1615 1191 1706 capti

147 1719 234 1786 estis.
256 1716 319 1798 Sed
334 1716 415 1808 quid
430 1717 508 1808 hinc
524 1715 759 1802 emolumenti,
782 1717 809 1786 si
822 1718 877 1787 hic
891 1716 1021 1800 tantum
1037 1719 1101 1792 hoc
1114 1719 1191 1810 igne

126 1851 128 1856 ’
147 1825 287 1902 ardeatis
300 1878 311 1910 ,
323 1825 401 1910 hipc
416 1839 527 1906 autern
538 1824 654 1914 egressi
665 1877 677 1908 ,
691 1823 857 1912 flammant
871 1824 1080 1914 extinguetis,
1093 1840 1126 1896 et
1137 1827 1192 1896 hic

147 1954 240 2002 amor
256 1929 607 2026 tabescattQuomodd
622 1931 723 2025 igitur
736 1931 815 2002 huic
829 1930 916 2000 malo
931 1931 1137 2008 medeberis?
1150 1937 1194 2008 Ut
1231 1984 1233 1996 ,

147 2041 268 2114 amoris
285 2040 413 2118 fervore
428 2039 587 2125 tenearis,
611 2037 813 2130 adi'angelos
827 2039 920 2126 illos,
938 2053 972 2110 te
984 2040 1125 2132 amplius
1138 2041 1198 2112 in-·

146 2149 264 2220 cende.
279 2151 353 2222 Non
367 2149 454 2218 enim
466 2150 539 2245 haec
546 2148 650 2218 oratio
660 2147 798 2240 perinde
810 2161 843 2232 te
855 2147 1033 2224 accendere
1041 2148 1139 2234 valet,
1149 2163 1199 2226 'ut

139 2257 257 2349 ipsum
272 2277 382 2326 rerum
398 2252 634 2346 spectaculum.
651 2257 700 2326 Ne
716 2253 833 2330 dixeris
850 2284 858 2324 :
879 2283 895 2324 u
916 2254 1095 2348 Colloquar
1116 2279 1200 2326 cum.

146 2383 262 2446 uxore,
274 2374 308 2430 et
321 2384 371 2442 res
384 2359 550 2442 absolvam
566 2358 708 2453 primitm
725 2388 763 2430 :n
782 2359 989 2452 negligentiae
1002 2362 1134 2444 initiunt
1147 2377 1204 2440 cst·

145 2470 219 2551 haec
232 2467 494 2560 procrastinatio.
514 2465 602 2538 Audi
618 2465 806 2560 quempiam
824 2466 966 2540 voluisse
984 2467 1128 2560 primum
1140 2469 1189 2554 iis,

146 2577 206 2670 qui
215 2575 307 2644 domi
328 2591 422 2645 erant
439 2573 636 2660 ualedieere,
648 2587 681 2644 et
689 2574 888 2667 Prophetam
899 2597 967 2644 non
982 2575 1192 2667 permississe.
1222 2605 1228 2610 “

145 2683 281 2778 Ecquid
292 2682 367 2768 dico
382 2681 563 2760 valedicere
572 2684 589 2749 Ρ
599 2686 728 2768 Patrem
739 2681 875 2772 sepelire
884 2682 989 2763 voluit
1000 2673 1198 2774 discipulus,

144 2810 259 2882 neque
275 2787 311 2856 id
330 2787 489 2868 concessit
504 2784 697 2872 Christus&
708 2786 808 2878 Atqui
828 2784 909 2878 quid
927 2787 1057 2862 videtur
1073 2789 1135 2860 tibi
1148 2789 1194 2858 ita

144 2895 368 2980 necessarium
383 2916 451 2965 esse
467 2903 513 2982 qt
523 2891 692 2986 sepultura
706 2893 825 2986 patris?
846 2897 889 2968 dt
904 2915 971 2964 non
986 2892 1018 2972 id
1034 2895 1191 2987 permisit.

145 3001 280 3098 Qua-rel
295 3001 373 3092 quia
388 2997 882 3088 vehementerinstatdiabolps,
896 3012 933 3084 qt
948 3023 1017 3081 sese
1027 3000 1192 3071 insinuet:
1222 3007 1225 3013 '

146 3109 228 3196 etsi
252 3105 418 3192 tantillum
443 3106 600 3184 socordias
626 3121 659 3176 et
684 3105 851 3193 'tarditatis
884 3105 1130 3198 deprehendat,
1159 3108 1196 3178 in

145 3235 302 3306 magnam
328 3209 485 3298 desidiam
514 3211 665 3304 conjicit,
688 3211 768 3296 lded
788 3226 901 3295 monet
923 3213 1106 3304 quispiam,
1131 3211 1176 3286 Ν
1176 3237 1197 3284 e

147 3315 275 3396 tardes
287 3315 332 3403 dc
348 3315 407 3403 die
419 3319 457 3386 iu
467 3309 582 3384 diem³
594 3348 603 3405 3
616 3317 662 3386 sic
676 3317 764 3387 enim
781 3316 921 3407 plurima
937 3319 1058 3408 poteris
1080 3341 1201 3400 eptem·

146 3425 246 3510 dare,
264 3426 308 3494 sic
328 3448 404 3516 quae
418 3423 514 3524 domi
537 3437 614 3506 sunt
634 3421 737 3512 probe
753 3419 981 3514 disponemur.
1008 3424 1168 3502 ananim
1185 3453 1192 3496 ι

153 3521 1195 3630 Qaaeriteprimum‚regnumDeijarjusu'u'nmquamtus
1320 3584 1322 3587 ψ

146 3643 275 3713 omniu
287 3635 614 3738 urlJ't'cienturoobis
628 3640 653 3706 ⁴.
669 3637 701 3708 si
714 3661 773 3723 pus
785 3637 885 3725 enim,
899 3641 976 3718 citur
988 3637 1122 3730 quidam
1134 3655 1193 3713 sua

147 3741 507 3840 negligentes,postris
521 3745 622 3836 tnagis
642 3741 836 3834 advigilaut,
862 3744 953 3830 putei
973 3743 1192 3830 sollieitudine
1251 3750 1260 3763 ‘
1285 3743 1286 3747 ’

147 3877 272 3942 tecum
288 3876 357 3935 esse
373 3875 543 3942 tuismet
559 3852 666 3927 multo
680 3852 783 3943 morie
798 3857 885 3940 psus
900 3852 958 3945 qui
975 3876 1044 3936 tt⁰¹t
1058 3853 1121 3926 ¹¹³⁰
1132 3854 1196 3936 ht:

189 3983 268 4032 ¹Psal.
283 3998 334 4046 xm,
345 3981 370 4030 3.
381 3990 431 4017 -2
445 3982 502 4032 Luc.
511 3997 546 4045 tx,
555 3981 598 4033 60.
612 4007 644 4036 -,-
659 3979 755 4050 ³Ecoli.
770 3995 796 4048 r,
807 3979 832 4040 β.
842 3979 997 4050 ῃᾷΜᾳῃῂ,
1014 3997 1053 4050 vr,
1079 3979 1114 4048 ld,
