2984 4580
302 401 367 467 386
456 412 635 486 surromot
657 413 683 463 s.
709 412 841 466 struunt
853 411 872 476 ,·
887 413 963 468 rtur
986 413 1029 478 ιι,
1054 379 1138 464 arcu.
1164 423 1190 464 1.

301 517 364 589 ¹ted
383 537 452 589 uon
470 515 548 586 talia
570 515 606 585 in
628 513 847 589 tabernuculis
872 515 1133 597 Monachoruma
1154 517 1212 588 aad
1236 519 1341 594 multa

313 621 532 716 tanquillitas,
550 621 643 715 quies
659 619 776 696 multa.
796 624 847 710 Et
861 617 953 692 illam
968 621 1103 714 quidem
1121 645 1268 694 mensam
1284 649 1341 695 ex-

308 717 373 822 :ipit
387 751 521 800 somnus
545 728 643 798 morti
667 725 802 812 similis,
826 727 913 824 banc
935 730 1013 798 verb
1036 727 1226 821 vigilantia,
1250 731 1342 803 illam

307 837 513 931 upplicium‚
531 837 618 910 hanc
637 857 777 925 regnum
798 834 961 908 coelorum
983 849 1018 908 et
1039 837 1238 910 immortalia
1258 862 1342 934 prae·

310 945 373 1037 nia.
389 944 484 1017 Illam
500 943 600 1034 igitur
614 943 848 1036 insequamur,
866 940 1085 1017 nt-fructibus
1096 945 1166 1039 ejus
1178 943 1339 1046 fruamur,

305 1075 380 1146 ¹[uos
399 1051 528 1126 utiuim
547 1071 661 1124 omnes
685 1071 946 1142 consequamur,
964 1051 1067 1142 gratie
1081 1065 1115 1122 st
1138 1051 1343 1146 benignitate

301 1160 430 1234 Domini
444 1158 642 1232 nostri'tesu
656 1157 798 1244 Christi,
812 1158 866 1230 cui
878 1157 981 1251 gloria
992 1173 1026 1230 et
1042 1159 1219 1254 imperium
1231 1162 1266 1232 in
1280 1187 1343 1233 saa·

302 1267 375 1338 sula
390 1266 750 1340 seculorummment
768 1293 784 1333 u

342 1372 699 1467 recompensationibus
708 1371 871 1442 nonoedit
879 1373 1116 1462 chrysostomo
1126 1375 1344 1468 &Gregorius
1376 1462 1378 1468 Ι

301 1481 540 1566 'tazianzenus‚
569 1479 663 1572 cujus
688 1502 796 1550 unum
823 1478 965 1549 sufficiet
989 1477 1111 1551 referre
1134 1481 1342 1575 exemplum,

309 1588 414 1680 tempe
433 1585 524 1658 illam
547 1610 624 1680 quac
642 1587 729 1658 inter
751 1585 875 1667 duliam
890 1589 1059 1678 Apostatae
1081 1601 1115 1658 et
1135 1589 1345 1682 Constantini

300 1695 501 1789 'mperatoris
522 1692 622 1768 funus
646 1693 827 1767 intercessit
842 1693 1122 1785 discrepantiam:

345 1830 361 1868 a
379 1801 469 1885 Quid
478 1800 643 1895 reliquum
651 1813 736 1887 erat,
750 1799 813 1872 nisi
822 1815 859 1870 ut
876 1801 968 1894 impii
975 1799 1114 1875 cadaver
1124 1799 1167 1871 ad
1178 1805 1345 1875 Romanos

301 1909 493 1996 referretur,
512 1910 637 1982 etiamsi
652 1910 697 1978 itt
719 1908 801 1980 vivis
824 1908 1027 1980 excessisset?
1048 1907 1210 1990 Quoniam
1234 1924 1343 1980 autem

301 2042 358 2090 <ros
383 2017 482 2088 etiam
504 2017 654 2088 exanime
673 2039 792 2108 corpus
811 2018 989 2103 habemus,
1010 2018 1101 2086 hunc
1124 2017 1268 2104 scilicit,
1287 2019 1346 2112 qui

222 2212 224 2216 Ι
249 2155 254 2159 ·
300 2122 375 2196 tntis
390 2113 536 2215 ipsum'e
552 2123 619 2194 vitat
630 2122 803 2214 migravit,
819 2124 989 2204 uideamus
1000 2124 1055 2193 hie
1070 2125 1219 2218 quoque,
1237 2147 1345 2218 quan·

292 2228 373 2302 -titm
392 2229 479 2300 inter
498 2243 678 2324 utrumque
701 2229 931 2321 imperatorem
952 2229 1148 2300 discriminis
1170 2229 1298 2300 fuerit:
1321 2231 1346 2300 si

300 2335 461 2430 quidhoc
476 2335 576 2406 etiam
591 2335 633 2406 ad
649 2333 886 2406 defunctorum
908 2334 1100 2406 felicitatem
1118 2351 1152 2407 et
1169 2337 1345 2408 infelicita-

303 2459 368 2519 tem
394 2440 554 2526 confetat.
584 2439 648 2542 Ille
668 2443 769 2532 igitur
793 2442 931 2534 publicis
952 2445 1143 2536 praeconiis,
1166 2443 1346 2538 faustisque

303 2549 477 2634 ominibus,
495 2571 532 2618 ac
544 2546 666 2620 celebri
678 2549 799 2640 pompei
807 2547 996 2636 deducitur,
1010 2551 1235 2644 religiosisque
1247 2553 1346 2620 etiarn

304 2656 353 2727 his
368 2653 640 2754 nostris-officiis,
662 2677 721 2746 per
743 2667 848 2724 totam
875 2655 997 2726 scilicbt
1022 2673 1152 2728 noctem
1178 2658 1346 2751 productis

296 2762 436 2838 'canticis
457 2775 491 2834 et
505 2761 645 2834 accensis
659 2760 804 2849 facibus,
822 2763 943 2856 quibus
954 2787 1014 2834 nos
1030 2766 1203 2840 Christiani
1225 2763 1346 2858 plume

300 2871 368 2944 vita
391 2869 567 2944 discessum
589 2867 776 2939 ornandum
800 2869 1033 2940 existimamus.
1065 2876 1175 2966 Atque
1202 2871 1347 2965 corporis

302 2979 400 3058 elatio
415 2980 625 3070 conjuratam
635 2999 713 3047 cum
728 2999 870 3046 moerore
885 2969 1110 3048 celebritatem
1120 2980 1234 3050 babet.
1249 2975 1347 3062 Quod

238 3105 243 3114 ·
302 3088 330 3166 si
344 3086 398 3158 cui
413 3083 514 3158 iidem
529 3083 673 3154 narratio
694 3083 785 3168 l'acit,
807 3082 847 3170 id·
857 3085 991 3177 quoque
1008 3085 1044 3153 in
1064 3084 1248 3156 multorum
1264 3087 1347 3156 anri-

304 3194 365 3265 bus
378 3190 625 3266 disseminatum
637 3203 701 3276 ¹ost,
719 3189 811 3284 qubd
826 3189 902 3260 crim
918 3215 1037 3284 corpus
1050 3193 1147 3262 Tauri
1158 3195 1239 3288 juga
1250 3215 1346 3286 supe-

303 3312 400 3384 raret,
413 3296 647 3390 utadpatriam
659 3298 840 3384 civitatem,
855 3299 957 3386 hanc,
969 3299 1108 3393 inquam
1122 3353 1131 3386 ,
1145 3299 1209 3370 illis
1218 3323 1346 3396 cogno-

304 3408 426 3480 minem
443 3429 480 3478 ac
500 3403 745 3476 celeberrimam
760 3403 953 3492 referretur,
969 3429 1032 3475 vox
1048 3405 1201 3500 quaedam
1219 3409 1237 3476 ὲ
1255 3431 1346 3478 snm-

304 3514 362 3590 mis
381 3511 461 3584 louis
475 3513 494 3581 i
509 3510 678 3582 nonnullis
694 3509 947 3598 exaudiebatur,
965 3511 1058 3582 uelut
1077 3513 1293 3605 psallentium
1313 3526 1347 3583 et

302 3614 815 3712 prosequentium(angelicarum
827 3618 944 3709 opinor
955 3605 1125 3689 Virt'utnm·
1136 3649 1143 3690 :
1154 3615 1348 3713 )quodpie·

302 3727 373 3806 tatis
385 3726 432 3803 illi
448 3725 621 3818 praemium
633 3736 702 3792 erat
718 3746 756 3792 ac
770 3721 919 3795 funebris
933 3725 1164 3798 remuneratio.
1183 3728 1272 3820 Nam
1285 3725 1345 3794 etsi

269 3835 273 3839 ’
302 3849 423 3908 sectam
432 3832 533 3925 fidem
544 3830 698 3902 nonnihil
709 3831 825 3902 lunare
839 3831 927 3902 visus
942 3845 1003 3921 est,
1018 3835 1082 3908 hoo
1093 3847 1205 3904 tamen
1221 3835 1346 3904 crimen

339 3973 345 3998 ¹
362 3965 388 4020 S,
399 3961 484 4027 Chrys.
498 3959 585 4017 Hamil,
603 3975 659 4026 uxr,
671 3959 696 4012 iu
707 3959 799 4012 natm.
816 3975 840 4010 n.
858 3959 911 4012 3-5.
1081 3957 1083 3964 ⁴
