2992 4590
307 439 367 500 178
453 452 632 500 aaauoarct
655 453 681 500 s.
707 454 861 517 aaaron,
888 443 964 501 atas
988 453 1038 516 n,
1064 453 1148 500 asoa.
1175 457 1197 498 r.

303 565 464 647 grassatus
479 564 544 642 est,
567 555 721 625 omnibus
745 567 865 624 nostrae
880 555 1048 624 memoriae
1069 554 1257 624 hominibus
1273 555 1345 646 pal·

303 684 393 731 mam
409 662 578 754 praeripuit
591 664 615 730 ¹.
643 689 659 726 n

341 771 390 836 8⁰.
408 767 518 837 Basilii
532 779 674 836 mortem
684 781 718 838 et
726 765 829 837 lunns
840 766 956 840 vividis
967 767 1166 860 imaginibus
1174 767 1220 838 sic
1229 788 1346 862 reprae-

302 885 437 946 sentat:
985 880 987 884 ’

346 1008 363 1047 a
386 979 524 1049 Jaccbat
546 979 603 1050 ille
627 991 790 1050 extremos
805 981 937 1073 spiritus
952 981 1094 1066 ducens,
1116 969 1216 1074 atque
1234 983 1254 1050 la
1274 1002 1345 1050 coe·

299 1086 372 1156 lesti
385 1087 499 1170 choro,
513 1084 556 1154 ad
571 1109 672 1178 quem
681 1087 879 1180 jampridem
893 1087 1064 1157 oculorum
1080 1088 1183 1157 aciem
1198 1085 1346 1156 intende·

233 1241 236 1246 -
297 1193 368 1277 bat,
384 1192 557 1284 expetitus.
572 1192 686 1260 Effusa
701 1205 813 1262 antem
825 1193 948 1263 circirm
965 1215 1041 1262 eum
1053 1205 1123 1262 erat
1137 1205 1206 1262 tota
1218 1192 1343 1279 civitas,

293 1299 456 1390 jacturam
473 1297 558 1365 hanc
570 1297 739 1388 aegerrime
750 1297 877 1385 ferens,
895 1323 933 1370 ac
947 1290 1136 1383 discessum,
1153 1297 1292 1390 perinde
1307 1311 1345 1368 ut

295 1400 523 1492 tyrannidem,
543 1425 715 1489 accusans,
735 1405 872 1496 ejusque
888 1405 1050 1488 animam,
1068 1421 1136 1472 non
1151 1401 1243 1471 secus
1262 1426 1301 1472 ac
1319 1401 1345 1472 si

295 1509 450 1595 retineri,
474 1521 574 1602 atque
598 1509 652 1580 vel
673 1511 847 1595 manibus,
870 1510 923 1580 vel
938 1510 1092 1603 precibus
1118 1509 1192 1600 cogi
1214 1521 1342 1600 posset,

295 1615 438 1708 arripere
461 1613 609 1682 studens.
638 1618 813 1684 Dementes
832 1617 922 1684 enim
950 1637 1006 1685 eos
1036 1614 1131 1685 dolor
1160 1613 1342 1706 reddebat,

296 1721 549 1814 necquisquam
572 1732 660 1806 erat,
679 1720 738 1812 qui
757 1743 826 1789 non
841 1719 985 1814 aliquam
1005 1719 1083 1790 vitae
1107 1743 1177 1790 suae
1193 1735 1341 1813 partem,

295 1831 322 1898 si
334 1831 404 1897 fieri
416 1841 542 1920 posset,
560 1825 648 1895 illius
667 1828 743 1896 vi'tae
764 1827 885 1896 addere
905 1841 1038 1921 paratus
1058 1841 1152 1898 esset.
1172 1833 1217 1898 Ut
1231 1843 1344 1898 autem

296 1935 436 2020 cessere,
458 1933 658 2024 (oportebat
685 1934 774 2001 enim
800 1955 877 2002 eum
897 1933 1071 2003 mortalem
1094 1933 1344 2026 deprehendi,)

297 2043 366 2133 ipse
382 2039 516 2108 tandem
533 2039 603 2106 haec
618 2038 718 2107 verba
735 2038 903 2130 proferens
919 2069 926 2110 :
940 2038 990 2110 In
1004 2061 1134 2108 manus
1150 2054 1233 2110 tuas
1246 2063 1345 2110 eom·

298 2143 429 2214 naendo
444 2145 609 2236 spiritum
624 2165 743 2212 meum
756 2149 782 2230 ²,
799 2144 885 2214 inter
898 2144 1052 2236 Angelos,
1070 2147 1224 2239 aquibus
1236 2147 1344 2216 abdu-

297 2253 422 2324 cendus
447 2265 540 2338 erat,
561 2251 703 2319 animam
724 2251 820 2320 laetus
836 2252 1020 2342 exhalavit,
1043 2275 1113 2322 non
1133 2255 1210 2322 ante
1232 2268 1345 2322 tamen

299 2362 400 2454 quam
415 2361 618 2428 sacrosancti
634 2358 785 2428 doctrina
800 2359 925 2452 eosqui
943 2359 1096 2444 aderant,
1114 2359 1266 2428 nonnihil
1277 2359 1345 2429 ins-

299 2468 465 2550 traxisset,
484 2464 702 2556 extremisque
723 2463 875 2557 alloquiis
894 2465 1044 2534 meliores
1064 2465 1236 2536 effecisset.
1260 2466 1345 2535 Tiam

249 2592 258 2602 “
299 2576 378 2644 vero
392 2571 586 2640 miraculum
599 2571 763 2658 omnium,
777 2593 853 2665 quae
867 2575 1017 2667 unquam
1032 2571 1184 2660 luerunt,
1202 2573 1346 2644 celeber·

303 2679 425 2748 nmum
440 2677 641 2768 designatur.
1272 2689 1280 2706 ⁸

347 2783 598 2854 »Efferebatur
624 2783 675 2854 vir
700 2798 850 2871 sanctus,
878 2799 1068 2854 sanctorum
1097 2782 1245 2857 virorum
1272 2809 1345 2857 ma-

300 2895 399 2964 nibus
421 2892 526 2970 clatus
550 2919 557 2962 :
581 2892 807 2985 unusquisque
828 2906 939 2960 autem
962 2909 1097 2985 operam
1116 2893 1237 2980 dabat,
1264 2893 1347 2964 alius

302 3013 341 3070 ut
361 2999 526 3068 fimbriam
542 3000 573 3084 ³,
600 2995 682 3066 ahos
704 3012 743 3066 ut
768 2997 967 3083 umbram⁴,
994 2995 1077 3068 alins
1098 3013 1137 3068 ut
1155 2998 1347 3069 sacrilerum

301 3107 463 3178 lectulum
486 3104 655 3196 arriperet,
676 3125 713 3174 ae
726 3103 779 3174 vel
800 3105 906 3174 solium
921 3106 1117 3198 attingeret3
1140 3107 1241 3200 (quid
1256 3109 1346 3176 enim

304 3213 363 3283 illo
392 3223 529 3305 corpore
558 3212 715 3306 sanctius
732 3223 766 3280 et
796 3213 910 3304 purius
920 3215 953 3303 Ρ)
978 3213 1060 3282 alius
1079 3229 1118 3283 ttt
1137 3213 1273 3306 propius
1305 3213 1347 3283 ad

307 3319 436 3416 eosqui
456 3341 575 3411 corpus
586 3318 754 3404 ferebant,
772 3319 957 3410 accederet,
979 3319 1061 3390 alius
1073 3336 1112 3391 ut
1129 3337 1263 3414 aspectu
1278 3322 1349 3392 solo

305 3428 483 3514 frueretur,
501 3429 661 3520 tanquam
676 3449 717 3496 eo
731 3427 865 3520 quoque
876 3415 1025 3497 utilitatis
1036 3419 1164 3521 aliquid
1175 3429 1344 3498 afferente.

308 3535 409 3608 Plena
421 3547 514 3604 eraut
531 3532 618 3618 fora,
633 3533 793 3624 porticus,
811 3531 955 3624 dupiicia
971 3547 1005 3602 et
1019 3534 1161 3626 triplicia
1176 3535 1346 3620 tahrrlata,

309 3643 483 3713 hominum
508 3639 761 3723 deducentium,
786 3638 1028 3730 praeeuntium,
1055 3641 1347 3734 prosequentium,

249 3786 257 3791 ·
311 3747 557 3830 assectantium,
586 3765 655 3813 sese
683 3743 825 3813 invicem
851 3743 1091 3836 prementium,
1116 3744 1223 3815 multa
1248 3744 1351 3816 mitta

349 3909 357 3939 ι
373 3897 397 3944 S.
414 3866 512 3958 Gregor.
525 3889 609 3943 Theoi.
625 3893 692 3942 Orat.
708 3904 774 3954 attat,
787 3906 811 3940 n.
827 3889 918 3955 ΜΘ.
931 3911 963 3926 -·
984 3899 994 3926 ¹
1016 3889 1079 3941 Paul.
1098 3905 1148 3943 axx
1157 3927 1165 3956 ,
1181 3891 1207 3942 6.
1220 3915 1252 3929 -
1267 3889 1348 3944 ³tuc.

313 3989 370 4041 vrri,
387 3973 429 4040 44.
442 3998 474 4011 -
486 3973 497 4021 t
511 3976 567 4026 lut,
582 3988 608 4039 v,
624 3972 661 4024 ιδ.
