2992 4590
308 383 371 458 Ι184
433 399 637 458 *aneromct
661 413 686 458 S.
713 413 866 476 etenum,
892 413 967 460 ntus
990 397 1041 474 11‚'
1060 396 1146 458 seori
1171 417 1195 458 r.

305 529 353 583 tas
369 514 541 607 utriusque
560 512 691 582 delicias
708 536 769 604 ego
782 513 922 605 perdidi,
941 528 978 583 tu
994 513 1139 582 mutasti.
1153 517 1197 581 Et
1211 513 1345 606 quidem

301 621 484 688 'immutatis
499 617 562 688 illis
575 621 753 688 'retributio
765 619 881 697 multa.

350 755 365 792 a
391 734 520 809 Quanto
545 727 682 796 foenore'
701 726 896 818 gaudiorum
923 751 960 796 ac
987 725 1257 796 benedictionum
1285 749 1343 796 cu-

303 835 395 904 mulo
408 833 604 903 careshodib
619 833 725 920 nobis,
741 833 841 903 frater
849 835 1035 904 charissime
1048 835 1055 902 l
1068 835 1176 902 Habes
1188 836 1276 903 certe
1286 859 1345 928 pro

212 1025 218 1033 ,
302 965 355 1011 me
372 941 501 1011 tantillo
527 941 701 1033 repositam
720 943 783 1010 tibi
805 943 926 1012 Christi
941 941 1145 1034 praesentiam
1165 969 1173 1009 ι
1192 965 1253 1010 nec
1279 941 1345 1011 dis-

300 1049 461 1142 pendium
478 1049 577 1116 sentis
594 1048 747 1116 absentiae
764 1050 782 1116 a
798 1049 893 1118 nobis
908 1063 995 1133 tuae,
1008 1047 1201 1138 angelorum
1216 1047 1345 1117 admix-

303 1168 356 1224 tus
382 1155 499 1223 choris.
526 1156 608 1244 Nalm
632 1167 680 1221 est
702 1155 803 1244 igitur
828 1153 919 1248 qubd
942 1154 1080 1223 causeris
1108 1168 1146 1222 tu
1169 1153 1212 1222 de
1235 1155 1345 1224 nostra

300 1262 395 1354 quasi
422 1260 589 1328 subtracti
612 1260 872 1354 tibi-praesentiat,
892 1262 946 1330 eui
963 1261 1090 1330 affatim
1112 1262 1174 1346 sui,
1193 1285 1344 1331 suorum·

300 1391 367 1460 que
390 1367 518 1458 copiam
541 1367 701 1434 Dominus
725 1367 901 1460 majestatis
917 1365 1066 1436 indulsit.
1084 1371 1128 1437 At
1142 1391 1204 1458 ego
1226 1390 1288 1460 pro
1312 1381 1344 1436 te

300 1471 402 1566 quid?
413 1474 520 1554 Quem
536 1471 655 1540 vollem
671 1473 752 1541 seire
767 1473 926 1565 quidnam
939 1473 1058 1541 sentias
1068 1496 1158 1542 nnnc
1170 1471 1212 1542 de
1223 1497 1277 1541 me
1288 1471 1344 1542 illo

230 1668 233 1673 Ι
300 1581 399 1649 unico
413 1595 502 1664 tuo,
520 1579 636 1648 mediis
663 1593 802 1649 nutante
827 1581 913 1648 curis
938 1595 971 1649 et
992 1581 1112 1672 poenis,
1130 1581 1289 1650 destituto
1313 1595 1344 1650 te

299 1687 431 1758 baculo
444 1686 674 1756 imbecillitatis
689 1689 791 1756 meae!
811 1689 837 1757 si
853 1704 965 1758 tamen
979 1688 1055 1757 licet
1072 1688 1180 1758 adhito
1200 1689 1344 1780 cogitare
1390 1709 1393 1716 ’

300 1798 342 1866 de
357 1798 493 1881 miserie,
509 1796 654 1886 ingresso
678 1797 835 1886 abyssum
857 1797 1002 1882 luminis,
1021 1810 1120 1890 atquc
1142 1795 1200 1866 illo
1228 1797 1343 1890 pelago

300 1918 432 1972 aeternae
459 1901 622 1972 felicitatis
646 1902 812 1995 absorpto.
831 1904 930 1972 Forte
955 1903 1059 1989 enim,
1090 1904 1150 1972 etsi
1175 1904 1262 1972 nosti
1285 1927 1344 1972 nos

234 2005 237 2014 ’
299 2010 481 2078 secundum
506 2031 658 2102 carnem,
674 2007 838 2104 sednunc
850 2011 918 2102 jam
934 2031 1003 2078 non
1018 2006 1124 2078 nosti:
1140 2023 1173 2078 et
1186 2009 1343 2102 quoniam
1361 2087 1362 2094 ἵ

193 2113 197 2120 ’
299 2115 440 2184 introisti
460 2117 495 2182 in
511 2113 674 2208 potentias
687 2115 831 2199 Domini,
849 2114 1038 2183 memoraris
1053 2113 1191 2207 justitiae
1206 2116 1275 2207 ejus
1291 2136 1343 2183 so·
1397 2185 1399 2188 ,
1470 2135 1471 2138 ’

298 2221 374 2308 lius,
389 2223 563 2290 immemor
577 2221 691 2289 nostri.
712 2219 877 2290 Caeterum
893 2219 957 2310 qui
970 2217 1237 2306 adltoeretDeo,
1254 2243 1345 2289 unus
1374 2283 1376 2288 ,

298 2329 444 2426 spiritus
469 2331 555 2414 est¹‚
573 2341 607 2395 et
622 2327 658 2394 iu
681 2326 832 2396 divinum
847 2325 1024 2418 quemdam
1049 2327 1344 2396 totusimmutatur

188 2449 201 2467 ⁸
259 2435 479 2507 allectum:
498 2456 559 2502 nec
574 2446 681 2525 potest
692 2435 761 2525 jam
780 2433 900 2501 sentire
922 2445 980 2500 aut
1000 2455 1112 2524 sapere
1135 2433 1198 2500 nisi
1222 2437 1341 2518 Deum,
1404 2461 1407 2466 ·
1473 2445 1474 2448 ’

297 2557 331 2611 et
346 2540 437 2635 quod
446 2541 545 2609 sentit
560 2555 593 2608 et
602 2542 685 2632 sapit
696 2545 794 2626 Deus,
809 2539 926 2632 plenus
941 2545 1021 2609 Deo.
1040 2545 1133 2637 Deus
1142 2553 1252 2610 autem
1267 2542 1344 2610 clia-

297 2651 374 2719 ritas
397 2663 457 2736 est,
476 2665 509 2718 et
533 2649 658 2742 quanti)
682 2649 755 2742 quis
776 2651 982 2742 conjunctior
999 2641 1079 2735 Deo,
1097 2651 1191 2717 tantb
1215 2648 1343 2741 plenior

296 2759 467 2827 charitate.
483 2762 585 2826 Porro
598 2752 803 2848 impassibilis
819 2771 866 2825 est
881 2762 984 2842 Deus,
1002 2757 1061 2824 sed
1075 2780 1144 2826 non
1154 2757 1342 2850 incompas-

297 2864 410 2950 sibilis,
424 2865 478 2933 cui
493 2865 665 2956 proprium
680 2847 732 2932 est¹
744 2863 887 2931 misereri
902 2885 1029 2954 semper
1045 2877 1078 2931 et
1093 2885 1237 2955 parcere.
1252 2867 1341 2956 Ergo
1395 2888 1397 2893 ·

295 2987 328 3041 et
344 2986 377 3041 te
400 2995 531 3040 necesse
555 2984 604 3038 est
620 2969 864 3038 misericordem
880 2991 964 3054 esse,
983 2969 1041 3062 qui
1055 2969 1195 3038 inhaeres
1211 2970 1341 3040 miseri-

295 3079 401 3164 cordi,
417 3077 643 3170 quamvisjam
658 3076 793 3144 minime
807 3075 903 3143 miser
918 3077 979 3145 sis:
996 3065 1029 3145 et
1044 3076 1107 3168 qui
1118 3099 1186 3146 nou
1206 3079 1338 3168 pateris,

231 3185 234 3192 ’
295 3185 490 3277 compateris
511 3197 633 3252 tamen.
652 3183 801 3252 Affectus
816 3183 954 3275 proinde
976 3197 1053 3253 tuus
1074 3199 1208 3254 nonest
1228 3185 1339 3254 immi-

259 3283 261 3287 ’
295 3305 408 3374 nutus
429 3289 486 3360 sed
500 3291 713 3378 immutatus3
730 3313 792 3359 nec
807 3291 963 3383 quoniam
978 3295 1085 3358 Deum
1098 3291 1248 3378 induisti,
1266 3315 1340 3361 nos·

206 3445 207 3448 =
293 3399 337 3468 tri
348 3399 427 3468 curet
440 3411 474 3466 te
490 3397 623 3466 exuisti:
642 3411 675 3465 et
691 3396 762 3488 apsi
772 3397 966 3470 enimcum
975 3409 1028 3464 est
1038 3393 1226 3466 denobiae
1243 3398 1340 3480 Quod

207 3537 212 3550 ·
293 3504 686 3597 infirmumestabjecisti‚
706 3504 845 3574 sednon
861 3504 1069 3601 quodpiam.
1089 3501 1266 3574 Charitas
1277 3506 1338 3576 de-

294 3615 403 3705 nique
415 3610 601 3702 nunqucim
614 3607 766 3678 excidit³
782 3637 790 3678 :
805 3613 880 3679 n0n⁵
889 3609 1088 3680 oblivisceris
1099 3633 1153 3678 me
1169 3611 1204 3678 in
1220 3612 1334 3682 finem.

340 3747 358 3786 n
384 3707 505 3789 Videor
521 3718 601 3787 mihi
617 3717 709 3811 quasi
729 3719 841 3786 audire
856 3717 991 3786 fratrem
1014 3740 1125 3786 meum
1153 3717 1335 3790 dicentem:

295 3809 488 3916 Numquid
500 3838 620 3894 mater
634 3821 796 3895 oblivisci
805 3821 1020 3918 poteritfilii
1035 3824 1130 3894 uteri
1136 3819 1340 3895 sumni

333 3956 407 4006 ¹Cor.
421 3971 458 4018 vr,
473 3969 555 4023 r7.-
570 3964 580 3990 ²
599 3971 609 4004 1
625 3955 689 4011 Petr.
703 3969 726 4016 v,
740 3968 763 4016 7.
777 3977 808 3988 ·-·
828 3949 839 3988 ³
852 3969 861 4001 1
877 3954 932 4002 Cor.
947 3945 1000 4018 x'nr,
1011 3955 1035 4003 8.
1051 3950 1105 3999 -l
1120 3954 1176 4004 lsai.
1190 3967 1257 4018 χιιι,
1276 3951 1317 4005 ι5.
