2992 4590
276 415 383 504 1364
429 431 608 505 nuuuoarct
631 431 658 478 s.
683 427 836 492 rtruuu,
862 429 938 478 atus
962 435 1006 494 u,
1034 433 1116 478 sacr.
1144 435 1167 476 1.
1216 467 1220 472 .

270 545 344 602 tum
356 533 427 625 ejus
448 533 601 604 collocari
620 555 693 604 eam
709 533 852 619 curavit,
869 547 908 603 ut
929 532 1067 604 facultas
1080 533 1197 604 utendi
1214 533 1315 604 animi

269 639 373 710 robur
394 638 598 733 infringeret.
622 635 696 712 Non
715 641 803 708 enim
827 638 910 708 adeb
935 641 1052 710 irretiri
1072 641 1214 711 solemus
1237 641 1314 712 curu

268 769 320 815 res
340 770 410 832 eae,
429 747 549 840 quibus
568 744 744 832 allicimur,
771 769 840 816 non
856 761 1031 838 apparent,
1054 771 1095 828 ac
1110 747 1186 818 cirm
1210 747 1315 818 oculis

268 853 508 944 observantur,
533 852 804 946 quandoquidem
833 866 866 922 et
892 851 1069 924 mulierum
1099 851 1315 946 cupiditatem

267 957 398 1033 facilitis
418 960 491 1051 quis
514 960 732 1052 superaverit,
755 957 837 1028 dum
857 958 1027 1030 mulierem
1049 959 1224 1030 formosam
1245 986 1315 1032 nou

191 1117 196 1126 .
267 1061 371 1149 videt,
389 1068 489 1159 quam
505 1067 530 1134 si
540 1063 753 1157 saapeoculos
766 1065 803 1134 in
816 1088 889 1134 cam
904 1065 1063 1135 intendat.
1079 1070 1315 1138 Verumtamen
1357 1127 1360 1134 .

269 1171 328 1240 has
352 1174 485 1266 quoque
502 1172 634 1242 insidias
655 1175 763 1266 justus
789 1173 883 1258 vicit,
907 1173 1064 1268 quodque
1084 1173 1316 1244 fortitudinem

268 1279 338 1372 ejus
358 1277 510 1349 diabolus
533 1277 750 1348 infracturum
774 1281 934 1372 putabat,
957 1282 1021 1351 hoc
1046 1305 1121 1350 eum
1145 1283 1249 1372 magis
1272 1277 1315 1352 ad
1364 1280 1368 1288 ’

268 1385 448 1456 certamina
474 1387 697 1456 corroboravit
725 1399 758 1454 et
777 1387 950 1478 instruxit3
976 1411 1045 1456 uon
1070 1389 1159 1458 enim
1183 1389 1339 1480 tantiam¹

266 1491 352 1560 nihil
361 1491 673 1582 abidolothyto‘rum
683 1506 817 1584 aspectu
826 1491 1024 1580 laedebatur,
1036 1493 1092 1562 sed
1101 1517 1139 1563 ea
1151 1495 1254 1586 magis
1265 1494 1316 1565 id·

266 1599 354 1672 circb
367 1601 575 1670 aversabatur
584 1615 617 1670 et
627 1591 781 1672 oderat...
792 1601 878 1670 Dium
887 1601 1047 1694 pollutam
1056 1615 1089 1671 et
1098 1604 1315 1672 execrandam

268 1729 415 1776 mensam
437 1693 633 1795 intueretur,
649 1706 782 1778 alterius
799 1731 921 1776 mensae
939 1707 1119 1777 tremendae
1135 1732 1172 1778 ac
1185 1711 1316 1802 ‘Spiritu

267 1813 403 1908 repletae
419 1815 664 1900 recordabatur,
676 1813 827 1908 adebque
838 1814 1117 1901 inflammabatur,
1135 1829 1174 1885 ut
1189 1818 1315 1910 quaevis

268 1923 428 1993 sustinere
442 1947 479 1992 ac
494 1923 563 2014 pati
574 1936 731 1992 statueret
748 1922 855 2014 potitis
867 1924 968 2015 quam
977 1923 1124 2015 impuros
1138 1922 1211 1992 illos
1223 1925 1315 1994 cibos

266 2027 450 2120 degustare.
463 2028 713 2098 Recordabatur
727 2044 760 2097 et
775 2022 863 2098 illius
876 2029 974 2098 trium
987 2053 1166 2122 puerorum
1178 2055 1312 2118 mensae,

265 2137 323 2230 qui
335 2137 472 2228 juvenes
492 2127 596 2230 capti,
623 2136 780 2228 omnique
795 2137 977 2228 patrocinio
992 2135 1159 2224 destituti,
1177 2138 1212 2207 in
1228 2143 1315 2208 terra

265 2240 371 2312 alieni
389 2267 426 2314 ac
442 2243 582 2312 barbari
598 2243 732 2334 regione
752 2250 878 2312 tantam
893 2241 1136 2336 philosophiam
1158 2246 1315 2314 osteude-

153 2428 157 2436 ,
265 2364 345 2420 runt
364 2363 403 2418 ut
418 2349 565 2418 adhunc
586 2351 691 2442 usque
710 2347 798 2425 diem
813 2349 960 2442 ipsorum
982 2348 1144 2420 fortitudo
1166 2349 1315 2420 celebre-

265 2473 362 2529 tur...
380 2461 459 2527 llaec
474 2457 587 2549 itaque
603 2479 713 2546 secum
731 2469 904 2548 reputans,
926 2453 1051 2524 diaboli
1068 2457 1226 2533 malitiam
1241 2459 1316 2529 irri-

265 2565 390 2648 debat,
421 2549 640 2631 calliditatem
661 2563 910 2647 contemnebat,
938 2585 1047 2656 neque
1071 2559 1115 2632 ad
1130 2564 1320 2658 quidquam.

264 2695 341 2768 quae
358 2682 506 2739 cerneret
522 2667 729 2756 flectebatur.
748 2671 925 2762 Postqu'am
947 2683 1057 2738 autem
1077 2693 1111 2739 se
1127 2669 1213 2740 nihil
1234 2697 1314 2765 pro-

263 2781 362 2851 ficere
378 2775 554 2849 sceleratus
575 2775 632 2844 ille
646 2776 742 2862 vidit,
760 2776 802 2845 ad
817 2776 964 2845 tribuual
980 2777 1091 2848 rursus
1107 2801 1183 2846 eum
1203 2779 1314 2850 dedu-

200 2921 202 2924 ·
264 2891 321 2976 cit,
348 2901 383 2960 et
409 2886 580 2957 tormentis
607 2883 746 2953 admotis
774 2882 964 2977 frequenter
990 2886 1225 2976 interrogabat.
1252 2888 1315 2958 Ille

262 2999 342 3068 verb
362 2993 406 3064 ad
421 3012 692 3084 unamquamque
714 2991 1003 3081 interrogationem
1026 2993 1313 3086 tantirmrespon·

264 3103 366 3173 debat
387 3129 395 3170 ι
416 3097 645 3168 Christianus
660 3120 750 3164 sum.
778 3101 826 3166 Ac
847 3095 977 3166 dicente
1000 3111 1145 3185 tortore,
1167 3103 1315 3194 quanam

264 3233 305 3278 ex
321 3205 426 3298 patria
447 3205 611 3274 ortus-es?
637 3199 867 3272 Christianus
887 3228 983 3290 sum,
1005 3206 1062 3274 ait.
1081 3209 1187 3288 Quam
1208 3221 1314 3289 artem

198 3303 201 3310 ⁴
264 3311 450 3408 profiteris?
461 3307 789 3378 Clrrt'str‘urrussum.
805 3310 935 3392 Quibus
945 3311 1138 3404 parentibus
1150 3326 1247 3382 natus
1260 3317 1314 3382 es‘l

266 3420 327 3492 Ille
342 3419 422 3488 verb‘
436 3415 478 3486 ad
493 3415 603 3485 omnia
619 3416 749 3484 dicebat
766 3443 774 3485 2
795 3413 1027 3486 (l'lrrr'str'rtnus
1042 3443 1143 3509 sum3
1159 3421 1224 3489 hoc
1244 3433 1313 3490 uno

266 3553 304 3599 ac
320 3523 459 3618 simplici
474 3523 577 3595 verbo
587 3520 713 3591 diaboli
725 3536 825 3614 caput
837 3525 1035 3616 percutiens,
1048 3540 1082 3595 et
1092 3525 1140 3596 illi
1154 3527 1312 3598 continua

263 3635 393 3728 sibique
408 3629 616 3702 succedentia
626 3628 764 3699 vulnera
779 3628 941 3720 infligens,
960 3636 1156 3726 Quanquam
1168 3633 1225 3702 ille
1237 3635 1312 3728 qui·

193 3818 198 3823 ,
265 3730 494 3810 dem'externis
510 3737 657 3808 imbutus
673 3735 778 3805 suerat
793 3735 987 3829 disciplinis,
1002 3753 1035 3808 at
1050 3740 1154 3832 probe
1174 3755 1313 3812 noverat

266 3848 302 3916 in
317 3843 478 3940 ejusmodi
494 3844 726 3914 certaminibus
745 3867 812 3917 non
836 3867 904 3912 esse
926 3868 1008 3938 opus
1024 3845 1232 3942 eloquentid,
1254 3847 1312 3918 sed

268 3953 335 4025 tide
360 3983 368 4028 ι
393 3976 462 4024 nou
485 3950 618 4024 dicendi
633 3949 807 4040 facultate,
824 3949 887 4042 sed¹
901 3953 1011 4034 auimt
1033 3957 1091 4026 Dei
1107 3979 1218 4030 amore
1237 3979 1311 4026 suc·
