2930 4582
277 394 342 454 216
432 411 613 458 naevorum
637 408 662 456 s.
689 409 836 472 naraon,
862 405 938 484 atas
961 409 1003 468 11,
1028 405 1111 451 arca.
1138 406 1162 450 r.

271 509 392 578 habere
412 511 580 602 potuimus
605 509 689 582 :sed
709 509 818 580 danda
842 522 890 580 est
913 507 1024 593 venia,
1046 504 1122 574 clun
1137 500 1223 574 illud
1245 525 1310 574 non

270 617 414 704 inertiae,
431 617 487 688 sed
503 618 700 688 infirmitatis
716 616 881 688 silentium
894 613 1003 686 suerit.
1023 609 1240 682 Gratulamini
1251 611 1310 700 igi-

271 737 327 793 tur
348 747 401 792 me
422 725 465 794 ab
487 727 525 793 erl
540 725 728 794 infirmitate
750 723 971 808 convaluisse,
992 741 1052 810 ego
1070 721 1148 788 verb
1168 716 1308 807 gaudeo,

269 827 362 923 qndd
385 853 442 900 vos
462 831 666 901 charissimos
684 831 767 900 mibi
790 829 991 923 recuperavi.
1023 831 1102 896 Erat
1124 823 1206 892 mihi
1229 823 1311 892 inter

270 936 498 1029 aegrotandum
510 941 580 1031 ipso
593 938 710 1008 morbo
721 938 861 1028 gravius,
875 934 1070 1030 qubdbujus
1082 931 1195 1001 dilecti
1209 931 1311 1000 eoetris

177 1095 188 1110 κ
269 1047 432 1139 particeps
450 1069 518 1116 osse
538 1070 606 1116 non
623 1061 772 1140 poteram
791 1072 800 1114 :
818 1069 908 1114 nunc
923 1046 1000 1115 verb
1020 1043 1170 1112 restituti
1185 1039 1311 1110 valetu-

271 1153 366 1238 dine,
384 1153 454 1244 ipsa
469 1153 606 1222 sanitate
626 1153 708 1221 mibi
724 1150 900 1244 optabilius
915 1163 979 1237 est,
998 1147 1089 1244 quod
1104 1161 1220 1217 vestrae
1236 1147 1310 1216 oba·
1373 1232 1377 1238 Ι
1438 1180 1441 1189 ·

270 1259 375 1328 ritatis
391 1257 514 1328 deliciis
535 1261 661 1353 perfrui
676 1260 788 1330 secure
804 1257 911 1328 liceat.
930 1261 1004 1329 Non
1024 1255 1111 1324 enim
1128 1253 1228 1323 febris
1243 1266 1312 1323 tan·

271 1378 343 1434 tum
360 1363 511 1434 ardorem
523 1367 650 1437 invehit
662 1363 920 1436 febricitantium
934 1362 1138 1458 corporibus,
1152 1373 1312 1454 quantum

272 1472 388 1542 animis
415 1474 534 1544 nostris
562 1475 743 1545 amicorum
768 1473 951 1542 absentium
982 1469 1198 1555 desiderium,
1223 1481 1257 1538 et
1277 1481 1313 1538 ut
1385 1533 1388 1538 .

271 1578 320 1649 illi
336 1579 461 1674 phialas
482 1595 515 1652 et
538 1583 675 1676 pocula,
694 1597 728 1652 et
748 1579 883 1674 frigidos
906 1579 1040 1664 fontes,.
1055 1578 1098 1649 ita
1119 1577 1172 1646 isti
1192 1575 1313 1646 amico·

274 1691 351 1758 rum
369 1689 481 1760 vultus
507 1703 673 1784 exoptant.
695 1693 825 1762 Ndrunt
851 1687 900 1758 illi
921 1687 980 1781 qui
1001 1708 1110 1756 amare
1136 1685 1313 1754 consueve-

276 1809 366 1866 runt.
390 1801 459 1888 Age
480 1798 590 1888 igitur,
607 1796 741 1892 quandb
761 1797 916 1867 morbum
936 1793 1162 1888 deposuimus,
1176 1792 1313 1865 invicem

276 1900 485 1998 expleantur,
504 1904 531 1972 si
552 1903 654 1974 modo
678 1903 750 1972 fieri
768 1902 883 1988 liceat,
908 1914 947 1970 ut
961 1901 1015 1970 hie
1035 1897 1163 1969 nullam
1183 1898 1313 1968 satieta-

277 2019 344 2076 tem
367 2009 584 2080 inveniamus.
610 2008 799 2078 Dilectionis
818 2008 906 2076 enim
921 2020 1038 2076 natura
1053 2006 1234 2075 satietatem
1249 2027 1314 2074 non

275 2113 380 2200 novit,
399 2127 432 2184 et
447 2139 485 2208 ex
501 2138 563 2184 usu
579 2115 730 2186 amicitiae
746 2116 883 2207 majores
899 2115 1047 2184 flammas
1066 2113 1184 2206 accipit
1202 2141 1210 2182 ι
1227 2110 1315 2205 quod

276 2218 346 2311 ipse
356 2217 509 2290 alumnus
524 2220 708 2292 dilectionis
722 2220 843 2290 Paulus
860 2233 1015 2291 testatum
1030 2217 1183 2313 reliquit,
1201 2219 1259 2311 qui
1274 2218 1315 2286 ita

254 2357 257 2362 ⁴
278 2323 359 2395 dixit
377 2354 385 2395 :
403 2324 513 2399 Nulli
526 2324 726 2418 quidquam
738 2323 914 2412 debentis,
931 2327 1003 2395 nisi
1019 2339 1058 2396 ut
1072 2325 1224 2396 invicem
1239 2321 1315 2392 dili·

276 2435 409 2527 gatr's1.
434 2433 524 2504 Illud
541 2435 629 2504 enim
653 2433 804 2532 debitum
828 2457 955 2528 semper
977 2433 1113 2528 quidem
1133 2432 1313 2517 fundatur,

277 2542 449 2632 nunquam
469 2556 579 2611 autem
595 2540 821 2612 solvitur.ch
837 2543 997 2635 perpetud
1009 2541 1131 2610 debere
1142 2541 1316 2634 pulchrum

276 2657 336 2732 est,
350 2658 384 2716 et
397 2645 433 2714 in
443 2645 543 2717 laude
557 2649 712 2741 positum.
730 2653 771 2718 ln
786 2672 821 2718 re
832 2649 1019 2743 pecuniaria
1031 2671 1097 2735 eos,
1116 2648 1254 2741 quinon
1265 2645 1316 2716 de

275 2751 372 2840 bent,
388 2750 571 2825 laudandos
593 2769 746 2850 putamus
770 2785 778 2826 ι
797 2756 833 2825 in
854 2755 1029 2826 dilectione
1048 2757 1128 2826 verb
1143 2767 1317 2848 perpetuos

274 2859 440 2932 debitores
455 2862 633 2955 probamus
652 2877 685 2932 ct
700 2861 901 2932 admiramur
920 2892 928 2932 ι
946 2875 979 2932 et
1001 2862 1092 2958 quod
1107 2861 1154 2930 ibi
1169 2859 1317 2952 maligni·

272 2969 367 3056 tatis,
393 2971 447 3040 bic
472 2970 682 3060 benignitatis
705 2970 835 3060 signum
857 2982 921 3056 est,
937 2985 977 3038 ut
997 2966 1122 3038 scilicet
1143 2969 1316 3060 nunquam

268 3075 417 3166 solvatur
434 3074 600 3143 charitatis
616 3073 778 3145 debiturn.
800 3079 848 3146 Ne
865 3077 952 3168 aegre
968 3074 1080 3146 feratis
1094 3067 1316 3167 prolixitatem

269 3181 424 3250 orationis
444 3178 583 3270 futurae3
605 3179 847 3272 citharaedicam
864 3182 951 3266 enim
977 3180 1154 3251 melodiam
1177 3203 1316 3276 eamque

144 3293 148 3298 ’
270 3286 497 3356 admirabilem
508 3313 565 3359 vos
575 3288 714 3375 docebo,
728 3312 795 3359 non
807 3303 969 3359 mortuam
978 3287 1085 3378 lyram
1096 3283 1312 3373 attrectanda

270 3393 328 3464 sed
352 3387 595 3489 Scripturaruin
618 3395 769 3465 historias
792 3407 825 3463 et
853 3397 911 3464 Dei
933 3409 1098 3488 praecepta
1122 3419 1183 3496 ppo
1208 3396 1315 3466 nervis

269 3500 485 3572 intendendo.
504 3507 547 3573 Et
562 3500 842 3596 quemadmodirm
861 3499 1041 3587 citharaedi,
1062 3501 1198 3594 arreptis
1214 3501 1313 3571 disci·

267 3606 423 3700 pulcrum
436 3608 558 3702 digitis,
576 3607 734 3701 paulatim
753 3631 807 3677 eos
826 3609 957 3679 chordis
973 3607 1185 3679 admoventes
1201 3633 1313 3678 assue-

265 3713 393 3786 faciunt
415 3717 518 3810 perire
542 3728 764 3802 contrectare,
789 3729 884 3785 etex
909 3717 1008 3786 mutis
1031 3718 1117 3788 tonis
1137 3739 1175 3786 ac
1203 3717 1310 3787 nervis

199 3911 201 3917 A
263 3823 355 3917 omui
374 3847 455 3894 sono
479 3823 661 3893 suaviorem
680 3837 714 3892 et
733 3823 914 3895 dulciorem
937 3847 1053 3895 vocem
1076 3825 1224 3898 emittere
1246 3824 1308 3896 do-

182 4007 184 4018 ,
301 3947 507 4016 'bom.11n,8.
