2992 4590
258 401 360 452 claua
383 409 429 453 vr.
454 409 496 451 na
518 407 674 452 unauono
697 407 733 450 nt
755 402 1142 452 coucrouraoatouramt.
1170 389 1234 452 175

193 508 257 572 Iste
271 508 362 591 verb,
378 506 489 575 nonne
504 505 703 598 imperatoril
720 503 831 572 nonne
849 501 916 572 dux
928 527 1056 592 eorum,
1073 505 1132 598 qui
1147 504 1235 574 salu-

192 623 257 678 tern
279 635 339 703 per
357 611 456 680 fidem
475 609 719 704 assequuntur?
739 609 849 677 nonne
872 607 1073 680 diversarum
1092 609 1235 681 haeredi-

156 763 160 770 ·
193 729 297 784 tatum
318 741 355 786 ao
370 715 600 800 mansionum,
618 737 694 806 quae
710 711 799 804 apud
811 715 916 781 Deum
930 729 1026 800 sunt,
1042 717 1232 808 assignator,

192 825 272 915 quas
287 823 447 893 militibus
466 824 533 892 suis
549 820 740 891 distribuit?
759 818 852 888 Adeo
867 833 905 888 ut
919 819 981 888 hac
1000 843 1134 914 quoque
1154 846 1235 892 voce

192 929 260 1022 ipse
272 931 323 1000 uti
339 932 439 1023 possit
464 961 471 1001 :
490 929 605 1000 Fines
624 924 831 997 ceciderunt
852 925 944 994 milri
958 927 995 996 in
1007 923 1233 1019 praeclaret

193 1039 235 1106 Et
250 1037 361 1106 rursus
377 1066 385 1106 ι
402 1037 452 1106 In
466 1031 635 1106 manibus
647 1035 714 1102 tuas
727 1045 841 1101 sortes
853 1055 942 1100 mere
959 1035 988 1122 ²3
1002 1049 1104 1103 sortes
1120 1033 1237 1128 utiqub

192 1141 242 1224 iis,
260 1169 338 1238 quae
348 1145 444 1214 humi
458 1156 607 1235 serpunt,
625 1165 662 1210 ac
678 1140 774 1232 diripi
789 1155 942 1234 possunt,
956 1139 1064 1211 multb
1078 1156 1239 1235 praestan·

192 1249 303 1319 tiores.
789 1299 793 1316 .

239 1384 256 1420 u
282 1361 409 1448 Atque,
434 1369 470 1424 ut
485 1355 635 1440 ludices,
653 1368 686 1424 et
702 1351 859 1422 Judicum
883 1351 1075 1424 clarissimos
1087 1379 1237 1449 quosque

192 1475 444 1555 praetereamus,
461 1459 615 1532 Samuel
629 1461 724 1529 inter
741 1482 819 1546 cos,
844 1459 908 1550 qui
921 1460 1091 1532 invocant
1105 1485 1237 1533 nomen

195 1567 273 1663 ejus
288 1571 313 1654 ³,
335 1583 368 1636 et
383 1569 458 1636 ante
479 1568 683 1638 nativitatem
707 1566 867 1652 donatus,
886 1581 919 1635 et
939 1581 1014 1659 post
1034 1569 1238 1638 nativitatem

192 1671 366 1742 confestim
388 1697 492 1759 sacer,
518 1698 555 1743 ac
580 1696 685 1742 cornu
714 1697 774 1742 suo
795 1697 887 1764 reges
909 1688 942 1742 et
966 1675 1151 1745 sacerdotes
1171 1681 1238 1745 un·

191 1803 270 1870 gens
282 1781 318 1848 ‘⁴.
336 1780 424 1864 Quid
439 1781 595 1850 Basilius?
606 1779 718 1850 nonne
735 1779 777 1847 ab
793 1779 952 1865 infantia,
973 1794 1006 1848 et
1021 1781 1063 1850 ab
1078 1783 1148 1875 ipsi
1164 1807 1238 1853 ma-

190 1889 287 1973 trice,
316 1894 385 1958 Deo
405 1903 628 1974 consecratus,
652 1912 690 1958 ac
711 1901 795 1956 cum¹
813 1885 961 1979 diploide
987 1885 1080 1958 altari
1105 1889 1238 1962 oblatus
1328 1923 1332 1932 ’

191 2009 259 2080 est,
278 2009 311 2064 et
334 1993 478 2064 coelestia
493 1993 727 2089 perspiciebat,
746 2007 779 2062 et
804 2007 924 2062 unctus
944 1995 1075 2063 Domini
1099 2011 1188 2085 erat,
1205 2013 1239 2068 et

190 2115 311 2170 unctor
326 2123 453 2186 eorum,
472 2103 529 2194 qui
545 2125 584 2169 ex
602 2101 724 2193 Spiritu
740 2098 1014 2192 perficiebantur?
1033 2103 1137 2172 David
1152 2105 1239 2174 inter

191 2232 282 2300 reges
296 2207 404 2278 clarus
428 2223 461 2276 et
476 2207 614 2276 celebris
632 2209 664 2292 ⁵,
683 2207 775 2299 cujus
790 2205 905 2274 multae
921 2206 1057 2300 quidem
1079 2209 1120 2277 de
1134 2211 1239 2280 hosti-

190 2315 253 2383 bus
267 2313 413 2385 victoriae
430 2337 467 2381 ac
485 2313 645 2403 triumphi
663 2311 805 2381 historiis
821 2309 943 2412 proditi
960 2327 1055 2400 sunt,
1073 2329 1106 2384 et
1121 2317 1239 2407 praci-

190 2443 296 2515 puum
312 2419 412 2490 decus
432 2445 470 2489 ac
486 2432 715 2498 ornamentum
732 2432 782 2486 est
801 2417 1023 2488 mansuetudo
1048 2419 1078 2506 ⁶,
1102 2436 1135 2491 et
1160 2423 1237 2492 ante

190 2530 314 2620 regiam
328 2527 519 2618 dignitatem
535 2525 583 2596 vis
600 2525 734 2594 citharae
747 2523 871 2593 malum
888 2526 1039 2618 spiritum
1050 2527 1234 2600 incantans.

192 2627 349 2705 Salomon
360 2633 466 2704 cordis
478 2633 684 2702 latitudinem
702 2632 802 2700 aDeo
819 2632 1016 2724 postulavit,
1033 2647 1066 2705 et
1078 2637 1235 2726 obtinuit,

190 2743 298 2834 obque
310 2741 476 2832 sapientiae
489 2753 522 2806 et
533 2737 817 2828 contemplationis
830 2762 1018 2830 progressus
1034 2757 1093 2828 est,
1112 2757 1150 2812 ut
1165 2768 1238 2813 om-

190 2871 248 2916 nes
265 2848 369 2916 aetatis
384 2871 452 2916 suae
476 2844 628 2914 mortales
648 2843 789 2912 nominis
806 2843 995 2912 celebritate
1016 2863 1185 2938 superaret
1209 2854 1235 2920 ².
1342 2857 1347 2870 “

189 2953 327 3022 Basilius
343 2969 466 3038 autem,
484 2951 545 3020 nisi
557 2974 610 3018 me
625 2949 735 3042 opinio
750 2948 846 3036 lallit,
865 2974 924 3019 nec
940 2948 988 3019 illi
1002 2951 1157 3041 lenitatis,
1175 2958 1237 3026 ned

189 3059 269 3129 huic
285 3059 451 3152 sapientiae
466 3053 563 3126 laude
579 3055 774 3150 quidquam,
791 3069 849 3126 aut
862 3057 1037 3128 minimum
1052 3053 1141 3130 certe
1157 3086 1238 3132 con-

173 3164 300 3256 cedit,
323 3167 404 3235 adab
420 3179 458 3234 ut
473 3166 706 3257 imperatorum
722 3165 875 3258 quoqub,
898 3165 956 3258 qui
977 3163 1167 3240 daemonum
1183 3172 1237 3241 in-

191 3271 359 3364 temperiis
386 3271 616 3361 agitabantur,
650 3267 796 3336 furorem
827 3269 1006 3360 emolliret3
1036 3297 1098 3343 nec
1124 3279 1237 3368 regina

191 3379 323 3464 tantum
340 3377 461 3463 Austri,
480 3391 537 3445 aut
553 3375 688 3470 quidam
708 3373 870 3444 duntaxat
889 3373 1049 3464 homines,
1071 3383 1237 3472 sapientiae

192 3484 282 3554 tamt
307 3483 482 3569 commoti,
506 3482 661 3550 efinibus
685 3491 781 3549 terrae
808 3479 851 3549 ad
873 3505 949 3550 eum
970 3507 1004 3551 se
1026 3485 1234 3577 conferrent,

193 3591 252 3664 sed
268 3593 421 3664 omnibus
437 3591 523 3662 orbis
538 3591 660 3661 finibus
675 3589 832 3681 sapientia
847 3587 948 3681 ipsius
966 3606 1045 3661 nota
1058 3609 1150 3666 esset.
1168 3603 1234 3686 Ae,

231 3780 238 3805 ¹
259 3767 320 3818 Psal.
335 3785 375 3833 xv,
389 3768 414 3818 6.
429 3795 461 3803 -
479 3778 489 3802 ²
504 3746 539 3818 ld.
554 3747 611 3830 ixx,
632 3764 671 3816 16.
691 3791 723 3800 -
742 3761 799 3815 ³1d.
814 3782 896 3830 xcvru,
908 3766 934 3816 6.
949 3739 981 3804 .-
994 3766 1008 3816 l
1023 3786 1033 3820 1
1049 3751 1138 3838 negsr,
1151 3787 1193 3840 ao,
1213 3737 1242 3828 et

196 3873 246 3918 xu,
268 3855 306 3904 13.
328 3880 360 3890 -
377 3851 389 3890 ⁵
404 3867 419 3904 2
434 3855 492 3917 Reg.
512 3870 538 3917 v,
558 3858 610 3903 ret
622 3867 688 3918 seqq.
706 3875 738 3886 -
757 3845 771 3886 θ
790 3850 852 3901 Psal.
870 3867 958 3917 cxxxi,
980 3871 1002 3904 1.
1019 3865 1075 3908 -7
1092 3857 1179 3926 ilteg.
1202 3877 1236 3926 tv,

196 3953 239 4005 29,
254 3943 280 3990 e‘t
293 3954 359 4004 seqq.
442 3975 444 3980 .
