2984 4580
265 410 367 458 esaon·
390 415 436 458 vr.
454 411 496 457 nu
512 409 669 456 morrono
694 411 728 456 nt
750 375 958 455 conoromoot
981 405 1147 453 torreret.
1174 387 1239 454 tlt

72 539 78 549 s
190 511 284 601 virga
302 518 412 582 Aaron
435 511 591 580 divinitus
612 511 749 594 florens,
767 509 871 578 vellus
892 506 1053 578 Gedeonis
1076 524 1150 577 rore
1171 526 1248 577 ma·

191 615 288 702 dens,
307 617 391 686 liber
405 615 516 686 divina
530 626 631 684 manu
646 617 797 706 scriptus,
813 629 870 706 per
885 633 985 706 quem
1002 613 1120 682 Adami
1134 615 1240 684 chiro·

192 724 356 815 graphum
372 723 505 792 scissum
529 736 598 807 est,
622 743 717 790 mons
732 720 808 806 Dei,
826 741 920 790 mons
943 733 1091 806 sanctus,
1108 721 1143 789 in
1166 740 1234 814 quo

189 829 437 922 beneplacitum
452 841 502 898 est
513 833 581 897 Deo
596 827 744 896 habitare
760 827 795 895 in
808 849 847 895 eo
867 855 875 895 :
894 827 985 906 radix
995 839 1105 896 sancta
1121 831 1231 896 Jesset

189 938 305 1006 civitas
329 939 408 1022 Dei,
433 937 476 1005 de
495 937 563 1028 qud
579 933 717 1024 gloriosa
733 934 820 1003 dicta
836 948 913 1003 sunt
934 933 976 1002 de
996 947 1049 1017 te,
1072 946 1111 1002 ut
1130 925 1234 1002 David

187 1042 363 1136 loquitur:
381 1043 546 1112 moestitiae
558 1041 744 1126 dissolutio,
760 1041 955 1132 captivitatis
965 1039 1126 1126 liberatio,
1144 1037 1251 1108 mor-'

186 1149 310 1220 talium
328 1147 517 1218 deificatio:
541 1148 678 1240 pulchra
695 1162 831 1230 nature,
859 1148 1029 1239 omnisque
1054 1149 1233 1247 reprehen-

87 1322 95 1329 ,
188 1259 292 1328 sionis
307 1258 465 1348 incapax,
483 1255 556 1340 illa,
576 1279 651 1349 quae
673 1258 691 1324 ὲ
712 1256 838 1325 Libano
856 1255 1048 1344 virginitatis
1068 1255 1174 1340 redit,
1201 1269 1234 1324 et

160 1407 165 1412 -
188 1363 358 1433 mundum
378 1363 596 1434 odoramentis
621 1363 746 1453 replet,
771 1386 811 1430 ex
834 1363 900 1454 qud
919 1360 1062 1431 dulcedo
1084 1362 1233 1432 defluens

190 1471 362 1563 antiquam
385 1469 465 1559 ligni
497 1470 707 1538 acerbitatem
728 1467 859 1538 dulcem
883 1469 1009 1555 effecit,
1036 1491 1111 1562 quae
1133 1471 1233 1539 totius

190 1577 313 1650 divinae
336 1565 526 1647 substantiae
548 1578 750 1646 horrendum
778 1579 813 1646 in
832 1577 976 1648 ,modom
1007 1601 1107 1670 capax
1131 1579 1196 1646 fuit
1221 1605 1229 1646 a

117 1721 119 1724 ·
188 1697 313 1752 munus
329 1707 540 1776 quocumque
554 1684 660 1776 pretio
675 1683 896 1766 excellentius,
908 1683 1127 1778 omnibusque
1137 1683 1232 1752 bonis

187 1789 414 1860 aestimabilius
435 1805 667 1860 ornamentum
685 1819 693 1859 ε
713 1789 818 1860 lectus
835 1790 1015 1862 Salomonis
1026 1843 1035 1876 ,
1046 1813 1151 1886 *quern
1166 1791 1232 1859 cira

125 1970 127 1973 .
186 1895 268 1964 ciam
279 1896 432 1965 assistunt
447 1897 612 1988 sexaginta
628 1901 793 1981 Potentes,
808 1919 972 1965 sermones
987 1898 1106 1989 nempe
1123 1898 1233 1989 Scrip-

186 2016 275 2072 turae
292 2000 448 2071 divinitd's
461 2003 637 2096 inspiratae.
658 2007 764 2085 Locus
779 2001 853 2072 luce
868 2002 1028 2096 repletus,
1047 2027 1087 2071 ex
1102 2027 1169 2096 quo
1184 2027 1233 2074 sa·

184 2105 268 2179 lutis
284 2107 366 2177 radii
378 2110 529 2179 universo
544 2108 671 2178 mundo
686 2107 866 2180 illuxerunt
885 2139 892 2179 ε
908 2123 1002 2200 porta
1018 2107 1059 2179 ad
1073 2110 1231 2179 orientem

185 2213 366 2306 respiciens
394 2213 600 2300 Ezechielis,
628 2215 808 2288 tremendae
830 2215 1050 2308 dispositionis
1078 2217 1231 2307 magnili-

186 2321 314 2404 eentia,
336 2320 519 2411 speciosum
540 2319 659 2421 diuinae
680 2320 883 2391 demissionis
901 2321 1096 2414 hospitium,
1114 2321 1232 2390 mundi

185 2425 421 2513 reconciliate,
439 2441 589 2496 nostrum
604 2427 883 2518 propitiatorium,
906 2441 938 2496 et
953 2426 1134 2519 refugium,
1157 2427 1231 2496 om-

185 2532 283 2602 nium
298 2533 462 2604 bonorum
478 2533 605 2602 donum
621 2533 908 2626 optabilissimum‚
921 2532 1058 2626 ¹forceps
1072 2531 1228 2625 ignifera,
1274 2581 1276 2585 -

184 2662 291 2733 quam
302 2643 400 2707 Isaias
420 2641 598 2730 conspexit,
612 2663 710 2708 mons
731 2641 909 2738 virtutihus
923 2643 1113 2727 umbrosus,
1131 2665 1230 2735 quem
1270 2677 1271 2682 ¹

185 2747 347 2816 Habaouc
361 2735 529 2838 praevidit,
546 2766 640 2814 mons
656 2745 817 2830 Danielis,
844 2749 862 2813 h
880 2765 948 2838 quo
965 2747 1048 2838 lapis
1073 2747 1231 2818 abscissus

184 2867 236 2922 est
248 2853 320 2922 sine
329 2853 493 2938 menibus,
508 2866 601 2945 porta
614 2851 826 2922 adorientem
839 2874 930 2922 versa
942 2853 1132 2938 Ezechielis,
1142 2878 1231 2946 para·

185 2958 279 3029 disus
291 2959 510 3028 sanctissimus
528 2959 563 3026 in
578 2957 692 3045 Eden,
710 2958 837 3049 lignum
855 2960 1033 3042 vivificum,
1049 2959 1231 3052 pulcherri-

132 3135 133 3140 ,
183 3089 281 3135 mum
295 3089 344 3136 «ac
366 3064 640 3157 jucundissimum
665 3065 813 3136 fructum
844 3066 969 3154 ferens,
997 3067 1122 3137 malum
1152 3070 1231 3139 odo-

100 3207 106 3221 ·
184 3171 345 3256 silerum,
371 3194 443 3240 rosa
466 3173 693 3259 suaveolens,
716 3174 778 3244 llos
803 3174 1096 3260 immarcessibilis,
1122 3173 1229 3245 lilium

185 3279 471 3364 candidissimum,
485 3279 569 3347 liber
581 3281 742 3371 signatus,
759 3303 858 3373 quem
872 3303 969 3350 nemo
984 3281 1091 3371 legere
1108 3297 1226 3374 potest.

186 3386 395 3476 Virginitatisv
414 3385 667 3476 exemplar‘sine
690 3387 811 3478 scripto
833 3409 1038 3477 expressum,
1056 3388 1137 3457 visio
1151 3412 1228 3480 pre-

186 3493 270 3563 tiosa
285 3493 538 3586 prophetarum,
555 3495 736 3584 purpurata
754 3497 822 3562 Deo
841 3495 1133 3580 contexta,'orpnis
1149 3518 1228 3585 pro·

186 3599 308 3690 phetiae
328 3599 585 3670 manifestissima
612 3599 825 3692 adimpletio,
851 3623 887 3669 os
918 3599 1040 3693 loquax
1064 3600 1229 3692 apostolo·

183 3729 282 3790 rum,
316 3707 517 3778 vincentium
550 3705 671 3785 fiducia
704 3705 894 3790 invisibilis,
928 3702 1042 3797 regum
1069 3707 1225 3794 firmitas,

187 3810 394 3883 sacerdotum
418 3811 585 3903 gloriatio,
603 3813 799 3882 delictorum
820 3813 981 3899 remissio,
999 3815 1080 3908 justi
1103 3814 1228 3884 Judicis

186 3918 341 4011 placatio,
363 3917 529 4012 lapsorum
545 3922 751 4008 resurreetio,
772 3921 890 3992 mundi
906 3922 1128 4010 desiderium,
1145 3944 1227 3992 meaa
1283 3978 1284 3982 ,
