2930 4582
265 405 332 470 2³4
421 419 601 470 suaserunt
624 421 652 470 r.
676 422 831 484 uacuum,
855 417 933 472 utu
955 423 998 486 rr,
1023 423 1110 470 tace.
1136 423 1160 470 r.

266 524 402 600 effectus
422 535 482 592 est.
507 526 551 592 Et
570 519 694 608 Judas,
720 523 778 615 qui
799 543 876 592 eum
897 524 1050 613 magistro
1071 537 1163 611 erat,
1187 521 1305 616 periit3

266 636 365 702 Latro
384 644 495 700 autem
518 630 555 699 in
570 653 667 699 cruce
692 628 769 699 ciam
793 645 891 716 esset,
916 629 1096 724 discipulus
1118 631 1226 702 sactus
1246 643 1304 698 est.

266 743 346 808 Haec
361 738 420 806 Dei
441 735 603 808 mirabilia
626 739 791 834 suut,·sie
813 735 901 828 Magi
922 740 1136 831 acceptabiles
1151 739 1305 827 luerunt,

266 846 313 916 sie
326 844 524 916 Publicanus
542 845 738 936 evangelista
750 843 856 914 sactus
867 858 935 935 est,
953 847 999 916 sie
1014 846 1229 939 Blaspbemus
1246 843 1308 914 fuit

266 950 444 1045 apostolus.
584 1031 585 1036 ἵ

314 1087 330 1124 u
344 1063 424 1128 naec
437 1057 601 1148 conspice,
613 1069 646 1125 et
654 1059 827 1149 nunquam
838 1057 988 1149 desperes
1000 1089 1009 1147 3
1026 1057 1083 1127 sed
1091 1076 1219 1148 semper
1231 1076 1309 1133 oeus

266 1167 333 1236 tide
349 1180 382 1233 et
405 1166 506 1233 exeita
523 1165 676 1256 teipsum.
691 1167 786 1234 Viam
802 1164 909 1234 solium
924 1167 1017 1252 inito,
1034 1188 1109 1260 quae
1125 1161 1182 1234 illd
1198 1159 1306 1249 ducit,

267 1285 301 1342 et
314 1269 462 1340 celeriter
477 1269 605 1356 incede,
622 1294 665 1338 ne
686 1270 819 1340 claudas
832 1273 949 1364 januas
967 1325 976 1358 ‚
995 1293 1037 1342 ne
1052 1275 1235 1363 ingressum
1250 1271 1309 1340 ob-

267 1378 384 1470 sepias.
407 1383 509 1446 Breve
525 1383 572 1447 est
594 1402 735 1470 praesens
752 1393 894 1470 tempus,
917 1403 1038 1472 parvus
1053 1382 1159 1450 labor.
1178 1373 1311 1448 Etiamsi

267 1499 518 1575 magnusesset,
536 1509 578 1553 ne
589 1486 636 1554 sic
648 1485 783 1578 quidem
795 1485 967 1578 desperare
982 1501 1148 1580 oporteret
1162 1513 1169 1555 r
1188 1485 1310 1554 etiamsi

268 1591 356 1660 euim
377 1613 467 1660 nunc
482 1590 741 1683 pulcherrimum
760 1591 924 1674 laborem,
943 1615 1043 1686 quem
1066 1592 1265 1684 poenitentia
1279 1605 1311 1658 et

268 1699 372 1770 virtus
388 1698 551 1784 afferunt,
573 1723 641 1768 non
660 1699 830 1790 suscipias,
855 1699 890 1766 in
906 1699 1032 1768 mundo
1047 1701 1135 1768 certe
1150 1694 1311 1767 laborabis

269 1817 303 1874 et
318 1804 381 1874 alio
394 1803 493 1876 modo
509 1804 654 1874 sudabis.
674 1807 770 1887 Qubd
785 1806 812 1873 si
827 1819 860 1872 et
875 1806 929 1873 hic
941 1819 974 1873 et
985 1805 1051 1874 illic
1066 1805 1161 1874 labor
1176 1818 1241 1888 est,
1254 1825 1311 1872 cur

270 1937 338 1984 non
359 1915 448 1982 hunc
469 1913 618 1982 laborem
634 1913 844 2004 suscipimus,
868 1913 926 2005 qui
946 1911 1090 1982 multum
1110 1911 1208 1980 affert
1221 1909 1310 1979 sruc-

269 2035 343 2090 tum
377 2034 410 2088 et
433 2043 583 2108 magnam
607 2017 817 2093 mercedem?
837 2021 1028 2111 quanquam
1052 2037 1121 2110 non
1145 2016 1235 2086 idem
1260 2017 1310 2085 nte

269 2125 365 2196 labor
383 2125 441 2218 qui
461 2125 538 2194 illic.
564 2130 603 2193 Iu
616 2124 827 2194 saecrdaribus
847 2127 933 2194 enim
951 2123 1135 2218 frequentia
1151 2121 1308 2216 pericula,

271 2229 391 2300 damna
418 2231 480 2300 sibi
508 2232 625 2300 mutub
650 2230 877 2316 succedentia,
904 2255 976 2323 spes
1004 2233 1145 2315 incerta,
1177 2230 1311 2298 servitus

271 2338 397 2424 multa,
428 2339 663 2430 pecuniarum,
696 2361 892 2430 corporum,
919 2352 953 2407 et
981 2339 1099 2407 animae
1125 2335 1309 2430 dispendia,

271 2443 440 2515 fruetuum
452 2457 630 2535 proventus
642 2467 699 2534 spe
710 2445 809 2535 longe
818 2444 977 2530 minores,
994 2446 1020 2513 si
1032 2459 1143 2512 tamen
1157 2443 1309 2513 veniente

271 2563 381 2640 neque
398 2551 487 2617 enim
507 2549 712 2617 saecularium
728 2572 838 2618 rerum
860 2548 994 2620 sudores
1019 2551 1166 2620 fructum
1190 2569 1313 2640 semper

272 2655 427 2724 afferunt.
447 2659 682 2724 Verumtamen
698 2657 758 2724 etsi
771 2679 840 2726 non
852 2657 1015 2742 excidant,
1031 2657 1157 2726 etiamsi
1173 2655 1311 2724 maritum
1346 2675 1352 2714 1
1445 2703 1446 2736 ,

273 2777 469 2856 proventum
485 2763 637 2850 afferant,
655 2764 786 2834 modico
803 2778 949 2856 tempore
965 2755 1111 2832 manenti
1126 2763 1213 2833 Citm
1229 2763 1311 2831 euim
1381 2833 1386 2846 ‚
1445 2769 1446 2778 ’

272 2871 433 2957 senueris,
451 2895 513 2941 nec
526 2873 626 2963 possis
646 2873 685 2940 iis
700 2895 760 2964 pro
776 2887 854 2942 voto
869 2870 951 2957 frui,
970 2885 1051 2940 ‘tunc
1066 2871 1252 2939 mercedem
1266 2868 1311 2936 la·

272 2982 393 3050 borum
420 2980 565 3072 recipies.
596 2981 648 3048 Sic
669 2978 763 3048 labor
788 2979 921 3070 vigente
947 3001 1084 3070 corpore
1106 2977 1309 3068 suscipitur:

272 3086 401 3156 fruetus
421 3099 532 3152 autem
556 3085 598 3154 et'
612 3085 764 3176 voluptas
789 3105 926 3178 corpore
942 3088 1010 3178 jam
1035 3105 1111 3153 sene
1131 3098 1164 3152 et
1187 3083 1309 3164 soluto,
1332 3111 1337 3126 ¹

273 3187 349 3262 erim
363 3213 493 3260 sensum
509 3205 638 3282 tempus
651 3191 797 3278 extinxit,
812 3207 856 3276 et,
869 3193 895 3260 si
905 3215 972 3260 non
985 3189 1116 3283 proesius
1128 3188 1309 3272 extinxerit,

159 3316 162 3320 ’
273 3299 386 3368 mortis
401 3322 473 3390 spes
493 3321 561 3368 non
584 3299 661 3368 sinit
674 3297 799 3368 deliciis
820 3299 898 3368 frui.
923 3297 994 3368 Illic
1010 3301 1088 3368 verb
1112 3319 1162 3364 res
1181 3285 1250 3364 nori
1269 3295 1312 3362 itt

272 3407 433 3490 sehabet,
458 3405 515 3474 sed
534 3405 629 3474 labor
643 3419 691 3474 est
709 3407 744 3472 in
761 3405 970 3496 corruptione
990 3419 1024 3474 et
1038 3405 1074 3471 in
1095 3401 1227 3470 mortali
1243 3419 1313 3470 cor*

272 3535 375 3609 pore,
395 3535 515 3581 corona
536 3513 615 3581 verb
635 3511 754 3580 innon
775 3525 982 3596 senescente,
1000 3507 1196 3592 immortali,
1214 3509 1312 3575 tinem

216 3693 219 3698 ,
272 3645 340 3690 non
354 3621 508 3688 habente.
524 3619 632 3688 Labor
642 3617 800 3708 praeeedit
815 3633 848 3686 et
863 3619 970 3687 brevis
982 3631 1049 3706 est3
1066 3637 1190 3684 merces
1203 3628 1311 3683 autem

273 3725 421 3818 sequitur
436 3739 469 3792 et
483 3739 530 3792 est
545 3725 718 3807 immensa,
737 3737 774 3791 ut
793 3747 869 3793 cum
885 3723 1037 3791 libertate
1053 3721 1188 3790 demirm
1206 3721 1313 3814 quies·

228 3919 229 3922 Ἴ
274 3854 340 3914 cas,
358 3829 442 3900 nihil
456 3843 630 3920 expectans
648 3829 880 3922 injucundum.
898 3827 996 3899 Nulla
1012 3828 1100 3896 enim
1114 3827 1161 3896 ibi
1177 3825 1313 3897 mutatio

274 3936 438 4026 timenda,
463 3935 574 4006 nullus
597 3959 701 4024 casus,
716 3949 758 4006 ut
777 3937 812 4005 in
828 3939 893 4007 hoe
916 3933 1053 4004 mundo.
1068 3933 1182 4016 Qualia
1203 3945 1310 4004 autem
