2992 4574
302 390 366 455 360
456 405 634 452 nnnnoarot
657 403 683 450 st
709 405 856 465 nannum,
882 405 958 451 rans
982 411 1028 468 rr,
1053 406 1136 452 saon.
1162 409 1185 451 1.
1208 409 1210 414 ·
1235 373 1237 378 ⁸

301 513 423 579 Annon
438 508 508 576 heri
525 529 641 576 manus
657 490 854 579 osculabaris
862 498 876 591 ‚'
889 529 1032 600 eumque
1047 520 1262 586 servatorem,
1276 530 1336 589 eu-

278 611 440 684 -ratorem
465 627 499 681 et
521 613 705 681 beneficum
734 611 900 680 vocabas?
926 635 1036 682 nonne
1064 611 1178 680 laudes
1201 612 1336 681 tenebas

209 797 212 804 ,
298 721 488 789 innumeras
498 721 512 787 i
523 741 583 788 our
598 717 698 787 hodie
714 720 862 786 accusas?
873 719 944 786 heri
953 717 1116 804 laudator,
1128 717 1228 791 hodie
1244 740 1337 787 aecu-

297 827 408 896 satori
426 827 497 894 heri
519 824 652 912 laudes,
669 823 769 895 hodie
788 825 923 896 crimina
947 825 1160 918 offersrquae
1175 827 1337 922 mutatio?

296 955 373 1028 queo
387 932 582 1002 translatio?
1011 997 1015 1004 ,
1187 941 1188 944 ’

300 1079 318 1092 ..
344 1066 361 1104 »
386 1043 430 1110 At
446 1063 514 1108 non
530 1061 591 1130 ego
610 1036 709 1107 talis:
742 1037 800 1131 qui
818 1036 942 1107 insidiis
962 1035 1157 1129 appetebar,
1180 1050 1337 1128 patronus

296 1144 434 1231 effectus
453 1167 538 1214 sum.
559 1150 736 1213 Innumero
760 1143 870 1236 gravia
888 1165 1020 1236 passus,
1042 1165 1111 1212 non
1126 1165 1184 1235 par
1205 1144 1277 1234 pari
1290 1161 1338 1212 ro·
1363 1155 1367 1163 ⁴

209 1286 210 1289 ¹
258 1327 260 1330 .
297 1251 371 1322 tuli.
391 1253 569 1321 Dominum
584 1272 695 1319 meum
704 1250 827 1335 imitor,
842 1250 899 1342 qui
911 1250 945 1318 in
953 1271 1051 1318 cruce
1066 1249 1147 1318 dixit
1164 1277 1171 1318 :
1187 1247 1338 1318 Dimitte

298 1358 368 1444 eis,
386 1379 459 1426 non
475 1357 571 1426 enim
578 1356 696 1425 serunt
709 1352 800 1446 quid
801 1353 955 1450 faciunt
971 1359 995 1420 ¹¹.
1015 1359 1094 1424 Haeo
1118 1367 1228 1424 autem
1244 1354 1335 1441 dico,

297 1487 341 1534 ne
356 1463 517 1536 malorum
529 1485 587 1534 vos
603 1464 744 1556 suspicio
759 1477 960 1555 corrumpat.
975 1465 1064 1545 Quot
1076 1462 1272 1531 mutationes
1288 1485 1341 1531 ex-
1379 1525 1386 1529 .

275 1571 454 1652 uterum,
471 1595 511 1640 ex
525 1594 593 1665 quo
610 1571 733 1669 eivitati
748 1571 826 1640 huic
843 1567 980 1662 praefui,
999 1583 1032 1638 et
1053 1583 1150 1638 nemo
1167 1569 1210 1638 ad
1222 1569 1338 1639 molio-

258 1749 262 1757 ,
297 1703 368 1749 rem
380 1701 414 1749 se
424 1677 556 1772 frugem
573 1679 689 1772 recipit
696 1682 712 1748 Ῥ
723 1679 809 1749 Cirm
825 1677 1042 1763 autem‘dico,
1056 1699 1167 1764 nemo,
1184 1699 1253 1746 non
1265 1699 1342 1746 om-

289 1808 355 1856 nes
366 1785 565 1872 condemno,
581 1786 677 1856 absit.
688 1789 763 1857 Non
773 1783 860 1855 eninr
870 1784 939 1852 fieri
955 1795 1075 1876 potest,
1094 1797 1132 1852 ut
1140 1784 1204 1852 hoc
1215 1783 1338 1876 pingue

296 1917 430 1980 arm,
453 1907 633 1964 sementem
655 1893 833 1984 recipiens,
851 1905 994 1982 segetem
1009 1908 1078 1960 non
1095 1888 1253 1981 proferat.
1274 1889 1338 1960 Sed

297 2023 360 2092 ego
369 1998 560 2068 insatiabilis
571 2019 658 2084 sum,
676 1997 754 2068 nolo
768 2021 889 2090 paucos
904 1997 962 2066 sed
977 2020 1091 2067 omnes
1105 1995 1243 2066 salutem
1258 2017 1339 2066 con·

297 2106 401 2200 sequi.
427 2105 461 2176 Si
480 2105 533 2176 vel
547 2127 634 2174 unus
647 2118 778 2198 pereat,
802 2125 862 2195 ego
877 2105 959 2197 perii
977 2132 984 2174 ε
1004 2117 1087 2197 puto
1110 2127 1163 2172 me
1176 2117 1338 2196 pastorem

297 2214 428 2300 imitari,
443 2213 502 2308 qui
516 2212 593 2283 eiam
608 2199 785 2304 nonaginta
797 2229 915 2282 novem
928 2211 1066 2281 haberet
1078 2234 1166 2296 oves,
1182 2209 1224 2280 ad
1240 2235 1339 2280 unam

295 2343 374 2416 quae
389 2333 553 2393 erraverat
569 2321 718 2392 'accurrit
727 2323 764 2390 ²?
779 2319 957 2413 Quousque
981 2319 1153 2412 pecuniae?
1165 2319 1337 2412 quousque

275 2441 490 2516 argentum,
508 2427 682 2519 quousque
703 2449 833 2512 aurum,
851 2426 1025 2520 quousque
1040 2428 1156 2496 vinum
1171 2425 1338 2494 effusum?

296 2533 474 2626 quousque
507 2530 707 2600 famulorum
732 2529 964 2600 adulationes?
990 2532 1164 2624 quousque
1179 2583 1182 2588 ,
1199 2533 1351 2616 crateres

297 2637 469 2708 coronati?
495 2637 669 2730 quousque
695 2639 838 2707 satanica
865 2627 1025 2723 convivia,
1045 2627 1205 2708 diabolici
1221 2661 1337 2731 opera·

296 2745 387 2816 tione
402 2744 522 2838 plena?
537 2744 624 2816 Nirm
637 2745 723 2814 nosti
738 2746 840 2814 vitam
856 2759 1050 2836 praesentem
1068 2767 1136 2815 esse
1149 2747 1338 2838 peregrina·

290 2852 619 2923 -tioneminiimuam
648 2865 685 2919 tu
713 2851 814 2922 civis?
844 2853 949 2921 viator
968 2855 1018 2920 oa
1042 2851 1234 2922 Intellexisti
1257 2849 1338 2946 quid

242 3014 243 3017 ,
294 2957 457 3028 dixerim?
472 2980 541 3026 non
556 2980 590 3026 es
604 2957 704 3042 civis,
723 2957 783 3025 sod
794 2959 899 3026 viator
913 2973 947 3046 et
958 2959 1160 3050 peregrinus.
1180 2963 1228 3030 Ne
1245 2957 1337 3028 dixe·

293 3065 337 3134 ris
350 3093 358 3134 2
370 3067 464 3134 Hanc
480 3077 513 3131 et
523 3061 615 3131 illam
624 3062 789 3132 civitatem
798 3064 917 3133 habeo.
929 3069 1033 3135 Nemo
1045 3065 1210 3135 civitatem
1223 3065 1334 3134 habet.

293 3169 416 3242 Civitas
434 3168 563 3256 sursum
581 3183 641 3238 est.
668 3169 844 3238 Praesentia
863 3171 915 3238 via
943 3185 1031 3240 sunt.
1056 3161 1212 3254 Quotidie
1238 3171 1338 3261 igitur

292 3277 355 3348 iter
369 3276 520 3362 facimus,
539 3276 645 3346 donee
658 3291 776 3347 natura
790 3299 922 3346 cursum
931 3279 1074 3371 perficit.
1094 3283 1153 3352 Est
1164 3278 1272 3370 quiin
1286 3278 1337 3349 via

293 3385 449 3478 pecunias
460 3383 643 3454 recondat?
658 3400 707 3454 est
718 3385 777 3478 qui
788 3385 822 3456 in
838 3385 891 3455 via
902 3409 1019 3454 aurum
1032 3384 1201 3456 defodiat?
1211 3389 1338 3476 Ingres-

290 3516 347 3562 sus
363 3491 596 3572 diversorium,
615 3489 761 3559 illud-ne
777 3495 934 3561 exornas?
946 3492 1103 3576 Minime,
1121 3491 1180 3561 sed
1191 3490 1336 3562 comedis

290 3612 327 3668 et
341 3597 443 3681 bibis,
461 3611 561 3690 atque
574 3596 652 3664 hinc
668 3597 780 3685 egredi
800 3595 943 3668 festinas.
955 3599 1184 3688 ¹Diversorium
1201 3613 1252 3668 est
1271 3599 1336 3669 vita

233 3695 237 3702 ’
292 3705 446 3794 praesens'.
458 3703 596 3794 Ingressi
611 3724 744 3788 sumus,
763 3717 957 3794 praesentem
979 3705 1080 3774 vitam
1096 3707 1230 3774 finimus
1251 3735 1259 3774 :
1277 3729 1335 3774 eu-

290 3809 399 3874 r'emus
415 3829 492 3876 eum
507 3808 595 3876 boni
614 3831 670 3900 spe
694 3811 825 3900 egredi,
847 3809 931 3908 nihil
945 3811 999 3881 hic
1021 3810 1268 3904 relinquam,
1294 3835 1336 3880 ne

249 3939 250 3942 ’
330 3943 336 3968 ¹
349 3935 408 3983 Luc.
419 3949 490 3997 nnnr,
506 3933 545 3999 34,
561 3961 591 3970 -·
603 3945 613 3970 ²
626 3937 661 3988 ld.
677 3955 719 4001 xv,
734 3955 759 4004 p.
