2984 4580
241 433 343 480 creua
366 437 412 480 vr.
438 435 480 479 ur
503 434 661 478 unrnouo
685 433 721 476 ur
737 431 945 476 conomrtmus
960 427 1126 478 lauturus.
1151 413 1216 478 895

140 559 142 568 ’
162 515 1130 633 fuitabr'ru'tt'onequeerifflnaniasverdetSaphirapto
1139 555 1218 626 pau·

173 663 289 712 eorum
304 654 533 730 argenteorum
544 637 634 708 furto
649 651 789 732 quantas
800 637 952 708 dederint
963 661 1089 732 prunas,
1105 663 1218 710 omnes

68 733 72 744 ⁴
172 749 286 818 nostis.
311 752 434 818 Annon
453 746 545 818 vides
566 745 775 838 quotidianas
802 743 1026 816 calamitates?
1051 769 1095 816 an
1109 767 1219 841 neque

173 857 234 926 ista
252 855 482 945 contigerunt?
496 857 572 924 Non
586 853 677 923 rides
693 853 792 922 etiam
815 873 905 923 nunc
921 851 1008 922 fame
1023 859 1219 946 pereuntes?

174 976 229 1032 eos
254 963 313 1056 qui
332 961 387 1032 vel
404 959 617 1054 elephantiasi
635 960 690 1030 vel
711 958 775 1054 alio
794 961 914 1030 morbo
934 959 1150 1031 detinentur?
1164 985 1219 1033 eos

157 1071 233 1165 ,qui
247 1071 284 1140 in
303 1070 443 1162 penurid
456 1069 618 1162 perpetual
640 1069 780 1138 vivunt?
795 1091 851 1138 eos
870 1067 930 1162 qui
949 1067 1053 1138 millia
1068 1067 1220 1140 intolera-

172 1179 252 1250 bilia
267 1179 460 1272 patiuntur?
471 1176 790 1270 Quomoddaequum
806 1174 998 1247 sueritalios
1013 1177 1125 1270 plecti,
1140 1179 1220 1250 alios

151 1315 154 1320 “
173 1310 243 1358 non
257 1287 378 1379 plecti?
392 1287 476 1356 Nam
492 1287 519 1358 si
538 1308 607 1354 non
628 1285 769 1378 injustus
785 1299 834 1354 est
853 1289 957 1370 Deus,
982 1297 1020 1354 ut
1043 1286 1132 1355 certe
1153 1309 1221 1357 nou

175 1407 224 1464 est
231 1447 247 1494 ,x
256 1405 467 1484 peecatorum
482 1391 597 1486 utique
612 1413 726 1484 poenas
746 1381 851 1460 dabis.
869 1391 967 1475 Quod
988 1393 1015 1462 si
1026 1392 1143 1485 utpote
1159 1391 1220 1463 be-

115 1567 119 1570 .
175 1501 296 1590 uignus
307 1522 376 1568 non
391 1499 523 1591 puniat,
537 1519 647 1592 neque
658 1497 731 1567 illos
746 1499 857 1590 puniri
876 1499 1035 1592 oportuit.
1049 1495 1147 1572 Nunc
1158 1523 1221 1571 uu·
1294 1541 1299 1546 -

175 1620 244 1676 tem
256 1607 300 1674 ob
316 1603 393 1674 talia
408 1606 511 1676 verba
526 1617 648 1692 nostra,
663 1605 785 1675 multos
801 1605 855 1674 hic
868 1605 965 1700 punit
977 1610 1076 1692 Deus,
1093 1619 1133 1676 ut
1143 1606 1222 1677 clim
1300 1685 1302 1692 ,

175 1713 451 1784 comminantibus
468 1714 578 1784 verbis
598 1737 665 1783 non
687 1713 931 1808 obsequamini,
949 1712 1064 1784 saltem
1084 1715 1128 1784 oh
1148 1713 1243 1789 ph„

174 1833 247 1889 tum
259 1819 338 1889 vere
354 1819 554 1912 supplicinm
571 1819 721 1888 credatis.
740 1823 783 1888 Et
806 1819 884 1913 quia
899 1820 1004 1913 prisca
1019 1819 1076 1890 illu
1091 1843 1159 1891 non
1175 1817 1221 1892 ita

174 1949 235 1997 nos
257 1940 401 2013 terrent,
418 1949 478 2020 per
493 1948 532 1995 ea
546 1949 621 2019 quae
642 1926 677 1994 iu
692 1925 828 2018 siugulis
849 1928 1115 2017 generationibut
1135 1929 1221 1998 acci·
1294 1913 1299 1926 ’
1369 1971 1379 1992 .

175 2033 271 2119 dunt,
288 2058 349 2104 suo
364 2047 513 2126 tempore
528 2031 680 2104 socordes
695 2031 839 2124 corrigit.
853 2035 897 2102 Et
912 2054 983 2120 cur,
996 2034 1138 2128 inquies,
1152 2055 1221 2106 non

174 2142 229 2211 hle
242 2165 356 2220 omnes
366 2142 484 2234 punit?
494 2145 538 2212 Ut
550 2141 620 2211 aliis
632 2141 775 2233 spatium
792 2139 833 2210 ad
840 2142 1071 2234 poenite'ntiam
1082 2143 1218 2214 tribum.

174 2252 295 2318 Etcur
310 2272 377 2318 non
395 2271 509 2318 omnes
523 2247 591 2316 illio
609 2247 770 2340 supplicio
786 2249 906 2318 afficit?
920 2251 969 2320 Ne
980 2249 1059 2319 hlno
1071 2249 1221 2342 plerique

171 2356 245 2448 ejus
260 2353 477 2447 providentiae
498 2374 566 2424 non
581 2354 728 2424 credant.
747 2357 837 2438 Quot
852 2355 997 2424 latrones
1016 2356 1103 2447 capti
1121 2369 1219 2442 aunt,

176 2476 260 2556 quot
278 2463 356 2532 hinc
367 2462 567 2554 migrdruut,
585 2485 654 2532 nou
677 2459 761 2531 datis
781 2461 909 2554 poenis?
929 2459 994 2532 Ubi
1006 2475 1055 2531 est
1070 2464 1148 2558 ergd
1164 2463 1235 2558 Deip

177 2569 363 2660 benignitas
375 2621 386 2654 ,Ν
407 2568 467 2638 ubi
478 2569 604 2662 justum
620 2568 802 2662 judicium?
823 2571 937 2640 Meum
959 2571 1104 2664 namque
1123 2569 1224 2640 fuerit

173 2679 242 2771 jam
258 2677 316 2744 abs
331 2687 365 2742 te
380 2675 546 2744 sciscitari.
565 2678 647 2746 Nam
663 2679 805 2744 sinemo
824 2678 958 2766 prorsus
973 2677 1135 2770 supplicio
1151 2679 1224 2752 ulli·

178 2796 321 2866 ceretur,
335 2801 444 2874 posses
458 2779 517 2849 illd
532 2779 727 2872 confugere,
745 2781 822 2850 cum
837 2784 916 2850 vend
931 2783 1078 2852 allident
1094 2803 1221 2876 poenas,

179 2889 235 2960 alii
249 2911 336 2974 uon,
352 2888 557 2978 etsigraviris
569 2889 793 2982 peccaverint,
814 2886 983 2984 quomodo
1012 2891 1130 2961 rationi
1141 2877 1224 2962 oon-

179 3017 298 3066 sonum
315 3019 384 3064 esse
398 2996 517 3088 possit,
535 3009 575 3064 ut
588 3019 650 3087 pro
665 2994 779 3066 iisdem
795 2995 991 3090 sceleribus,
1010 3017 1079 3068 non
1099 2998 1225 3069 eaederu

169 3125 291 3196 poenae
303 3103 519 3193 infligantur?
531 3104 705 3186 Quomodo
724 3122 793 3172 non
807 3091 1011 3174 videbuntur
1023 3105 1143 3197 injuste
1158 3125 1224 3197 pu-

181 3213 244 3281 niri
259 3213 282 3280 ii
294 3211 352 3304 qui
363 3210 651 3304 plectunturldur
662 3213 741 3304 ergo
752 3234 822 3281 non
833 3233 947 3282 omnes
958 3211 1012 3283 hle
1021 3213 1226 3306 puniuntur?

181 3317 270 3388 nudi
283 3318 391 3410 ipsum
413 3317 582 3386 Christum
598 3306 714 3386 lris'de
737 3317 835 3385 rebus
850 3311 1115 3409 respondentem.
1142 3319 1227 3401 Quia
1245 3385 1251 3392 .

182 3426 270 3496 enim
287 3425 421 3518 quidam
434 3447 475 3492 ex
489 3424 574 3492 turri
585 3423 718 3515 delapsd
731 3423 935 3509 interierant,
952 3425 1014 3494 hdo
1026 3425 1069 3493 de
1084 3447 1120 3494 re
1134 3446 1228 3518 quae·

182 3533 331 3604 rentibus
340 3520 443 3602 dixit:
462 3529 611 3601 Putatis
627 3528 774 3620 quodlrr'
784 3541 998 3626 peccatores
1011 3529 1095 3622 plois
1114 3529 1226 3622 qutim
1281 3593 1285 3602 .

183 3663 308 3709 omues
323 3633 452 3708 erant?
464 3637 508 3711 N
506 3661 565 3724 on,
585 3634 667 3707 dico
677 3636 778 3708 uobis
785 3669 803 3723 ,·
813 3634 880 3708 aad
892 3637 965 3706 nisi
974 3639 1225 3730 poenitentium

184 3747 344 3843 egerr'tr'o,
358 3766 483 3816 omncs
495 3743 604 3816 semul
613 3743 778 3837 peribitis
794 3747 807 3784 ²
815 3777 832 3832 ;
844 3744 1023 3815 adhortans
1038 3761 1117 3832 nos,
1132 3759 1171 3814 ut
1187 3770 1230 3815 ne

181 3855 339 3924 fiduciam
356 3852 551 3940 habeamus,
575 3853 652 3924 crim
667 3855 812 3940 ,caeteris
826 3877 942 3946 poenus
957 3853 1134 3944 dantibus,
1165 3878 1225 3924 nos

220 3992 227 4018 ¹
243 3981 330 4032 Mattlr.
344 3997 413 4045 xxiv,
427 3993 517 4031 nrm-
529 3991 539 4017 ²
550 3964 609 4034 Luc.
624 3998 676 4048 xrrr,
692 3981 719 4048 l.
