2930 4582
230 411 294 474 250
381 425 560 472 serrorum
582 427 608 472 s.
634 427 788 490 sareon,
814 428 890 474 raas
913 431 958 489 rr,
983 431 1080 474 suom·
1094 433 1118 474 1.

229 517 304 597 mioe
316 529 483 620 gymnasia
494 529 726 621 personabant,
738 531 831 602 lieret
855 531 1045 622 peregrinus
1061 543 1161 624 atque
1177 531 1269 600 disci·

227 635 344 730 pulus,
363 635 485 705 malens
496 637 599 706 aliena
612 637 797 706 verecunde
813 637 953 724 discere,
971 639 1070 732 quam
1086 661 1144 707 sua
1158 638 1270 729 impu·

228 744 345 813 denter
355 745 512 832 ingerere.
528 743 675 838 Denique
687 745 767 814 uum
782 745 907 814 litteras
919 747 1011 838 quasi
1024 760 1095 814 toto
1108 744 1270 837 fugientes

229 853 310 921 orbe
325 853 551 944 persequitur,
569 867 683 944 eaptus
701 855 721 922 a
738 853 848 944 piratis
865 865 898 922 et
918 853 1154 941 vertumdatuS,
1174 852 1271 921 etiam

229 973 370 1048 tyranno
386 958 610 1026 crudelissimo
626 961 745 1050 paruit,
761 960 925 1051 captivus,
943 959 1073 1028 vinctus
1093 972 1126 1026 ct
1142 979 1269 1048 servus,

229 1080 351 1149 tamen,
370 1067 446 1158 quia
462 1065 688 1156 philosophus,
700 1067 802 1158 major
815 1079 943 1135 emente
953 1089 986 1134 se
998 1066 1087 1134 fecit.
1101 1065 1153 1134 td
1164 1066 1272 1133 Titum

230 1175 358 1242 Livium
375 1173 480 1240 lacteo
494 1172 691 1264 eloquentiae
702 1171 794 1241 fonte
805 1187 992 1242 manantem
1008 1173 1049 1240 de
1062 1171 1186 1240 ultimis
1202 1173 1273 1240 His·

230 1280 336 1372 panias
350 1279 595 1372 Galliarumque
611 1281 732 1349 finibus
745 1281 1040 1374 quosdamvenisse
1053 1280 1179 1349 nobiles
1191 1280 1272 1371 legi·

230 1411 322 1476 ntus,
340 1403 373 1455 et
389 1412 471 1480 qum
492 1389 533 1455 ad
556 1390 867 1481 contemplationem
888 1392 936 1459 sui
954 1395 1058 1458 Roma
1080 1413 1148 1458 non
1164 1404 1272 1482 traxe-

231 1510 295 1579 rat,
318 1496 415 1563 unius
432 1495 573 1564 hominis
596 1495 681 1564 lama
694 1496 889 1588 perduxit„
908 1497 1126 1588 Appollonius
1141 1496 1274 1564 intravit

231 1608 361 1687 Persas,
380 1605 586 1696 pertransivit
603 1609 800 1688 Caucasum,
825 1603 987 1689 Albanos,
1012 1605 1164 1694 Scythas,
1187 1609 1274 1673 Mas-

231 1725 372 1801 sagetas,
391 1713 636 1804 opulentissima
655 1712 759 1781 Indiae
777 1735 875 1804 regna
891 1713 1093 1804 penetravit,
1112 1711 1202 1780 etad
1219 1735 1275 1780 ex-

231 1832 390 1904 tremum,
412 1819 709 1890 latissimoPhison
733 1843 827 1888 amne
845 1821 1053 1904 transmisso,
1075 1817 1276 1910 pervenitad

231 1929 468 2012 Brachmanae,
487 1943 526 1996 ut
542 1929 725 1996 Hiarcham'
739 1929 772 1996 ln
786 1929 905 1996 throno
925 1928 1093 1996 sedentem
1110 1949 1226 2010 aureo,
1244 1937 1276 1994 et

232 2033 274 2102 de
296 2034 424 2119 Tantali
448 2033 540 2102 sonte
564 2049 731 2125 potantem
757 2034 843 2102 inter
866 2055 987 2126 paucos
1012 2033 1209 2124 discipulos,
1235 2029 1275 2100 dc

231 2141 361 2224 natural,
380 2140 422 2208 de
433 2141 576 2208 motibus
591 2141 747 2226 siderum,
766 2166 803 2210 ac
819 2141 946 2209 dierum
959 2164 1056 2210 cursu
1074 2139 1203 2208 audiret
1215 2139 1274 2208 do-

232 2261 362 2318 centem
380 2251 401 2316 ¹.
423 2277 438 2313 a
453 2251 547 2318 Unde
564 2248 733 2318 concludit
753 2263 850 2340 turpe
866 2247 1015 2334 futurum
1038 2249 1233 2331 christiano,
1250 2245 1276 2315 si
1357 2254 1366 2264 “

233 2354 275 2424 ad
291 2355 512 2423 exhaurienda
534 2379 697 2424 sacrarum
714 2358 955 2448 Scripturarum
977 2357 1101 2424 fluenta
1118 2355 1192 2423 illos
1210 2375 1276 2422 non

233 2461 384 2553 expediat
396 2478 549 2546 conatus,
570 2487 652 2556 quos
666 2465 707 2532 ad
716 2461 894 2531 ebibendas
905 2462 1052 2555 profanae
1061 2461 1275 2556 philosophiae

234 2591 334 2660 aquas
359 2581 405 2636 tot
421 2571 570 2661 tantique
597 2571 657 2639 viri
670 2568 878 2637 exeruerunt.
1292 2651 1294 2656 A

280 2676 331 2744 Sic
353 2691 386 2744 et
402 2691 531 2746 sanetus
548 2677 723 2767 Gregorius
738 2677 957 2745 Nazianzenus
976 2677 1090 2744 contra
1106 2673 1276 2743 lulianum

235 2785 423 2874 Apostotam
438 2807 547 2874 egem,
567 2783 769 2876 antiquitatis
786 2784 903 2874 ingerit
917 2781 1064 2873 exempla
1084 2809 1091 2850 ι

281 2920 296 2956 n
310 2895 461 2973 Quonam
471 2894 570 2962 modo
583 2915 624 2960 ne
635 2893 707 2960 haec
722 2891 855 2982 quidem
870 2891 1120 2960 christianorum
1130 2885 1279 2979 exempla

174 2998 180 3008 '
234 2998 433 3091 pertimescis
447 3049 454 3081 ,
471 3000 570 3066 homo
585 2997 809 3078 audacissime,
823 3011 921 3090 atque
932 3050 940 3081 ,
953 3011 990 3064 ut
1007 2997 1033 3064 si
1047 2993 1225 3088 quisalius,
1238 2992 1280 3062 ad

234 3119 373 3174 mortem
387 3105 554 3193 praeceps?
566 3108 715 3184 Quonam
729 3103 828 3172 modo
841 3127 909 3172 non
920 3103 1104 3171 veneraris?
1121 3105 1199 3169 ttaec
1211 3103 1280 3193 jam

235 3225 268 3279 et
282 3210 435 3300 sapientis
448 3211 524 3276 sane
537 3201 622 3277 illitis
634 3233 669 3278 ac
678 3209 870 3300 legislatoris
884 3209 1009 3280 Solonis
1022 3207 1213 3300 inexplebili
1225 3229 1280 3276 cu·

234 3315 385 3408 piditate,
398 3339 497 3410 qnam
509 3320 639 3388 Croesus
649 3316 829 3406 aurolydio
840 3318 999 3407 coarguit,
1011 3314 1117 3384 multh
1128 3329 1282 3408 praestan·

234 3423 316 3492 tiora
328 3438 416 3508 stant,
431 3437 463 3492 et
476 3425 641 3493 Socratico
657 3423 786 3514 pulchri
799 3447 925 3512 amore,
943 3445 1057 3492 vereor
1069 3422 1156 3490 enirn
1165 3443 1280 3514 puero·

235 3555 310 3600 rum
326 3533 470 3600 amorem
496 3531 620 3616 dicere,
641 3532 765 3599 etiamsi
782 3531 967 3600 honestiore
983 3529 1146 3604 vocabulo
1162 3527 1279 3597 callide

235 3636 1281 3730 obtegatur3etsicnlalPlatonisliguritione,obquametiamipse

236 3741 1281 3837 venditur,acneahulloquidemdiscipulorum,imhnecabali·
1329 3745 1332 3752 '
1415 3779 1421 3800 ι

236 3854 500 3948 qquraecerum
514 3843 700 3939 redimitur,
712 3866 744 3921 et
753 3854 944 3922 Xenocratis
955 3853 1149 3941 voracitate,
1160 3865 1193 3921 et
1202 3850 1280 3922 Dio·

181 4039 184 4046 ,
273 3991 281 4016 ¹
300 3983 324 4031 S.
342 3982 440 4032 Hieron.
455 3981 531 4048 Epist.
546 3980 682 4031 adPaulin.
