<?xml version="1.0" encoding="UTF-8"?>
<!DOCTYPE html PUBLIC "-//W3C//DTD XHTML 1.0 Transitional//EN"
    "http://www.w3.org/TR/xhtml1/DTD/xhtml1-transitional.dtd">
<html xmlns="http://www.w3.org/1999/xhtml" xml:lang="en" lang="en">
 <head>
  <title>
</title>
<meta http-equiv="Content-Type" content="text/html;charset=utf-8" />
  <meta name='ocr-system' content='tesseract 3.04.00' />
  <meta name='ocr-capabilities' content='ocr_page ocr_carea ocr_par ocr_line ocrx_word'/>
</head>
<body>
  <div class='ocr_page' id='page_1' title='image "./rhetoricasancto00cailgoog_0238.png"; bbox 0 0 2930 4582; ppageno 0'>
   <div class='ocr_carea' id='block_1_1' title="bbox 193 459 1164 520">
    <p class='ocr_par' dir='ltr' id='par_1_1' title="bbox 193 459 1164 520">
     <span class='ocr_line' id='line_1_1' title="bbox 193 459 1164 520; baseline 0.002 -4"><span class='ocrx_word' id='word_1_1' title='bbox 193 467 295 517; x_wconf 73' lang='lat' dir='ltr'><strong>etrus</strong></span> <span class='ocrx_word' id='word_1_2' title='bbox 317 475 364 518; x_wconf 85' lang='lat' dir='ltr'><strong>vr.</strong></span> <span class='ocrx_word' id='word_1_3' title='bbox 383 472 425 516; x_wconf 82' lang='lat' dir='ltr'><strong>ua</strong></span> <span class='ocrx_word' id='word_1_4' title='bbox 440 471 597 517; x_wconf 76' lang='lat' dir='ltr'><strong>nuraono</strong></span> <span class='ocrx_word' id='word_1_5' title='bbox 620 473 655 516; x_wconf 82' lang='lat' dir='ltr'><strong>m</strong></span> <span class='ocrx_word' id='word_1_6' title='bbox 678 472 885 517; x_wconf 69' lang='lat' dir='ltr'><strong>concionibus</strong></span> <span class='ocrx_word' id='word_1_7' title='bbox 908 470 1074 518; x_wconf 78' lang='lat' dir='ltr'><strong>auarum.</strong></span> <span class='ocrx_word' id='word_1_8' title='bbox 1099 459 1164 520; x_wconf 75' lang='lat'><strong>237</strong></span> 
     </span>
    </p>
   </div>
   <div class='ocr_carea' id='block_1_2' title="bbox 126 567 1180 1520">
    <p class='ocr_par' dir='ltr' id='par_1_2' title="bbox 128 567 1170 770">
     <span class='ocr_line' id='line_1_2' title="bbox 128 567 1170 659; baseline 0.007 -20"><span class='ocrx_word' id='word_1_9' title='bbox 128 569 163 639; x_wconf 92' lang='lat' dir='ltr'><strong>in</strong></span> <span class='ocrx_word' id='word_1_10' title='bbox 179 568 391 640; x_wconf 61' lang='lat' dir='ltr'><strong>celeberrime</strong></span> <span class='ocrx_word' id='word_1_11' title='bbox 404 567 460 638; x_wconf 79' lang='lat' dir='ltr'><strong>illa</strong></span> <span class='ocrx_word' id='word_1_12' title='bbox 475 571 590 641; x_wconf 74' lang='lat' dir='ltr'><strong>contra</strong></span> <span class='ocrx_word' id='word_1_13' title='bbox 609 567 779 639; x_wconf 78' lang='lat' dir='ltr'><strong>lulianum</strong></span> <span class='ocrx_word' id='word_1_14' title='bbox 794 570 958 659; x_wconf 85' lang='lat' dir='ltr'><strong>oratione,</strong></span> <span class='ocrx_word' id='word_1_15' title='bbox 975 573 1033 643; x_wconf 92' lang='lat' dir='ltr'><strong>ubi</strong></span> <span class='ocrx_word' id='word_1_16' title='bbox 1044 574 1089 644; x_wconf 92' lang='lat' dir='ltr'><strong>sic</strong></span> <span class='ocrx_word' id='word_1_17' title='bbox 1109 573 1170 646; x_wconf 84' lang='lat' dir='ltr'><strong>de-</strong></span> 
     </span>
     <span class='ocr_line' id='line_1_3' title="bbox 128 674 882 770; baseline 0.001 -24"><span class='ocrx_word' id='word_1_18' title='bbox 128 690 239 770; x_wconf 87' lang='lat' dir='ltr'><strong>ceptos</strong></span> <span class='ocrx_word' id='word_1_19' title='bbox 250 677 293 746; x_wconf 92' lang='lat' dir='ltr'><strong>ah</strong></span> <span class='ocrx_word' id='word_1_20' title='bbox 308 701 347 748; x_wconf 89' lang='lat' dir='ltr'><strong>eo</strong></span> <span class='ocrx_word' id='word_1_21' title='bbox 362 675 483 746; x_wconf 89' lang='lat' dir='ltr'><strong>milites</strong></span> <span class='ocrx_word' id='word_1_22' title='bbox 495 674 616 746; x_wconf 89' lang='lat' dir='ltr'><strong>refert:</strong></span> <span class='ocrx_word' id='word_1_23' title='bbox 876 761 882 770; x_wconf 22' lang='lat'>⁸</span> 
     </span>
    </p>

    <p class='ocr_par' dir='ltr' id='par_1_3' title="bbox 126 781 1180 1520">
     <span class='ocr_line' id='line_1_4' title="bbox 174 781 1172 880; baseline 0.012 -29"><span class='ocrx_word' id='word_1_24' title='bbox 174 813 191 852; x_wconf 89' lang='lat'>«</span> <span class='ocrx_word' id='word_1_25' title='bbox 209 789 270 856; x_wconf 89' lang='lat' dir='ltr'><strong>ch</strong></span> <span class='ocrx_word' id='word_1_26' title='bbox 283 786 511 858; x_wconf 86' lang='lat' dir='ltr'><strong>Narrationem</strong></span> <span class='ocrx_word' id='word_1_27' title='bbox 525 781 704 876; x_wconf 87' lang='lat' dir='ltr'><strong>quamdam</strong></span> <span class='ocrx_word' id='word_1_28' title='bbox 728 782 935 871; x_wconf 88' lang='lat' dir='ltr'><strong>admisceho,</strong></span> <span class='ocrx_word' id='word_1_29' title='bbox 950 788 1172 880; x_wconf 88' lang='lat' dir='ltr'><strong>superioribus</strong></span> 
     </span>
     <span class='ocr_line' id='line_1_5' title="bbox 127 885 1174 992; baseline 0.005 -30"><span class='ocrx_word' id='word_1_30' title='bbox 127 893 302 964; x_wconf 76' lang='lat' dir='ltr'>tristiorem</span> <span class='ocrx_word' id='word_1_31' title='bbox 315 907 349 962; x_wconf 89' lang='lat' dir='ltr'><strong>et</strong></span> <span class='ocrx_word' id='word_1_32' title='bbox 363 885 642 961; x_wconf 83' lang='lat' dir='ltr'><strong>miserabiliorem.</strong></span> <span class='ocrx_word' id='word_1_33' title='bbox 658 893 784 970; x_wconf 82' lang='lat' dir='ltr'><strong>Ferunt</strong></span> <span class='ocrx_word' id='word_1_34' title='bbox 799 890 960 984; x_wconf 92' lang='lat' dir='ltr'><strong>quosdam</strong></span> <span class='ocrx_word' id='word_1_35' title='bbox 975 915 1101 982; x_wconf 88' lang='lat' dir='ltr'><strong>eorum,</strong></span> <span class='ocrx_word' id='word_1_36' title='bbox 1115 899 1174 992; x_wconf 90' lang='lat' dir='ltr'><strong>qui</strong></span> 
     </span>
     <span class='ocr_line' id='line_1_6' title="bbox 128 996 1175 1098; baseline 0.005 -29"><span class='ocrx_word' id='word_1_37' title='bbox 128 1024 187 1092; x_wconf 91' lang='lat' dir='ltr'><strong>per</strong></span> <span class='ocrx_word' id='word_1_38' title='bbox 201 1001 444 1094; x_wconf 84' lang='lat' dir='ltr'><strong>ignorationem</strong></span> <span class='ocrx_word' id='word_1_39' title='bbox 460 1000 548 1091; x_wconf 91' lang='lat' dir='ltr'><strong>capti</strong></span> <span class='ocrx_word' id='word_1_40' title='bbox 563 1022 601 1068; x_wconf 94' lang='lat' dir='ltr'><strong>ac</strong></span> <span class='ocrx_word' id='word_1_41' title='bbox 616 997 831 1069; x_wconf 82' lang='lat' dir='ltr'><strong>circumventi</strong></span> <span class='ocrx_word' id='word_1_42' title='bbox 847 996 996 1088; x_wconf 84' lang='lat' dir='ltr'><strong>fuerant,</strong></span> <span class='ocrx_word' id='word_1_43' title='bbox 1015 1007 1175 1098; x_wconf 73' lang='lat' dir='ltr'><strong>posquam</strong></span> 
     </span>
     <span class='ocr_line' id='line_1_7' title="bbox 128 1103 1175 1198; baseline 0.005 -23"><span class='ocrx_word' id='word_1_44' title='bbox 128 1109 298 1177; x_wconf 69' lang='lat' dir='ltr'><strong>contracta</strong></span> <span class='ocrx_word' id='word_1_45' title='bbox 312 1108 375 1175; x_wconf 68' lang='lat' dir='ltr'><strong>hac</strong></span> <span class='ocrx_word' id='word_1_46' title='bbox 390 1103 574 1174; x_wconf 81' lang='lat' dir='ltr'><strong>calamitate</strong></span> <span class='ocrx_word' id='word_1_47' title='bbox 588 1103 725 1172; x_wconf 93' lang='lat' dir='ltr'><strong>domum</strong></span> <span class='ocrx_word' id='word_1_48' title='bbox 740 1126 775 1172; x_wconf 92' lang='lat' dir='ltr'><strong>se</strong></span> <span class='ocrx_word' id='word_1_49' title='bbox 789 1105 997 1198; x_wconf 80' lang='lat' dir='ltr'><strong>recepissent,</strong></span> <span class='ocrx_word' id='word_1_50' title='bbox 1017 1111 1175 1180; x_wconf 72' lang='lat' dir='ltr'><strong>unacum</strong></span> 
     </span>
     <span class='ocr_line' id='line_1_8' title="bbox 129 1207 1173 1305; baseline 0.002 -21"><span class='ocrx_word' id='word_1_51' title='bbox 129 1207 426 1284; x_wconf 80' lang='lat' dir='ltr'><strong>contubernalibus</strong></span> <span class='ocrx_word' id='word_1_52' title='bbox 451 1210 517 1280; x_wconf 90' lang='lat' dir='ltr'><strong>suis</strong></span> <span class='ocrx_word' id='word_1_53' title='bbox 540 1209 582 1280; x_wconf 87' lang='lat' dir='ltr'><strong>ad</strong></span> <span class='ocrx_word' id='word_1_54' title='bbox 604 1233 749 1279; x_wconf 89' lang='lat' dir='ltr'><strong>mensam</strong></span> <span class='ocrx_word' id='word_1_55' title='bbox 775 1209 965 1282; x_wconf 89' lang='lat' dir='ltr'><strong>accubuisse</strong></span> <span class='ocrx_word' id='word_1_56' title='bbox 992 1244 999 1284; x_wconf 93' lang='lat'>:</span> <span class='ocrx_word' id='word_1_57' title='bbox 1029 1215 1173 1305; x_wconf 74' lang='lat' dir='ltr'><strong>deinde,</strong></span> 
     </span>
     <span class='ocr_line' id='line_1_9' title="bbox 126 1316 1180 1420; baseline 0.004 -30"><span class='ocrx_word' id='word_1_58' title='bbox 126 1321 210 1415; x_wconf 82' lang='lat' dir='ltr'><strong>cirm</strong></span> <span class='ocrx_word' id='word_1_59' title='bbox 220 1317 410 1392; x_wconf 89' lang='lat' dir='ltr'><strong>convivium</strong></span> <span class='ocrx_word' id='word_1_60' title='bbox 428 1319 469 1388; x_wconf 93' lang='lat' dir='ltr'><strong>ad</strong></span> <span class='ocrx_word' id='word_1_61' title='bbox 484 1332 673 1388; x_wconf 88' lang='lat' dir='ltr'><strong>consuetam</strong></span> <span class='ocrx_word' id='word_1_62' title='bbox 688 1316 799 1410; x_wconf 84' lang='lat' dir='ltr'><strong>frigidi</strong></span> <span class='ocrx_word' id='word_1_63' title='bbox 810 1319 877 1386; x_wconf 90' lang='lat' dir='ltr'><strong>vini</strong></span> <span class='ocrx_word' id='word_1_64' title='bbox 888 1323 1091 1412; x_wconf 86' lang='lat' dir='ltr'><strong>potationem</strong></span> <span class='ocrx_word' id='word_1_65' title='bbox 1104 1349 1180 1420; x_wconf 90' lang='lat' dir='ltr'><strong>pro·</strong></span> 
     </span>
     <span class='ocr_line' id='line_1_10' title="bbox 130 1415 1178 1520; baseline 0.007 -21"><span class='ocrx_word' id='word_1_66' title='bbox 130 1429 291 1515; x_wconf 87' lang='lat' dir='ltr'><strong>cessisset,</strong></span> <span class='ocrx_word' id='word_1_67' title='bbox 309 1451 376 1498; x_wconf 93' lang='lat' dir='ltr'><strong>non</strong></span> <span class='ocrx_word' id='word_1_68' title='bbox 391 1425 481 1496; x_wconf 79' lang='lat' dir='ltr'><strong>secus</strong></span> <span class='ocrx_word' id='word_1_69' title='bbox 498 1450 535 1496; x_wconf 91' lang='lat' dir='ltr'><strong>ac</strong></span> <span class='ocrx_word' id='word_1_70' title='bbox 550 1428 577 1496; x_wconf 90' lang='lat' dir='ltr'><strong>si</strong></span> <span class='ocrx_word' id='word_1_71' title='bbox 585 1415 678 1496; x_wconf 52' lang='lat' dir='ltr'><strong>xnihil</strong></span> <span class='ocrx_word' id='word_1_72' title='bbox 698 1426 827 1518; x_wconf 85' lang='lat' dir='ltr'><strong>gravius</strong></span> <span class='ocrx_word' id='word_1_73' title='bbox 839 1427 915 1520; x_wconf 90' lang='lat' dir='ltr'><strong>ipsis</strong></span> <span class='ocrx_word' id='word_1_74' title='bbox 933 1431 1120 1520; x_wconf 88' lang='lat' dir='ltr'><strong>accidisset,</strong></span> <span class='ocrx_word' id='word_1_75' title='bbox 1139 1459 1178 1506; x_wconf 82' lang='lat' dir='ltr'><strong>ac</strong></span> 
     </span>
    </p>
   </div>
   <div class='ocr_carea' id='block_1_3' title="bbox 131 1530 1277 1624">
    <p class='ocr_par' dir='ltr' id='par_1_4' title="bbox 131 1530 1277 1624">
     <span class='ocr_line' id='line_1_11' title="bbox 131 1530 1277 1624; baseline 0.005 -21"><span class='ocrx_word' id='word_1_76' title='bbox 131 1534 256 1603; x_wconf 87' lang='lat' dir='ltr'><strong>meraci</strong></span> <span class='ocrx_word' id='word_1_77' title='bbox 270 1533 336 1603; x_wconf 88' lang='lat' dir='ltr'><strong>vini</strong></span> <span class='ocrx_word' id='word_1_78' title='bbox 352 1531 529 1624; x_wconf 89' lang='lat' dir='ltr'><strong>poculum,</strong></span> <span class='ocrx_word' id='word_1_79' title='bbox 546 1531 682 1602; x_wconf 89' lang='lat' dir='ltr'><strong>sublatis</strong></span> <span class='ocrx_word' id='word_1_80' title='bbox 698 1532 734 1600; x_wconf 91' lang='lat' dir='ltr'><strong>iu</strong></span> <span class='ocrx_word' id='word_1_81' title='bbox 750 1530 855 1600; x_wconf 91' lang='lat' dir='ltr'><strong>altum</strong></span> <span class='ocrx_word' id='word_1_82' title='bbox 871 1533 990 1622; x_wconf 91' lang='lat' dir='ltr'><strong>oculis,</strong></span> <span class='ocrx_word' id='word_1_83' title='bbox 1008 1539 1183 1610; x_wconf 60' lang='lat' dir='ltr'><strong>Christum⁴</strong></span> <span class='ocrx_word' id='word_1_84' title='bbox 1272 1605 1277 1616; x_wconf 87' lang='grc'>,</span> 
     </span>
    </p>
   </div>
   <div class='ocr_carea' id='block_1_4' title="bbox 130 1635 1226 3014">
    <p class='ocr_par' dir='ltr' id='par_1_5' title="bbox 130 1635 1226 3014">
     <span class='ocr_line' id='line_1_12' title="bbox 132 1635 1176 1731; baseline 0.006 -21"><span class='ocrx_word' id='word_1_85' title='bbox 132 1664 212 1710; x_wconf 89' lang='lat' dir='ltr'><strong>cum</strong></span> <span class='ocrx_word' id='word_1_86' title='bbox 234 1639 338 1709; x_wconf 90' lang='lat' dir='ltr'><strong>crucis</strong></span> <span class='ocrx_word' id='word_1_87' title='bbox 357 1639 456 1730; x_wconf 86' lang='lat' dir='ltr'><strong>¹siguo</strong></span> <span class='ocrx_word' id='word_1_88' title='bbox 481 1635 671 1730; x_wconf 70' lang='lat' dir='ltr'><strong>appellasse.</strong></span> <span class='ocrx_word' id='word_1_89' title='bbox 697 1637 848 1731; x_wconf 77' lang='lat' dir='ltr'><strong>Cumque</strong></span> <span class='ocrx_word' id='word_1_90' title='bbox 871 1643 1176 1716; x_wconf 88' lang='lat' dir='ltr'><strong>conturbernalium</strong></span> 
     </span>
     <span class='ocr_line' id='line_1_13' title="bbox 130 1742 1178 1839; baseline 0.01 -25"><span class='ocrx_word' id='word_1_91' title='bbox 130 1746 269 1839; x_wconf 92' lang='lat' dir='ltr'><strong>quidam</strong></span> <span class='ocrx_word' id='word_1_92' title='bbox 299 1743 334 1814; x_wconf 93' lang='lat' dir='ltr'><strong>id</strong></span> <span class='ocrx_word' id='word_1_93' title='bbox 356 1747 491 1814; x_wconf 89' lang='lat' dir='ltr'><strong>miratus</strong></span> <span class='ocrx_word' id='word_1_94' title='bbox 515 1743 652 1831; x_wconf 78' lang='lat' dir='ltr'><strong>luisset,</strong></span> <span class='ocrx_word' id='word_1_95' title='bbox 670 1742 867 1836; x_wconf 81' lang='lat' dir='ltr'><strong>dixissetque</strong></span> <span class='ocrx_word' id='word_1_96' title='bbox 891 1775 898 1814; x_wconf 94' lang='lat'><strong>:</strong></span> <span class='ocrx_word' id='word_1_97' title='bbox 923 1747 1089 1828; x_wconf 91' lang='lat' dir='ltr'><strong>Quidnam</strong></span> <span class='ocrx_word' id='word_1_98' title='bbox 1114 1753 1178 1825; x_wconf 93' lang='lat' dir='ltr'><strong>hoc</strong></span> 
     </span>
     <span class='ocr_line' id='line_1_14' title="bbox 130 1849 1226 1950; baseline -0.005 -30"><span class='ocrx_word' id='word_1_99' title='bbox 130 1854 213 1920; x_wconf 77' lang='lat' dir='ltr'><strong>est?</strong></span> <span class='ocrx_word' id='word_1_100' title='bbox 240 1851 408 1921; x_wconf 84' lang='lat' dir='ltr'><strong>Christum</strong></span> <span class='ocrx_word' id='word_1_101' title='bbox 433 1863 509 1942; x_wconf 90' lang='lat' dir='ltr'><strong>post</strong></span> <span class='ocrx_word' id='word_1_102' title='bbox 538 1849 777 1942; x_wconf 89' lang='lat' dir='ltr'><strong>abjurationem</strong></span> <span class='ocrx_word' id='word_1_103' title='bbox 802 1850 988 1921; x_wconf 79' lang='lat' dir='ltr'><strong>invocatis?</strong></span> <span class='ocrx_word' id='word_1_104' title='bbox 1009 1855 1086 1950; x_wconf 89' lang='lat' dir='ltr'><strong>Illos</strong></span> <span class='ocrx_word' id='word_1_105' title='bbox 1110 1875 1178 1931; x_wconf 87' lang='lat' dir='ltr'><strong>sta.</strong></span> <span class='ocrx_word' id='word_1_106' title='bbox 1224 1897 1226 1900; x_wconf 90' lang='lat'>-</span> 
     </span>
     <span class='ocr_line' id='line_1_15' title="bbox 130 1942 1179 2044; baseline 0.01 -16"><span class='ocrx_word' id='word_1_107' title='bbox 130 1959 207 2044; x_wconf 89' lang='lat' dir='ltr'><strong>tim,</strong></span> <span class='ocrx_word' id='word_1_108' title='bbox 225 1942 276 2028; x_wconf 89' lang='lat' dir='ltr'><strong>his</strong></span> <span class='ocrx_word' id='word_1_109' title='bbox 291 1957 398 2026; x_wconf 87' lang='lat' dir='ltr'><strong>verbis</strong></span> <span class='ocrx_word' id='word_1_110' title='bbox 414 1957 637 2043; x_wconf 80' lang='lat' dir='ltr'><strong>exanimatos,</strong></span> <span class='ocrx_word' id='word_1_111' title='bbox 664 1953 779 2024; x_wconf 82' lang='lat' dir='ltr'><strong>dixisse</strong></span> <span class='ocrx_word' id='word_1_112' title='bbox 806 1985 813 2026; x_wconf 92' lang='lat'>:</span> <span class='ocrx_word' id='word_1_113' title='bbox 835 1960 910 2040; x_wconf 86' lang='lat' dir='ltr'><strong>Quo</strong></span> <span class='ocrx_word' id='word_1_114' title='bbox 930 1959 1063 2032; x_wconf 89' lang='lat' dir='ltr'><strong>tandem</strong></span> <span class='ocrx_word' id='word_1_115' title='bbox 1079 1968 1179 2038; x_wconf 91' lang='lat' dir='ltr'><strong>modo</strong></span> 
     </span>
     <span class='ocr_line' id='line_1_16' title="bbox 130 2061 1180 2156; baseline 0.011 -23"><span class='ocrx_word' id='word_1_116' title='bbox 130 2064 387 2156; x_wconf 78' lang='lat' dir='ltr'><strong>abjuravimus?</strong></span> <span class='ocrx_word' id='word_1_117' title='bbox 410 2075 444 2131; x_wconf 90' lang='lat' dir='ltr'><strong>et</strong></span> <span class='ocrx_word' id='word_1_118' title='bbox 465 2061 602 2156; x_wconf 92' lang='lat' dir='ltr'><strong>quinam</strong></span> <span class='ocrx_word' id='word_1_119' title='bbox 624 2062 680 2132; x_wconf 87' lang='lat' dir='ltr'><strong>hic</strong></span> <span class='ocrx_word' id='word_1_120' title='bbox 714 2085 819 2132; x_wconf 90' lang='lat' dir='ltr'><strong>novus</strong></span> <span class='ocrx_word' id='word_1_121' title='bbox 849 2087 955 2136; x_wconf 91' lang='lat' dir='ltr'><strong>sermo</strong></span> <span class='ocrx_word' id='word_1_122' title='bbox 988 2073 1060 2138; x_wconf 66' lang='lat' dir='ltr'><strong>est?</strong></span> <span class='ocrx_word' id='word_1_123' title='bbox 1082 2076 1180 2144; x_wconf 90' lang='lat' dir='ltr'><strong>Hunc</strong></span> 
     </span>
     <span class='ocr_line' id='line_1_17' title="bbox 130 2170 1179 2264; baseline 0.01 -23"><span class='ocrx_word' id='word_1_124' title='bbox 130 2174 213 2242; x_wconf 83' lang='lat' dir='ltr'><strong>verb</strong></span> <span class='ocrx_word' id='word_1_125' title='bbox 239 2171 443 2264; x_wconf 84' lang='lat' dir='ltr'><strong>respondisse</strong></span> <span class='ocrx_word' id='word_1_126' title='bbox 469 2201 477 2240; x_wconf 73' lang='grc' dir='ltr'><strong>ε</strong></span> <span class='ocrx_word' id='word_1_127' title='bbox 505 2171 666 2252; x_wconf 86' lang='lat' dir='ltr'><strong>Quoniam</strong></span> <span class='ocrx_word' id='word_1_128' title='bbox 690 2170 733 2238; x_wconf 89' lang='lat' dir='ltr'><strong>ad</strong></span> <span class='ocrx_word' id='word_1_129' title='bbox 747 2171 857 2262; x_wconf 88' lang='lat' dir='ltr'><strong>ignem</strong></span> <span class='ocrx_word' id='word_1_130' title='bbox 870 2173 947 2243; x_wconf 91' lang='lat' dir='ltr'><strong>thus</strong></span> <span class='ocrx_word' id='word_1_131' title='bbox 967 2175 1179 2256; x_wconf 74' lang='lat' dir='ltr'><strong>adole&#39;vistis:</strong></span> 
     </span>
     <span class='ocr_line' id='line_1_18' title="bbox 130 2273 1179 2376; baseline 0.01 -28"><span class='ocrx_word' id='word_1_132' title='bbox 130 2279 227 2372; x_wconf 90' lang='lat' dir='ltr'><strong>quod</strong></span> <span class='ocrx_word' id='word_1_133' title='bbox 249 2278 336 2346; x_wconf 90' lang='lat' dir='ltr'><strong>idem</strong></span> <span class='ocrx_word' id='word_1_134' title='bbox 362 2290 431 2363; x_wconf 89' lang='lat' dir='ltr'><strong>cst,</strong></span> <span class='ocrx_word' id='word_1_135' title='bbox 459 2276 601 2346; x_wconf 89' lang='lat' dir='ltr'><strong>docebat</strong></span> <span class='ocrx_word' id='word_1_136' title='bbox 623 2273 699 2361; x_wconf 90' lang='lat' dir='ltr'><strong>ille,</strong></span> <span class='ocrx_word' id='word_1_137' title='bbox 724 2300 762 2345; x_wconf 86' lang='lat' dir='ltr'><strong>ac</strong></span> <span class='ocrx_word' id='word_1_138' title='bbox 791 2277 959 2348; x_wconf 84' lang='lat' dir='ltr'><strong>Christum</strong></span> <span class='ocrx_word' id='word_1_139' title='bbox 993 2283 1179 2376; x_wconf 74' lang='lat' dir='ltr'><strong>abnegdsse.</strong></span> 
     </span>
     <span class='ocr_line' id='line_1_19' title="bbox 132 2380 1182 2474; baseline 0.009 -19"><span class='ocrx_word' id='word_1_140' title='bbox 132 2384 222 2455; x_wconf 82' lang='lat' dir='ltr'><strong>Tum</strong></span> <span class='ocrx_word' id='word_1_141' title='bbox 237 2385 316 2454; x_wconf 80' lang='lat' dir='ltr'><strong>verb</strong></span> <span class='ocrx_word' id='word_1_142' title='bbox 336 2381 428 2468; x_wconf 92' lang='lat' dir='ltr'><strong>illos,</strong></span> <span class='ocrx_word' id='word_1_143' title='bbox 446 2380 539 2450; x_wconf 75' lang='lat' dir='ltr'><strong>nulla</strong></span> <span class='ocrx_word' id='word_1_144' title='bbox 563 2381 756 2474; x_wconf 62' lang='lat' dir='ltr'><strong>interpositi</strong></span> <span class='ocrx_word' id='word_1_145' title='bbox 770 2385 883 2470; x_wconf 69' lang='lat' dir='ltr'><strong>mord,</strong></span> <span class='ocrx_word' id='word_1_146' title='bbox 909 2386 927 2452; x_wconf 79' lang='grc' dir='ltr'><strong>ὲ</strong></span> <span class='ocrx_word' id='word_1_147' title='bbox 946 2390 1097 2461; x_wconf 88' lang='lat' dir='ltr'><strong>convivio</strong></span> <span class='ocrx_word' id='word_1_148' title='bbox 1113 2396 1182 2464; x_wconf 84' lang='lat' dir='ltr'><strong>exi-</strong></span> 
     </span>
     <span class='ocr_line' id='line_1_20' title="bbox 131 2489 1182 2582; baseline 0.01 -20"><span class='ocrx_word' id='word_1_149' title='bbox 131 2493 264 2578; x_wconf 88' lang='lat' dir='ltr'><strong>lientes,</strong></span> <span class='ocrx_word' id='word_1_150' title='bbox 281 2490 374 2562; x_wconf 90' lang='lat' dir='ltr'><strong>velut</strong></span> <span class='ocrx_word' id='word_1_151' title='bbox 387 2489 527 2560; x_wconf 83' lang='lat' dir='ltr'><strong>furiosos</strong></span> <span class='ocrx_word' id='word_1_152' title='bbox 543 2504 576 2559; x_wconf 90' lang='lat' dir='ltr'><strong>et</strong></span> <span class='ocrx_word' id='word_1_153' title='bbox 590 2503 701 2558; x_wconf 87' lang='lat' dir='ltr'><strong>mente</strong></span> <span class='ocrx_word' id='word_1_154' title='bbox 714 2503 827 2582; x_wconf 80' lang='lat' dir='ltr'><strong>captos</strong></span> <span class='ocrx_word' id='word_1_155' title='bbox 840 2543 849 2577; x_wconf 92' lang='lat'><strong>,</strong></span> <span class='ocrx_word' id='word_1_156' title='bbox 864 2515 902 2561; x_wconf 91' lang='lat' dir='ltr'><strong>ac</strong></span> <span class='ocrx_word' id='word_1_157' title='bbox 917 2493 987 2566; x_wconf 88' lang='lat' dir='ltr'><strong>zelo</strong></span> <span class='ocrx_word' id='word_1_158' title='bbox 1002 2510 1036 2566; x_wconf 89' lang='lat' dir='ltr'><strong>et</strong></span> <span class='ocrx_word' id='word_1_159' title='bbox 1050 2499 1182 2574; x_wconf 89' lang='lat' dir='ltr'><strong>iracun-</strong></span> 
     </span>
     <span class='ocr_line' id='line_1_21' title="bbox 132 2593 1179 2690; baseline 0.012 -21"><span class='ocrx_word' id='word_1_160' title='bbox 132 2599 192 2670; x_wconf 77' lang='lat' dir='ltr'><strong>dit</strong></span> <span class='ocrx_word' id='word_1_161' title='bbox 214 2611 405 2683; x_wconf 73' lang='lat' dir='ltr'><strong>aestuanteS,</strong></span> <span class='ocrx_word' id='word_1_162' title='bbox 433 2597 492 2690; x_wconf 88' lang='lat' dir='ltr'><strong>per</strong></span> <span class='ocrx_word' id='word_1_163' title='bbox 515 2594 624 2666; x_wconf 84' lang='lat' dir='ltr'><strong>forum</strong></span> <span class='ocrx_word' id='word_1_164' title='bbox 647 2620 796 2686; x_wconf 88' lang='lat' dir='ltr'><strong>currere,</strong></span> <span class='ocrx_word' id='word_1_165' title='bbox 822 2593 964 2672; x_wconf 91' lang='lat' dir='ltr'><strong>clamare</strong></span> <span class='ocrx_word' id='word_1_166' title='bbox 988 2618 1021 2673; x_wconf 89' lang='lat' dir='ltr'><strong>et</strong></span> <span class='ocrx_word' id='word_1_167' title='bbox 1045 2605 1179 2683; x_wconf 76' lang='lat' dir='ltr'><strong>dicehe:</strong></span> 
     </span>
     <span class='ocr_line' id='line_1_22' title="bbox 133 2703 1183 2791; baseline 0.008 -11"><span class='ocrx_word' id='word_1_168' title='bbox 133 2707 329 2791; x_wconf 87' lang='lat' dir='ltr'><strong>Christiani,</strong></span> <span class='ocrx_word' id='word_1_169' title='bbox 347 2703 515 2776; x_wconf 89' lang='lat' dir='ltr'><strong>christiani</strong></span> <span class='ocrx_word' id='word_1_170' title='bbox 531 2705 640 2774; x_wconf 93' lang='lat' dir='ltr'><strong>animo</strong></span> <span class='ocrx_word' id='word_1_171' title='bbox 656 2728 768 2774; x_wconf 89' lang='lat' dir='ltr'><strong>sumus</strong></span> <span class='ocrx_word' id='word_1_172' title='bbox 785 2735 793 2774; x_wconf 74' lang='grc' dir='ltr'><strong>ε</strong></span> <span class='ocrx_word' id='word_1_173' title='bbox 812 2706 949 2778; x_wconf 88' lang='lat' dir='ltr'><strong>audiant</strong></span> <span class='ocrx_word' id='word_1_174' title='bbox 962 2734 1075 2784; x_wconf 88' lang='lat' dir='ltr'><strong>omues</strong></span> <span class='ocrx_word' id='word_1_175' title='bbox 1092 2741 1183 2788; x_wconf 92' lang='lat' dir='ltr'><strong>mor-</strong></span> 
     </span>
     <span class='ocr_line' id='line_1_23' title="bbox 133 2810 1180 2899; baseline 0.011 -16"><span class='ocrx_word' id='word_1_176' title='bbox 133 2813 231 2899; x_wconf 86' lang='lat' dir='ltr'><strong>tales,</strong></span> <span class='ocrx_word' id='word_1_177' title='bbox 252 2827 285 2882; x_wconf 90' lang='lat' dir='ltr'><strong>et</strong></span> <span class='ocrx_word' id='word_1_178' title='bbox 300 2813 377 2882; x_wconf 77' lang='lat' dir='ltr'><strong>ante</strong></span> <span class='ocrx_word' id='word_1_179' title='bbox 393 2833 507 2881; x_wconf 89' lang='lat' dir='ltr'><strong>omnes</strong></span> <span class='ocrx_word' id='word_1_180' title='bbox 523 2814 622 2896; x_wconf 88' lang='lat' dir='ltr'><strong>Deus,</strong></span> <span class='ocrx_word' id='word_1_181' title='bbox 640 2810 694 2880; x_wconf 88' lang='lat' dir='ltr'><strong>cui</strong></span> <span class='ocrx_word' id='word_1_182' title='bbox 717 2823 751 2878; x_wconf 89' lang='lat' dir='ltr'><strong>ct</strong></span> <span class='ocrx_word' id='word_1_183' title='bbox 764 2810 923 2899; x_wconf 82' lang='lat' dir='ltr'><strong>vivimus,</strong></span> <span class='ocrx_word' id='word_1_184' title='bbox 942 2829 975 2884; x_wconf 90' lang='lat' dir='ltr'><strong>et</strong></span> <span class='ocrx_word' id='word_1_185' title='bbox 989 2821 1180 2895; x_wconf 92' lang='lat' dir='ltr'><strong>moriemur.</strong></span> 
     </span>
     <span class='ocr_line' id='line_1_24' title="bbox 134 2915 1183 3014; baseline 0.01 -23"><span class='ocrx_word' id='word_1_186' title='bbox 134 2919 256 2992; x_wconf 88' lang='lat' dir='ltr'><strong>Fidem</strong></span> <span class='ocrx_word' id='word_1_187' title='bbox 271 2919 333 2989; x_wconf 88' lang='lat' dir='ltr'><strong>tibi</strong></span> <span class='ocrx_word' id='word_1_188' title='bbox 348 2915 623 3005; x_wconf 57' lang='lat' dir='ltr'><strong>datam,”Christe</strong></span> <span class='ocrx_word' id='word_1_189' title='bbox 638 2915 791 3004; x_wconf 89' lang='lat' dir='ltr'><strong>salvator,</strong></span> <span class='ocrx_word' id='word_1_190' title='bbox 808 2941 876 2987; x_wconf 91' lang='lat' dir='ltr'><strong>non</strong></span> <span class='ocrx_word' id='word_1_191' title='bbox 897 2917 1055 3014; x_wconf 83' lang='lat' dir='ltr'><strong>fregimus</strong></span> <span class='ocrx_word' id='word_1_192' title='bbox 1075 2957 1083 2998; x_wconf 89' lang='lat'>:</span> <span class='ocrx_word' id='word_1_193' title='bbox 1102 2929 1183 3002; x_wconf 93' lang='lat' dir='ltr'><strong>bea-</strong></span> 
     </span>
    </p>
   </div>
   <div class='ocr_carea' id='block_1_5' title="bbox 135 3015 1242 3132">
    <p class='ocr_par' dir='ltr' id='par_1_6' title="bbox 135 3015 1242 3132">
     <span class='ocr_line' id='line_1_25' title="bbox 135 3015 1242 3132; baseline -0.001 -35"><span class='ocrx_word' id='word_1_194' title='bbox 135 3041 207 3097; x_wconf 89' lang='lat' dir='ltr'><strong>tam</strong></span> <span class='ocrx_word' id='word_1_195' title='bbox 223 3023 459 3096; x_wconf 87' lang='lat' dir='ltr'><strong>consessionem</strong></span> <span class='ocrx_word' id='word_1_196' title='bbox 479 3048 548 3094; x_wconf 94' lang='lat' dir='ltr'><strong>non</strong></span> <span class='ocrx_word' id='word_1_197' title='bbox 569 3023 802 3117; x_wconf 85' lang='lat' dir='ltr'><strong>abjuravimus.</strong></span> <span class='ocrx_word' id='word_1_198' title='bbox 823 3026 856 3096; x_wconf 91' lang='lat' dir='ltr'><strong>Si</strong></span> <span class='ocrx_word' id='word_1_199' title='bbox 875 3027 956 3122; x_wconf 93' lang='lat' dir='ltr'><strong>quid</strong></span> <span class='ocrx_word' id='word_1_200' title='bbox 974 3053 1089 3105; x_wconf 88' lang='lat' dir='ltr'><strong>manus</strong></span> <span class='ocrx_word' id='word_1_201' title='bbox 1105 3061 1185 3132; x_wconf 91' lang='lat' dir='ltr'><strong>pec.</strong></span> <span class='ocrx_word' id='word_1_202' title='bbox 1233 3015 1242 3034; x_wconf 62' lang='lat'>⁸</span> 
     </span>
    </p>
   </div>
   <div class='ocr_carea' id='block_1_6' title="bbox 136 3129 1278 4088">
    <p class='ocr_par' dir='ltr' id='par_1_7' title="bbox 136 3129 1278 4088">
     <span class='ocr_line' id='line_1_26' title="bbox 136 3129 1184 3228; baseline 0.013 -24"><span class='ocrx_word' id='word_1_203' title='bbox 136 3133 244 3219; x_wconf 90' lang='lat' dir='ltr'><strong>cavit,</strong></span> <span class='ocrx_word' id='word_1_204' title='bbox 266 3155 359 3218; x_wconf 84' lang='lat' dir='ltr'><strong>mens</strong></span> <span class='ocrx_word' id='word_1_205' title='bbox 379 3132 467 3201; x_wconf 77' lang='lat' dir='ltr'><strong>certe</strong></span> <span class='ocrx_word' id='word_1_206' title='bbox 487 3129 622 3200; x_wconf 69' lang='lat' dir='ltr'><strong>minime</strong></span> <span class='ocrx_word' id='word_1_207' title='bbox 634 3144 745 3200; x_wconf 91' lang='lat' dir='ltr'><strong>secuta</strong></span> <span class='ocrx_word' id='word_1_208' title='bbox 762 3145 821 3201; x_wconf 88' lang='lat' dir='ltr'><strong>est.</strong></span> <span class='ocrx_word' id='word_1_209' title='bbox 841 3137 1048 3228; x_wconf 88' lang='lat' dir='ltr'><strong>Imperatoris</strong></span> <span class='ocrx_word' id='word_1_210' title='bbox 1065 3143 1184 3219; x_wconf 83' lang='lat' dir='ltr'><strong>fraude</strong></span> 
     </span>
     <span class='ocr_line' id='line_1_27' title="bbox 137 3235 1185 3332; baseline 0.012 -22"><span class='ocrx_word' id='word_1_211' title='bbox 137 3238 368 3322; x_wconf 81' lang='lat' dir='ltr'><strong>circumventi,</strong></span> <span class='ocrx_word' id='word_1_212' title='bbox 385 3259 454 3306; x_wconf 92' lang='lat' dir='ltr'><strong>non</strong></span> <span class='ocrx_word' id='word_1_213' title='bbox 469 3259 549 3306; x_wconf 89' lang='lat' dir='ltr'><strong>auro</strong></span> <span class='ocrx_word' id='word_1_214' title='bbox 564 3235 699 3306; x_wconf 89' lang='lat' dir='ltr'><strong>sauciati</strong></span> <span class='ocrx_word' id='word_1_215' title='bbox 715 3260 838 3305; x_wconf 90' lang='lat' dir='ltr'><strong>sumus.</strong></span> <span class='ocrx_word' id='word_1_216' title='bbox 864 3241 1069 3332; x_wconf 90' lang='lat' dir='ltr'><strong>Impietatem</strong></span> <span class='ocrx_word' id='word_1_217' title='bbox 1091 3255 1185 3323; x_wconf 86' lang='lat' dir='ltr'><strong>exui-</strong></span> 
     </span>
     <span class='ocr_line' id='line_1_28' title="bbox 138 3346 1278 3448; baseline 0.014 -35"><span class='ocrx_word' id='word_1_218' title='bbox 138 3370 225 3416; x_wconf 90' lang='lat' dir='ltr'><strong>mus.</strong></span> <span class='ocrx_word' id='word_1_219' title='bbox 245 3348 318 3414; x_wconf 78' lang='lat' dir='ltr'><strong>me</strong></span> <span class='ocrx_word' id='word_1_220' title='bbox 333 3346 403 3439; x_wconf 71' lang='lat' dir='ltr'><strong>jam</strong></span> <span class='ocrx_word' id='word_1_221' title='bbox 419 3365 534 3413; x_wconf 87' lang='lat' dir='ltr'><strong>cruore</strong></span> <span class='ocrx_word' id='word_1_222' title='bbox 554 3365 746 3434; x_wconf 83' lang='lat' dir='ltr'><strong>purgamur.</strong></span> <span class='ocrx_word' id='word_1_223' title='bbox 761 3346 942 3438; x_wconf 76' lang='lat' dir='ltr'><strong>Posteaque</strong></span> <span class='ocrx_word' id='word_1_224' title='bbox 957 3350 999 3419; x_wconf 85' lang='lat' dir='ltr'><strong>ad</strong></span> <span class='ocrx_word' id='word_1_225' title='bbox 1011 3352 1186 3448; x_wconf 86' lang='lat' dir='ltr'><strong>imperato·</strong></span> <span class='ocrx_word' id='word_1_226' title='bbox 1276 3426 1278 3432; x_wconf 89' lang='grc'>,</span> 
     </span>
     <span class='ocr_line' id='line_1_29' title="bbox 139 3444 1184 3542; baseline 0.014 -20"><span class='ocrx_word' id='word_1_227' title='bbox 139 3476 211 3522; x_wconf 91' lang='lat' dir='ltr'><strong>rem</strong></span> <span class='ocrx_word' id='word_1_228' title='bbox 227 3449 376 3520; x_wconf 89' lang='lat' dir='ltr'><strong>celeriter</strong></span> <span class='ocrx_word' id='word_1_229' title='bbox 391 3444 555 3542; x_wconf 82' lang='lat' dir='ltr'><strong>profectos</strong></span> <span class='ocrx_word' id='word_1_230' title='bbox 572 3461 671 3542; x_wconf 87' lang='lat' dir='ltr'><strong>atque</strong></span> <span class='ocrx_word' id='word_1_231' title='bbox 686 3471 804 3518; x_wconf 92' lang='lat' dir='ltr'><strong>aurum</strong></span> <span class='ocrx_word' id='word_1_232' title='bbox 823 3449 901 3520; x_wconf 88' lang='lat' dir='ltr'><strong>forti</strong></span> <span class='ocrx_word' id='word_1_233' title='bbox 914 3467 948 3522; x_wconf 90' lang='lat' dir='ltr'><strong>ct</strong></span> <span class='ocrx_word' id='word_1_234' title='bbox 965 3469 1099 3532; x_wconf 91' lang='lat' dir='ltr'><strong>strenuo</strong></span> <span class='ocrx_word' id='word_1_235' title='bbox 1111 3467 1184 3535; x_wconf 89' lang='lat' dir='ltr'><strong>ani-</strong></span> 
     </span>
     <span class='ocr_line' id='line_1_30' title="bbox 141 3553 1187 3650; baseline 0.015 -23"><span class='ocrx_word' id='word_1_236' title='bbox 141 3583 196 3627; x_wconf 93' lang='lat' dir='ltr'><strong>mo</strong></span> <span class='ocrx_word' id='word_1_237' title='bbox 211 3555 438 3650; x_wconf 88' lang='lat' dir='ltr'><strong>projicientes,</strong></span> <span class='ocrx_word' id='word_1_238' title='bbox 460 3553 503 3622; x_wconf 93' lang='lat' dir='ltr'><strong>ad</strong></span> <span class='ocrx_word' id='word_1_239' title='bbox 517 3553 608 3623; x_wconf 87' lang='lat' dir='ltr'><strong>hunc</strong></span> <span class='ocrx_word' id='word_1_240' title='bbox 620 3553 756 3624; x_wconf 85' lang='lat' dir='ltr'><strong>modum</strong></span> <span class='ocrx_word' id='word_1_241' title='bbox 770 3553 941 3628; x_wconf 88' lang='lat' dir='ltr'><strong>vociferari</strong></span> <span class='ocrx_word' id='word_1_242' title='bbox 967 3589 975 3630; x_wconf 92' lang='lat'><strong>:</strong></span> <span class='ocrx_word' id='word_1_243' title='bbox 1000 3566 1082 3636; x_wconf 92' lang='lat' dir='ltr'><strong>Non.</strong></span> <span class='ocrx_word' id='word_1_244' title='bbox 1098 3568 1187 3644; x_wconf 89' lang='lat' dir='ltr'><strong>dona</strong></span> 
     </span>
     <span class='ocr_line' id='line_1_31' title="bbox 142 3659 1187 3756; baseline 0.008 -21"><span class='ocrx_word' id='word_1_245' title='bbox 142 3663 346 3756; x_wconf 85' lang='lat' dir='ltr'><strong>accipimus,</strong></span> <span class='ocrx_word' id='word_1_246' title='bbox 362 3663 539 3754; x_wconf 88' lang='lat' dir='ltr'><strong>imperator</strong></span> <span class='ocrx_word' id='word_1_247' title='bbox 562 3660 650 3730; x_wconf 81' lang='lat' dir='ltr'><strong>:sed</strong></span> <span class='ocrx_word' id='word_1_248' title='bbox 671 3675 776 3730; x_wconf 92' lang='lat' dir='ltr'><strong>morte</strong></span> <span class='ocrx_word' id='word_1_249' title='bbox 799 3659 946 3734; x_wconf 91' lang='lat' dir='ltr'><strong>damuati</strong></span> <span class='ocrx_word' id='word_1_250' title='bbox 968 3691 1092 3746; x_wconf 89' lang='lat' dir='ltr'><strong>sumus.</strong></span> <span class='ocrx_word' id='word_1_251' title='bbox 1111 3681 1187 3752; x_wconf 82' lang='lat' dir='ltr'><strong>Non</strong></span> 
     </span>
     <span class='ocr_line' id='line_1_32' title="bbox 141 3765 1189 3859; baseline 0.017 -18"><span class='ocrx_word' id='word_1_252' title='bbox 141 3771 277 3841; x_wconf 92' lang='lat' dir='ltr'><strong>honoris</strong></span> <span class='ocrx_word' id='word_1_253' title='bbox 293 3770 390 3854; x_wconf 73' lang='lat' dir='ltr'><strong>causb</strong></span> <span class='ocrx_word' id='word_1_254' title='bbox 401 3767 519 3854; x_wconf 88' lang='lat' dir='ltr'><strong>vocati,</strong></span> <span class='ocrx_word' id='word_1_255' title='bbox 538 3765 596 3837; x_wconf 89' lang='lat' dir='ltr'><strong>sed</strong></span> <span class='ocrx_word' id='word_1_256' title='bbox 614 3767 792 3859; x_wconf 70' lang='lat' dir='ltr'><strong>ignominizl</strong></span> <span class='ocrx_word' id='word_1_257' title='bbox 807 3773 912 3840; x_wconf 90' lang='lat' dir='ltr'><strong>notati</strong></span> <span class='ocrx_word' id='word_1_258' title='bbox 927 3797 1050 3848; x_wconf 90' lang='lat' dir='ltr'><strong>sumus.</strong></span> <span class='ocrx_word' id='word_1_259' title='bbox 1066 3786 1113 3854; x_wconf 88' lang='lat' dir='ltr'><strong>Da</strong></span> <span class='ocrx_word' id='word_1_260' title='bbox 1125 3787 1189 3858; x_wconf 91' lang='lat' dir='ltr'><strong>hoc</strong></span> 
     </span>
     <span class='ocr_line' id='line_1_33' title="bbox 143 3875 1188 3990; baseline 0.015 -41"><span class='ocrx_word' id='word_1_261' title='bbox 143 3879 344 3951; x_wconf 87' lang='lat' dir='ltr'><strong>beneficium</strong></span> <span class='ocrx_word' id='word_1_262' title='bbox 371 3875 529 3946; x_wconf 91' lang='lat' dir='ltr'><strong>militibus</strong></span> <span class='ocrx_word' id='word_1_263' title='bbox 558 3875 646 3959; x_wconf 89' lang='lat' dir='ltr'><strong>tuis;</strong></span> <span class='ocrx_word' id='word_1_264' title='bbox 671 3877 802 3948; x_wconf 87' lang='lat' dir='ltr'><strong>Christo</strong></span> <span class='ocrx_word' id='word_1_265' title='bbox 825 3903 885 3950; x_wconf 92' lang='lat' dir='ltr'><strong>nos</strong></span> <span class='ocrx_word' id='word_1_266' title='bbox 909 3883 1063 3977; x_wconf 85' lang='lat' dir='ltr'><strong>immola,</strong></span> <span class='ocrx_word' id='word_1_267' title='bbox 1092 3898 1188 3990; x_wconf 89' lang='lat' dir='ltr'><strong>cujus</strong></span> 
     </span>
     <span class='ocr_line' id='line_1_34' title="bbox 145 3982 1190 4088; baseline 0.015 -28"><span class='ocrx_word' id='word_1_268' title='bbox 145 3987 244 4060; x_wconf 84' lang='lat' dir='ltr'><strong>unius</strong></span> <span class='ocrx_word' id='word_1_269' title='bbox 258 3985 397 4080; x_wconf 86' lang='lat' dir='ltr'><strong>imperio</strong></span> <span class='ocrx_word' id='word_1_270' title='bbox 404 3982 607 4078; x_wconf 85' lang='lat' dir='ltr'><strong>subjicimur.</strong></span> <span class='ocrx_word' id='word_1_271' title='bbox 622 3987 738 4076; x_wconf 81' lang='lat' dir='ltr'><strong>Ignem</strong></span> <span class='ocrx_word' id='word_1_272' title='bbox 748 3984 819 4079; x_wconf 87' lang='lat' dir='ltr'><strong>igni</strong></span> <span class='ocrx_word' id='word_1_273' title='bbox 829 3989 972 4083; x_wconf 88' lang='lat' dir='ltr'><strong>repende</strong></span> <span class='ocrx_word' id='word_1_274' title='bbox 984 4025 994 4087; x_wconf 78' lang='lat'>3</span> <span class='ocrx_word' id='word_1_275' title='bbox 1005 4017 1066 4088; x_wconf 89' lang='lat' dir='ltr'><strong>pro</strong></span> <span class='ocrx_word' id='word_1_276' title='bbox 1080 3999 1190 4075; x_wconf 87' lang='lat' dir='ltr'><strong>cinere</strong></span> 
     </span>
    </p>
   </div>
   <div class='ocr_carea' id='block_1_7' title="bbox 0 0 1490 4582">
    <p class='ocr_par' dir='ltr' id='par_1_8' title="bbox 0 0 1490 4582">
     <span class='ocr_line' id='line_1_35' title="bbox 0 0 1490 4582; baseline 0 0"><span class='ocrx_word' id='word_1_277' title='bbox 0 0 1490 4582; x_wconf 95' lang='lat' dir='ltr'><strong> </strong></span> 
     </span>
    </p>
   </div>
  </div>
 </body>
</html>
