2996 4598
244 454 346 501 ctnnr
368 458 419 499 111.
444 455 487 500 ne
509 451 759 500 cunemannus
781 453 824 500 tn
844 453 1113 502 commutamnus.
1160 437 1204 502 47
1259 433 1262 440 ’

185 577 187 584 ’
207 555 344 624 Accedit
358 553 456 624 etiam
471 555 648 646 Augustini
662 555 813 624 nondlnn
825 557 993 643 conrard,
1008 555 1069 627 sed
1081 557 1204 628 huma*
1268 562 1271 568 '

163 661 212 730 nis
229 661 382 732 laudibus
397 663 559 731 inhiantis
574 663 653 750 erge
678 661 812 730 beatum
829 664 1036 734 Ambrosium
1049 687 1204 736 reserem

162 769 223 855 tia,
245 793 345 863 quam
364 768 410 838 itt
429 771 499 862 ipse
514 770 550 837 in
561 766 814 840 confessionum
825 767 917 838 libris
933 771 1128 841 adumbrare
1141 795 1203 843 co-

162 888 258 944 natus
273 890 322 946 est
336 906 344 946 ι
359 901 376 943 a
391 877 476 946 Veni
490 873 717 947 Mediolanum
730 872 775 944 ad
788 875 1000 946 Ambrosium
1012 877 1204 970 episcopum

160 983 196 1051 in
224 984 355 1076 optimis
375 991 494 1053 notum
513 983 587 1055 orbi
612 996 723 1068 terrae,
749 983 842 1074 pium
863 980 1027 1052 cultorem
1041 985 1203 1070 suumn

159 1090 320 1176 Domine,
338 1092 433 1182 cujus
452 1103 535 1158 tnnc
544 1087 673 1182 eloquia
688 1089 820 1158 arenae
831 1088 1063 1162 ministrabant
1073 1090 1205 1184 adipem

159 1193 320 1266 frumenti
333 1197 403 1282 tui,
412 1210 448 1278 et
463 1194 611 1264 letitiam
623 1195 706 1280 olei,
724 1210 758 1266 et
769 1195 912 1267 sobriam
925 1197 994 1266 vini
1008 1197 1209 1272 ebrietatem,

159 1304 287 1397 populo
300 1318 371 1373 tuo.
387 1301 440 1373 Ad
454 1325 529 1371 eum
539 1315 648 1372 autem
658 1301 805 1372 ducebar
816 1303 874 1374 abs
883 1317 918 1372 te
929 1304 1087 1390 nesciens,
1097 1318 1204 1397 utper

160 1433 240 1478 eum
254 1409 302 1478 ad'
313 1423 346 1478 te
364 1410 464 1478 sciens
485 1407 633 1477 ducerer.
653 1409 805 1502 Suscepit
820 1433 874 1480 me
886 1411 1021 1504 paterne
1034 1409 1089 1479 ille
1102 1411 1204 1481 homo

161 1517 242 1602 Dei,
261 1531 293 1584 et
308 1513 604 1607 peregrinationem
625 1537 733 1584 meam
746 1515 822 1586 satis
837 1516 1062 1610 episcopaliter
1075 1516 1199 1587 dilexit.

159 1626 204 1690 Et
227 1645 304 1690 eum
328 1643 438 1690 amare
457 1621 568 1713 cnepi,
592 1621 698 1713 ptlmd
711 1620 848 1715 quidem
864 1643 932 1692 non
948 1625 1106 1716 tanqulm
1122 1621 1204 1693 doc-

159 1738 265 1816 torem
281 1727 370 1812 veri,
384 1727 447 1796 sed
462 1730 622 1820 tanquam
637 1728 803 1798 hominem
821 1728 1002 1822 benignum
1017 1731 1053 1799 in
1073 1731 1139 1800 me.
1159 1733 1204 1800 Et

157 1833 304 1903 studiose
314 1832 489 1902 audiebam
503 1833 725 1925 disputantem
738 1835 773 1902 in
787 1833 924 1926 populo,
935 1856 1004 1904 ιιοιι
1018 1835 1203 1905 intentione

155 1938 225 2032 qul
236 1929 365 2024 debui,
392 1936 451 2007 sed
471 1939 567 2032 quasi
588 1939 758 2032 explorans
772 1941 845 2032 ejus
862 1937 1071 2027 facundiam,
1087 1939 1203 2012 utrum

156 2046 350 2115 conveniret
365 2043 461 2114 famae
472 2067 560 2138 sun,
574 2068 620 2113 an
633 2046 738 2138 major
750 2045 898 2116 minorve
908 2047 1089 2138 proflueret
1100 2049 1202 2141 qula

159 2151 422 2244 praedicabatur,
433 2165 466 2219 et
480 2151 587 2220 verbis
601 2153 672 2243 ejus
684 2151 911 2244 suspendebar
918 2151 1078 2238 intentus,
1090 2171 1204 2226 rerum

160 2271 270 2326 autem
284 2257 469 2327 incuriosus
489 2269 523 2324 et
537 2269 747 2348 contemptor
768 2257 938 2348 astabam3
954 2271 991 2328 et
1012 2257 1204 2329 delectabm

160 2365 328 2433 suavitate
342 2364 518 2440 sermonis,
534 2365 729 2456 quanquam
744 2351 949 2458 eruditioris,
965 2364 1075 2434 minus
1089 2379 1202 2435 tamen

159 2470 382 2540 hilarescentis
408 2483 511 2562 atque
532 2467 708 2540 mulcentis
730 2472 832 2564 quem
855 2471 967 2540 Fausti
990 2485 1080 2559 erat,
1105 2469 1202 2566 quod

160 2579 277 2648 attinet
286 2576 330 2647 ad
343 2575 475 2646 dicendi
484 2575 670 2646 modum.»
680 2577 893 2647 -Audiebat
901 2581 979 2670 ergo
988 2579 1199 2650 Ambrosium

158 2686 394 2778 praedicantem
408 2685 612 2776 Augustinus
627 2685 823 2777 eloquentiae
838 2687 946 2773 causa,
959 2688 1197 2782 Faunumque,

156 2797 255 2886 cujus
265 2791 455 2862 facundiam
466 2813 545 2860 cnm
553 2791 717 2860 Ambrosii
726 2805 893 2882 comparat
903 2794 1119 2880 sermonibus,
1126 2817 1202 2886 per-

155 2912 310 2969 maritent
335 2897 449 2966 audire
467 2896 558 2990 prius
572 2893 754 2965 studuerat.
774 2894 860 2995 Dium
872 2909 983 2964 autem
998 2899 1201 2988 Augustinus

160 3005 383 3092 Ambrosium,
398 3004 480 3074 ditm
496 3003 671 3072 libanium
685 3003 961 3092 chrysostomus,
982 3002 1063 3072 dun
1072 3005 1201 3096 Grego-

159 3113 227 3182 rius
245 3109 435 3202 Theologus
446 3109 660 3203 maureium
672 3162 681 3195 ,
695 3137 712 3176 a
723 3111 778 3180 eui
795 3110 862 3202 regi
871 3111 1071 3204 eloquentiae
1086 3111 1200 3204 regina

161 3240 273 3290 rernm
295 3223 425 3288 ἱὶοιιιιι2
445 3245 462 3282 a
482 3227 627 3286 ‘statuam
643 3215 872 3304 dedicaverat,
896 3215 1002 3310 longis
1028 3219 1202 3290 itineribus

157 3329 316 3414 canensis,
333 3327 481 3420 marique
497 3325 676 3419 aliquandi>
691 3337 857 3416 superato,
870 3325 1038 3415 magistros
1055 3350 1203 3420 quaerere

161 3454 230 3504 non
246 3435 449 3518 abnuerent,
470 3434 544 3526 quis
564 3454 633 3502 non
655 3432 828 3500 miraretur
839 3433 985 3526 juniores
1001 3434 1076 3503 artis
1093 3449 1205 3506 orato-

161 3543 219 3610 riae
235 3558 392 3632 tyrones,
409 3541 464 3612 ιιι
485 3540 597 3632 pnmis
611 3539 756 3609 imbutos
774 3539 854 3608 ndei
868 3540 1056 3633 principiis,
1070 3543 1124 3612 vix
1138 3541 1202 3635 pri·
1264 3605 1267 3612 ,

162 3651 222 3718 mis
237 3650 370 3719 edoctos
387 3648 584 3741 eloquentiae
607 3648 799 3740 praeceptis,
824 3647 879 3720 vix
902 3671 1008 3718 sacros
1024 3647 1066 3718 ad
1081 3671 1200 3736 nnme-

158 3777 238 3826 rum
262 3757 378 3826 Libros
403 3775 571 3824 recensere
600 3777 751 3847 capaces,
778 3756 833 3826 vix
860 3769 1046 3825 sanctorum
1070 3757 1204 3828 nomina

167 3865 300 3932 Petrum
315 3861 473 3962 memorial
495 3860 688 3946 retinentes,
707 3860 761 3937 ιιι
779 3873 961 3930 coaetaneos
977 3875 1120 3934 oratores
1135 3885 1204 3956 prae

201 4001 209 4029 ¹
226 3995 251 4046 S.
265 3996 364 4061 bunut.
377 3989 487 4045 confess.
508 3988 552 4043 lib.
566 4007 593 4056 ι,
605 4006 659 4057 cap.
673 3994 727 4056 un,
739 4006 764 4043 n.
779 3989 820 4042 23.
836 4015 868 4028 -
880 3999 891 4028 ¹
904 3989 952 4044 vit.
966 3993 1066 4059 Gregor.
