2996 4598
263 415 308 478 26
419 425 652 478 tumescas.
674 425 829 492 atuuurr,
854 423 935 476 rus
953 430 1001 492 11,
1024 425 1111 476 auor.
1135 431 1162 476 ι.

262 529 439 602 efficaciter
461 527 672 623 adimpletur.
691 527 925 622 Unusquisque
944 519 1117 600 ductaret
1134 527 1307 600 bonnac-

263 640 375 727 tionis,
384 652 423 714 ,et
437 639 535 709 bonae
548 635 789 730 praedicationis
799 635 923 706 habere
934 633 1035 708 debet
1048 634 1196 706 studium
1207 667 1219 727 3
1230 639 1308 708 nant

265 746 408 817 alterum
431 746 501 816 sinc
521 744 624 817 alt'ero
644 767 713 814 non
733 740 815 813 lacit
838 741 1050 836 perlectum:
1072 739 1131 812 sed
1144 741 1310 836 praecedat

260 841 370 946 justus
384 852 470 921 hene
482 873 590 943 agere,
608 864 648 920 ut
655 862 833 943 ¹sequenter
842 848 943 942 possit
955 848 1041 918 hene
1053 847 1184 940 docere.
1196 851 1310 920 Omnis

264 957 355 1030 utilis
370 957 487 1030 doctor
505 956 659 1051 plebibus
674 953 829 1049 subjectis
853 956 899 1027 itt
919 977 954 1026 se
968 969 1122 1050 praestare
1137 954 1238 1040 debet
1257 969 1310 1026 at-

265 1087 333 1159 que
347 1065 495 1135 insistere
510 1061 683 1150 doctrinae,
696 1077 735 1132 ut
749 1064 876 1156 quantb
891 1061 994 1133 claret
1001 1061 1122 1151 verbo,
1137 1064 1232 1134 tantb
1242 1060 1311 1134 cla-

264 1169 584 1242 rescatetmerit01.
603 1195 620 1234 a

311 1281 404 1346 Item.
420 1279 454 1346 S.
473 1274 670 1345 Laurentius
688 1274 916 1347 Justinianuss
943 1278 1164 1362 «Quantam,
1183 1275 1309 1368 inquit,

268 1381 498 1454 auctoritatem
512 1395 646 1474 praestet
656 1379 816 1452 doctrinae
831 1382 899 1452 vita
908 1380 1085 1451 laudabilis
1099 1396 1135 1452 et
1144 1382 1312 1474 experien-

264 1489 311 1558 tia
326 1487 483 1558 diuturna
497 1489 671 1574 virtutum,
688 1488 834 1566 insinuat
842 1485 960 1579 mundi
970 1488 1140 1558 conversio
1154 1501 1190 1558 et
1199 1511 1313 1558 nurne-

264 1593 379 1694 rositas
402 1604 573 1686 aggregata
600 1589 761 1665 fidelium.
786 1597 862 1666 Non
891 1594 980 1664 enim
1005 1617 1063 1687 per
1088 1593 1311 1688 eloquentiam

264 1699 594 1796 profunditatemque
618 1703 774 1772 humanae
796 1701 961 1788 scientiae,
975 1701 1046 1780 ,sed
1066 1721 1126 1794 per
1150 1701 1312 1772 virtutum

254 1806 428 1902 exempla,
442 1821 671 1901 contemptum
685 1807 840 1880 videlicet
856 1822 1077 1895 terrenorum,
1093 1808 1314 1880 voluntariam

264 1929 507 2010 paupertatem,
522 1915 716 2010 parcitatem
730 1915 849 2002 victfis,
863 1915 1005 1985 vestitam
1020 1913 1218 2003 nuditatem,
1229 1914 1314 1986 tole·

264 2023 774 2114 tantiamtormentorum,etpro
782 2020 887 2090 salute
896 2020 1314 2114 animarumlaborumper-

265 2130 450 2222 pessionem
462 2131 637 2216 assiduam,
649 2129 790 2224 apostoli
804 2129 947 2215 Domini,
961 2152 1228 2224 successoresque
1239 2130 1314 2200 illo·

202 2282 205 2290 -
267 2260 343 2306 rum
359 2235 543 2308 fundavere
562 2237 755 2308 Ecclesiam.
775 2239 859 2310 Sane
880 2236 1166 2329 flagrantissimum
1179 2236 1315 2308 odorem
1401 2268 1422 2280 ‘-

268 2345 446 2416 sanctitatis
462 2346 608 2438 ipsorum
620 2345 720 2438 signis
732 2345 962 2441 sequentibus,
977 2343 1088 2416 divini
1100 2345 1315 2414 nihilominus

267 2466 464 2544 cooperante
473 2451 660 2539 clementia,
669 2453 756 2522 orbis
767 2453 940 2523 universus
951 2450 1137 2520 christianae
1149 2451 1315 2543 religionis
1385 2522 1388 2526 ,

263 2560 347 2652 jugo
366 2557 451 2628 colla
471 2559 612 2648 subegit.
632 2559 753 2628 Parium
769 2556 919 2652 profecto
946 2557 1122 2650 prefuisset
1136 2557 1315 2628 verborum

268 2654 439 2759 phalerata
458 2663 633 2752 facundia,
655 2667 718 2737 nisi
741 2668 776 2736 in
798 2665 1069 2760 praedicatoribus
1089 2667 1211 2736 Christi
1232 2689 1315 2736 cou-

204 2853 208 2861 ,
268 2772 422 2843 currisset
444 2785 478 2842 et
498 2773 577 2844 vita.
603 2776 679 2845 Non
696 2786 808 2842 autem
829 2771 939 2842 minuis
963 2770 1128 2842 aedificant
1150 2772 1317 2844 bonorum

270 2903 409 2974 operum
424 2879 592 2974 exempla,
610 2883 711 2976 quam
726 2881 839 2951 verba.
857 2878 1023 2950 Caeterum
1038 2880 1098 2950 ubi
1114 2881 1317 2951 conveniunt

271 2989 425 3058 sanctitas
444 2988 521 3060 vitae
541 3001 575 3056 et
592 2987 738 3058 veritatis
760 2985 966 3079 praedicatio,
987 2986 1035 3055 ibi
1055 2985 1229 3080 multiplex
1245 2987 1317 3056 ania

271 3119 401 3167 marum
417 3096 576 3165 exuberat
590 3096 735 3174 fructus,
745 3095 967 3180 Quamobrem
977 3097 1180 3190 quicumque
1191 3096 1317 3167 utiliter

271 3203 363 3296 gregi
378 3201 545 3272 dominico
564 3225 702 3296 praeesse
723 3201 904 3288 desiderat,
925 3202 1015 3296 privis
1036 3189 1318 3274 conversationem

246 3385 250 3394 ,
271 3333 364 3382 suam
378 3310 557 3380 virtutibus
572 3325 723 3383 ornatam
737 3311 860 3380 habero
877 3311 1028 3398 studeat,
1045 3312 1158 3408 sicque
1176 3311 1318 3382 verbum

271 3419 331 3489 Dei
345 3439 423 3488 cum
438 3417 530 3488 omni
542 3407 663 3490 fiducid
677 3418 834 3513 loquatur
849 3417 893 3488 ad
903 3417 1036 3512 plebem
1051 3421 1077 3488 ².
1097 3445 1115 3486 u

249 3606 255 3614 ⁸
318 3527 456 3596 Sanctus
471 3524 615 3621 denique
637 3525 824 3596 Bernardus
843 3555 850 3596 :
871 3553 888 3592 v
907 3523 1017 3612 lllius,
1033 3525 1155 3620 inquit,
1174 3523 1318 3596 doctoris

271 3630 372 3702 audio
387 3653 523 3720 vocem,
544 3632 603 3726 qui
617 3631 763 3702 nonsibi
782 3629 956 3723 plausum,
973 3631 1031 3702 sod
1045 3629 1128 3700 mibi
1146 3627 1319 3722 planctum

243 3827 247 3834 ι
272 3751 414 3824 moveat.
433 3737 519 3810 Vere
534 3751 699 3809 turturem
717 3728 868 3824 exhibes,
885 3737 912 3808 si
932 3753 1062 3828 gernere
1081 3735 1221 3826 doceas,
1241 3747 1276 3806 et
1291 3734 1319 3804 si

313 3881 459 3958 mnam.
473 3882 644 3951 napatsent.
664 3881 709 3934 us.
729 3897 837 3952 uam.
853 3880 896 3935 as.
913 3903 947 3920 -
959 3869 972 3923 i
984 3882 1010 3933 s.
1025 3881 1098 3935 nu.
1109 3878 1318 3948 amoma.
1346 3854 1352 3875 “

275 3973 303 4022 et
312 3965 406 4034 teum.
419 3963 512 4036 praelat.
524 3983 581 4037 cap.
593 3982 638 4035 vu,
652 3982 677 4019 n.
692 3979 718 4019 a.
