<?xml version="1.0" encoding="UTF-8"?>
<!DOCTYPE html PUBLIC "-//W3C//DTD XHTML 1.0 Transitional//EN"
    "http://www.w3.org/TR/xhtml1/DTD/xhtml1-transitional.dtd">
<html xmlns="http://www.w3.org/1999/xhtml" xml:lang="en" lang="en">
 <head>
  <title>
</title>
<meta http-equiv="Content-Type" content="text/html;charset=utf-8" />
  <meta name='ocr-system' content='tesseract 3.04.00' />
  <meta name='ocr-capabilities' content='ocr_page ocr_carea ocr_par ocr_line ocrx_word'/>
</head>
<body>
  <div class='ocr_page' id='page_1' title='image "./rhetoricasancto00cailgoog_0408.png"; bbox 0 0 2984 4580; ppageno 0'>
   <div class='ocr_carea' id='block_1_1' title="bbox 240 375 1209 469">
    <p class='ocr_par' dir='ltr' id='par_1_1' title="bbox 240 375 1209 469">
     <span class='ocr_line' id='line_1_1' title="bbox 240 375 1209 469; baseline 0.002 -25"><span class='ocrx_word' id='word_1_1' title='bbox 240 397 340 444; x_wconf 75' lang='lat' dir='ltr'>otrus</span> <span class='ocrx_word' id='word_1_2' title='bbox 363 375 409 444; x_wconf 73' lang='lat' dir='ltr'>vt.</span> <span class='ocrx_word' id='word_1_3' title='bbox 435 401 477 446; x_wconf 76' lang='lat' dir='ltr'>nn</span> <span class='ocrx_word' id='word_1_4' title='bbox 500 399 657 446; x_wconf 72' lang='lat' dir='ltr'>sttruouo</span> <span class='ocrx_word' id='word_1_5' title='bbox 680 399 715 448; x_wconf 85' lang='lat' dir='ltr'>ttt</span> <span class='ocrx_word' id='word_1_6' title='bbox 730 399 939 469; x_wconf 66' lang='lat' dir='ltr'>commonicus</span> <span class='ocrx_word' id='word_1_7' title='bbox 954 393 1120 456; x_wconf 67' lang='lat' dir='ltr'>hotrum.</span> <span class='ocrx_word' id='word_1_8' title='bbox 1148 380 1209 446; x_wconf 76' lang='lat'>411</span> 
     </span>
    </p>
   </div>
   <div class='ocr_carea' id='block_1_2' title="bbox 81 495 1316 3479">
    <p class='ocr_par' dir='ltr' id='par_1_2' title="bbox 81 495 1316 3479">
     <span class='ocr_line' id='line_1_2' title="bbox 172 495 1213 594; baseline 0.004 -24"><span class='ocrx_word' id='word_1_9' title='bbox 172 523 249 594; x_wconf 84' lang='lat' dir='ltr'>quoe</span> <span class='ocrx_word' id='word_1_10' title='bbox 263 499 508 570; x_wconf 87' lang='lat' dir='ltr'>conversatione</span> <span class='ocrx_word' id='word_1_11' title='bbox 518 497 705 590; x_wconf 87' lang='lat' dir='ltr'>profertur.</span> <span class='ocrx_word' id='word_1_12' title='bbox 723 496 794 568; x_wconf 85' lang='lat' dir='ltr'>Etsi</span> <span class='ocrx_word' id='word_1_13' title='bbox 819 495 903 572; x_wconf 92' lang='lat' dir='ltr'>nihil</span> <span class='ocrx_word' id='word_1_14' title='bbox 918 497 1024 585; x_wconf 89' lang='lat' dir='ltr'>dicas,</span> <span class='ocrx_word' id='word_1_15' title='bbox 1041 499 1068 571; x_wconf 91' lang='lat' dir='ltr'>si</span> <span class='ocrx_word' id='word_1_16' title='bbox 1083 500 1213 574; x_wconf 82' lang='lat' dir='ltr'>tanttm</span> 
     </span>
     <span class='ocr_line' id='line_1_3' title="bbox 172 603 1211 696; baseline 0.004 -20"><span class='ocrx_word' id='word_1_17' title='bbox 172 609 295 676; x_wconf 78' lang='lat' dir='ltr'>exease</span> <span class='ocrx_word' id='word_1_18' title='bbox 311 605 458 692; x_wconf 68' lang='lat' dir='ltr'>collecta,</span> <span class='ocrx_word' id='word_1_19' title='bbox 475 619 509 674; x_wconf 92' lang='lat' dir='ltr'>et</span> <span class='ocrx_word' id='word_1_20' title='bbox 524 605 655 674; x_wconf 70' lang='lat' dir='ltr'>externi</span> <span class='ocrx_word' id='word_1_21' title='bbox 667 603 786 695; x_wconf 91' lang='lat' dir='ltr'>specie,</span> <span class='ocrx_word' id='word_1_22' title='bbox 805 617 1050 696; x_wconf 77' lang='lat' dir='ltr'>aspectusoee,</span> <span class='ocrx_word' id='word_1_23' title='bbox 1066 607 1211 696; x_wconf 79' lang='lat' dir='ltr'>incesse,</span> 
     </span>
     <span class='ocr_line' id='line_1_4' title="bbox 171 709 1226 806; baseline 0 -22"><span class='ocrx_word' id='word_1_24' title='bbox 171 729 205 786; x_wconf 89' lang='lat' dir='ltr'>et</span> <span class='ocrx_word' id='word_1_25' title='bbox 228 716 298 786; x_wconf 76' lang='lat' dir='ltr'>tort</span> <span class='ocrx_word' id='word_1_26' title='bbox 326 711 452 806; x_wconf 64' lang='lat' dir='ltr'>relique</span> <span class='ocrx_word' id='word_1_27' title='bbox 472 711 620 784; x_wconf 79' lang='lat' dir='ltr'>nodare</span> <span class='ocrx_word' id='word_1_28' title='bbox 642 709 786 804; x_wconf 88' lang='lat' dir='ltr'>corporis</span> <span class='ocrx_word' id='word_1_29' title='bbox 810 712 1045 803; x_wconf 79' lang='lat' dir='ltr'>compositione</span> <span class='ocrx_word' id='word_1_30' title='bbox 1066 713 1226 800; x_wconf 82' lang='lat' dir='ltr'>lucrum,</span> 
     </span>
     <span class='ocr_line' id='line_1_5' title="bbox 171 815 1222 914; baseline -0.003 -22"><span class='ocrx_word' id='word_1_31' title='bbox 171 820 262 914; x_wconf 92' lang='lat' dir='ltr'>quod</span> <span class='ocrx_word' id='word_1_32' title='bbox 279 821 357 894; x_wconf 83' lang='lat' dir='ltr'>hinc</span> <span class='ocrx_word' id='word_1_33' title='bbox 372 815 520 912; x_wconf 85' lang='lat' dir='ltr'>egressus</span> <span class='ocrx_word' id='word_1_34' title='bbox 535 832 647 892; x_wconf 86' lang='lat' dir='ltr'>tecum</span> <span class='ocrx_word' id='word_1_35' title='bbox 657 816 807 908; x_wconf 87' lang='lat' dir='ltr'>retulisti,</span> <span class='ocrx_word' id='word_1_36' title='bbox 826 817 978 892; x_wconf 87' lang='lat' dir='ltr'>ostendas</span> <span class='ocrx_word' id='word_1_37' title='bbox 1002 819 1192 892; x_wconf 87' lang='lat' dir='ltr'>hominibus</span> <span class='ocrx_word' id='word_1_38' title='bbox 1202 857 1222 910; x_wconf 56' lang='lat'><em>„</em></span> 
     </span>
     <span class='ocr_line' id='line_1_6' title="bbox 160 919 1214 1022; baseline 0.002 -24"><span class='ocrx_word' id='word_1_39' title='bbox 160 919 229 1022; x_wconf 61' lang='lat' dir='ltr'>&#39;qui</span> <span class='ocrx_word' id='word_1_40' title='bbox 244 927 392 1002; x_wconf 88' lang='lat' dir='ltr'>collectae</span> <span class='ocrx_word' id='word_1_41' title='bbox 410 949 479 998; x_wconf 90' lang='lat' dir='ltr'>non</span> <span class='ocrx_word' id='word_1_42' title='bbox 493 925 733 1013; x_wconf 78' lang='lat' dir='ltr'>interfuerunt,</span> <span class='ocrx_word' id='word_1_43' title='bbox 752 923 795 996; x_wconf 82' lang='lat' dir='ltr'>ad</span> <span class='ocrx_word' id='word_1_44' title='bbox 809 925 1070 998; x_wconf 85' lang='lat' dir='ltr'>cohortationem</span> <span class='ocrx_word' id='word_1_45' title='bbox 1085 939 1119 998; x_wconf 92' lang='lat' dir='ltr'>et</span> <span class='ocrx_word' id='word_1_46' title='bbox 1133 951 1214 1000; x_wconf 81' lang='lat' dir='ltr'>con-</span> 
     </span>
     <span class='ocr_line' id='line_1_7' title="bbox 170 1029 1215 1128; baseline -0.005 -24"><span class='ocrx_word' id='word_1_47' title='bbox 170 1033 280 1104; x_wconf 89' lang='lat' dir='ltr'>silium</span> <span class='ocrx_word' id='word_1_48' title='bbox 294 1033 330 1104; x_wconf 92' lang='lat' dir='ltr'>id</span> <span class='ocrx_word' id='word_1_49' title='bbox 345 1033 478 1102; x_wconf 89' lang='lat' dir='ltr'>sufficit.</span> <span class='ocrx_word' id='word_1_50' title='bbox 497 1033 548 1102; x_wconf 89' lang='lat' dir='ltr'>Sic</span> <span class='ocrx_word' id='word_1_51' title='bbox 563 1031 652 1101; x_wconf 90' lang='lat' dir='ltr'>enim</span> <span class='ocrx_word' id='word_1_52' title='bbox 667 1029 776 1122; x_wconf 84' lang='lat' dir='ltr'>egredi</span> <span class='ocrx_word' id='word_1_53' title='bbox 792 1054 852 1100; x_wconf 92' lang='lat' dir='ltr'>nos</span> <span class='ocrx_word' id='word_1_54' title='bbox 866 1032 945 1100; x_wconf 84' lang='lat' dir='ltr'>hinc</span> <span class='ocrx_word' id='word_1_55' title='bbox 960 1045 1102 1124; x_wconf 85' lang='lat' dir='ltr'>oportet,</span> <span class='ocrx_word' id='word_1_56' title='bbox 1120 1034 1215 1128; x_wconf 80' lang='lat' dir='ltr'>quasi</span> 
     </span>
     <span class='ocr_line' id='line_1_8' title="bbox 170 1135 1214 1232; baseline -0.004 -19"><span class='ocrx_word' id='word_1_57' title='bbox 170 1141 319 1214; x_wconf 75' lang='lat' dir='ltr'>essarris</span> <span class='ocrx_word' id='word_1_58' title='bbox 334 1137 458 1228; x_wconf 84' lang='lat' dir='ltr'>adytis,</span> <span class='ocrx_word' id='word_1_59' title='bbox 478 1139 571 1232; x_wconf 82' lang='lat' dir='ltr'>quasi</span> <span class='ocrx_word' id='word_1_60' title='bbox 586 1139 628 1212; x_wconf 91' lang='lat' dir='ltr'>de</span> <span class='ocrx_word' id='word_1_61' title='bbox 647 1137 733 1208; x_wconf 89' lang='lat' dir='ltr'>coelo</span> <span class='ocrx_word' id='word_1_62' title='bbox 751 1135 1128 1232; x_wconf 83' lang='lat' dir='ltr'>delapsos,modestiores</span> <span class='ocrx_word' id='word_1_63' title='bbox 1140 1139 1214 1229; x_wconf 83' lang='lat' dir='ltr'>red-</span> 
     </span>
     <span class='ocr_line' id='line_1_9' title="bbox 154 1238 1214 1340; baseline 0.002 -20"><span class='ocrx_word' id='word_1_64' title='bbox 154 1245 275 1334; x_wconf 87' lang='lat' dir='ltr'>ditos,</span> <span class='ocrx_word' id='word_1_65' title='bbox 293 1244 580 1340; x_wconf 80' lang='lat' dir='ltr'>philosophantes,</span> <span class='ocrx_word' id='word_1_66' title='bbox 594 1238 762 1317; x_wconf 77' lang='lat' dir='ltr'>moderate</span> <span class='ocrx_word' id='word_1_67' title='bbox 778 1265 815 1316; x_wconf 90' lang='lat' dir='ltr'>ac</span> <span class='ocrx_word' id='word_1_68' title='bbox 830 1245 1011 1340; x_wconf 77' lang='lat' dir='ltr'>temperate</span> <span class='ocrx_word' id='word_1_69' title='bbox 1026 1259 1146 1322; x_wconf 84' lang='lat' dir='ltr'>cuncta</span> <span class='ocrx_word' id='word_1_70' title='bbox 1161 1245 1214 1322; x_wconf 80' lang='lat' dir='ltr'>fa-</span> 
     </span>
     <span class='ocr_line' id='line_1_10' title="bbox 142 1348 1216 1444; baseline 0.004 -22"><span class='ocrx_word' id='word_1_71' title='bbox 142 1348 147 1352; x_wconf 73' lang='grc'><strong>’</strong></span> <span class='ocrx_word' id='word_1_72' title='bbox 169 1353 292 1426; x_wconf 83' lang='lat' dir='ltr'>cientes</span> <span class='ocrx_word' id='word_1_73' title='bbox 309 1373 347 1424; x_wconf 86' lang='lat' dir='ltr'>ao</span> <span class='ocrx_word' id='word_1_74' title='bbox 361 1349 529 1444; x_wconf 76' lang='lat' dir='ltr'>dicentes3</span> <span class='ocrx_word' id='word_1_75' title='bbox 546 1363 580 1422; x_wconf 91' lang='lat' dir='ltr'>et</span> <span class='ocrx_word' id='word_1_76' title='bbox 594 1373 677 1426; x_wconf 84' lang='lat' dir='ltr'>uxor</span> <span class='ocrx_word' id='word_1_77' title='bbox 696 1349 852 1424; x_wconf 87' lang='lat' dir='ltr'>meritum</span> <span class='ocrx_word' id='word_1_78' title='bbox 866 1351 886 1424; x_wconf 70' lang='lat' dir='ltr'>a</span> <span class='ocrx_word' id='word_1_79' title='bbox 901 1349 1039 1424; x_wconf 74' lang='lat' dir='ltr'>colecta</span> <span class='ocrx_word' id='word_1_80' title='bbox 1061 1351 1216 1426; x_wconf 88' lang='lat' dir='ltr'>receden-</span> 
     </span>
     <span class='ocr_line' id='line_1_11' title="bbox 169 1455 1215 1554; baseline 0.004 -26"><span class='ocrx_word' id='word_1_81' title='bbox 169 1471 239 1532; x_wconf 90' lang='lat' dir='ltr'>tern</span> <span class='ocrx_word' id='word_1_82' title='bbox 250 1455 378 1542; x_wconf 89' lang='lat' dir='ltr'>videns,</span> <span class='ocrx_word' id='word_1_83' title='bbox 395 1469 429 1528; x_wconf 91' lang='lat' dir='ltr'>et</span> <span class='ocrx_word' id='word_1_84' title='bbox 443 1455 549 1528; x_wconf 86' lang='lat' dir='ltr'>filium</span> <span class='ocrx_word' id='word_1_85' title='bbox 563 1469 668 1554; x_wconf 88' lang='lat' dir='ltr'>pater,</span> <span class='ocrx_word' id='word_1_86' title='bbox 687 1469 721 1528; x_wconf 93' lang='lat' dir='ltr'>et</span> <span class='ocrx_word' id='word_1_87' title='bbox 735 1469 863 1548; x_wconf 86' lang='lat' dir='ltr'>patrem</span> <span class='ocrx_word' id='word_1_88' title='bbox 873 1456 974 1543; x_wconf 87' lang='lat' dir='ltr'>filius,</span> <span class='ocrx_word' id='word_1_89' title='bbox 991 1471 1025 1530; x_wconf 90' lang='lat' dir='ltr'>et</span> <span class='ocrx_word' id='word_1_90' title='bbox 1040 1457 1215 1548; x_wconf 89' lang='lat' dir='ltr'>dominum</span> 
     </span>
     <span class='ocr_line' id='line_1_12' title="bbox 170 1562 1216 1654; baseline 0.006 -20"><span class='ocrx_word' id='word_1_91' title='bbox 170 1586 294 1650; x_wconf 81' lang='lat' dir='ltr'>sertus,</span> <span class='ocrx_word' id='word_1_92' title='bbox 308 1576 342 1636; x_wconf 91' lang='lat' dir='ltr'>et</span> <span class='ocrx_word' id='word_1_93' title='bbox 357 1562 499 1638; x_wconf 88' lang='lat' dir='ltr'>amicum</span> <span class='ocrx_word' id='word_1_94' title='bbox 515 1563 663 1652; x_wconf 86' lang='lat' dir='ltr'>amicus,</span> <span class='ocrx_word' id='word_1_95' title='bbox 675 1576 710 1636; x_wconf 88' lang='lat' dir='ltr'>et</span> <span class='ocrx_word' id='word_1_96' title='bbox 724 1563 894 1645; x_wconf 86' lang='lat' dir='ltr'>inimicum</span> <span class='ocrx_word' id='word_1_97' title='bbox 916 1563 1080 1654; x_wconf 91' lang='lat' dir='ltr'>inimicus,</span> <span class='ocrx_word' id='word_1_98' title='bbox 1101 1589 1216 1642; x_wconf 88' lang='lat' dir='ltr'>omnes</span> 
     </span>
     <span class='ocr_line' id='line_1_13' title="bbox 169 1670 1214 1770; baseline 0.006 -28"><span class='ocrx_word' id='word_1_99' title='bbox 169 1670 320 1768; x_wconf 72' lang='lat' dir='ltr'>utilitatis</span> <span class='ocrx_word' id='word_1_100' title='bbox 334 1693 465 1744; x_wconf 90' lang='lat' dir='ltr'>sensum</span> <span class='ocrx_word' id='word_1_101' title='bbox 481 1671 624 1764; x_wconf 87' lang='lat' dir='ltr'>capiant,</span> <span class='ocrx_word' id='word_1_102' title='bbox 639 1693 742 1766; x_wconf 88' lang='lat' dir='ltr'>quarn</span> <span class='ocrx_word' id='word_1_103' title='bbox 756 1693 798 1744; x_wconf 82' lang='lat' dir='ltr'>ex</span> <span class='ocrx_word' id='word_1_104' title='bbox 807 1671 872 1744; x_wconf 92' lang='lat' dir='ltr'>hoc</span> <span class='ocrx_word' id='word_1_105' title='bbox 886 1677 1053 1744; x_wconf 87' lang='lat' dir='ltr'>conventu</span> <span class='ocrx_word' id='word_1_106' title='bbox 1064 1692 1214 1770; x_wconf 85' lang='lat' dir='ltr'>reporta-</span> 
     </span>
     <span class='ocr_line' id='line_1_14' title="bbox 129 1777 1215 1876; baseline 0.004 -27"><span class='ocrx_word' id='word_1_107' title='bbox 129 1814 133 1818; x_wconf 94' lang='lat'>·</span> <span class='ocrx_word' id='word_1_108' title='bbox 168 1779 276 1849; x_wconf 89' lang='lat' dir='ltr'>vimus</span> <span class='ocrx_word' id='word_1_109' title='bbox 296 1805 304 1852; x_wconf 75' lang='lat' dir='ltr'><strong><em>z</em></strong></span> <span class='ocrx_word' id='word_1_110' title='bbox 322 1777 454 1872; x_wconf 87' lang='lat' dir='ltr'>capient</span> <span class='ocrx_word' id='word_1_111' title='bbox 468 1791 593 1868; x_wconf 87' lang='lat' dir='ltr'>autem,</span> <span class='ocrx_word' id='word_1_112' title='bbox 607 1779 634 1849; x_wconf 91' lang='lat' dir='ltr'>si</span> <span class='ocrx_word' id='word_1_113' title='bbox 647 1777 806 1868; x_wconf 86' lang='lat' dir='ltr'>mitiores,</span> <span class='ocrx_word' id='word_1_114' title='bbox 824 1780 850 1850; x_wconf 90' lang='lat' dir='ltr'>si</span> <span class='ocrx_word' id='word_1_115' title='bbox 866 1779 1087 1876; x_wconf 87' lang='lat' dir='ltr'>patientiores,</span> <span class='ocrx_word' id='word_1_116' title='bbox 1100 1781 1127 1850; x_wconf 90' lang='lat' dir='ltr'>si</span> <span class='ocrx_word' id='word_1_117' title='bbox 1142 1781 1215 1855; x_wconf 89' lang='lat' dir='ltr'>reli·</span> 
     </span>
     <span class='ocr_line' id='line_1_15' title="bbox 168 1882 1215 1984; baseline 0.003 -27"><span class='ocrx_word' id='word_1_118' title='bbox 168 1885 322 1976; x_wconf 86' lang='lat' dir='ltr'>giosiores</span> <span class='ocrx_word' id='word_1_119' title='bbox 339 1907 398 1956; x_wconf 89' lang='lat' dir='ltr'>vos</span> <span class='ocrx_word' id='word_1_120' title='bbox 409 1883 515 1958; x_wconf 86' lang='lat' dir='ltr'>factos</span> <span class='ocrx_word' id='word_1_121' title='bbox 531 1882 805 1960; x_wconf 84' lang='lat' dir='ltr'>animadvertant.</span> <span class='ocrx_word' id='word_1_122' title='bbox 824 1885 941 1980; x_wconf 82' lang='lat' dir='ltr'>Cogita</span> <span class='ocrx_word' id='word_1_123' title='bbox 959 1886 1082 1984; x_wconf 86' lang='lat' dir='ltr'>quibus</span> <span class='ocrx_word' id='word_1_124' title='bbox 1096 1902 1215 1980; x_wconf 88' lang='lat' dir='ltr'>myste-</span> 
     </span>
     <span class='ocr_line' id='line_1_16' title="bbox 167 1989 1276 2092; baseline 0.012 -32"><span class='ocrx_word' id='word_1_125' title='bbox 167 1991 224 2062; x_wconf 90' lang='lat' dir='ltr'>riis</span> <span class='ocrx_word' id='word_1_126' title='bbox 238 1991 394 2064; x_wconf 89' lang='lat' dir='ltr'>interesse</span> <span class='ocrx_word' id='word_1_127' title='bbox 410 1991 471 2062; x_wconf 92' lang='lat' dir='ltr'>tibi</span> <span class='ocrx_word' id='word_1_128' title='bbox 485 1989 602 2064; x_wconf 84' lang='lat' dir='ltr'>datum</span> <span class='ocrx_word' id='word_1_129' title='bbox 618 1990 678 2076; x_wconf 89' lang='lat' dir='ltr'>sit,</span> <span class='ocrx_word' id='word_1_130' title='bbox 693 1991 752 2084; x_wconf 85' lang='lat' dir='ltr'>qui</span> <span class='ocrx_word' id='word_1_131' title='bbox 767 1989 914 2064; x_wconf 85' lang='lat' dir='ltr'>initiatus</span> <span class='ocrx_word' id='word_1_132' title='bbox 932 2015 985 2080; x_wconf 87' lang='lat' dir='ltr'>es,</span> <span class='ocrx_word' id='word_1_133' title='bbox 1003 1997 1081 2068; x_wconf 81' lang='lat' dir='ltr'>cunt</span> <span class='ocrx_word' id='word_1_134' title='bbox 1092 1995 1215 2092; x_wconf 76' lang='lat' dir='ltr'>quibem</span> <span class='ocrx_word' id='word_1_135' title='bbox 1272 2001 1276 2006; x_wconf 84' lang='grc'><strong>’</strong></span> 
     </span>
     <span class='ocr_line' id='line_1_17' title="bbox 170 2095 1214 2196; baseline 0.011 -30"><span class='ocrx_word' id='word_1_136' title='bbox 170 2097 350 2188; x_wconf 88' lang='lat' dir='ltr'>mysticum</span> <span class='ocrx_word' id='word_1_137' title='bbox 364 2095 461 2168; x_wconf 90' lang='lat' dir='ltr'>illum</span> <span class='ocrx_word' id='word_1_138' title='bbox 473 2103 612 2172; x_wconf 84' lang='lat' dir='ltr'>centum</span> <span class='ocrx_word' id='word_1_139' title='bbox 621 2096 762 2188; x_wconf 86' lang='lat' dir='ltr'>offeras,</span> <span class='ocrx_word' id='word_1_140' title='bbox 778 2119 855 2170; x_wconf 91' lang='lat' dir='ltr'>cum</span> <span class='ocrx_word' id='word_1_141' title='bbox 866 2098 988 2196; x_wconf 84' lang='lat' dir='ltr'>quihus</span> <span class='ocrx_word' id='word_1_142' title='bbox 1002 2113 1052 2174; x_wconf 91' lang='lat' dir='ltr'>ter</span> <span class='ocrx_word' id='word_1_143' title='bbox 1064 2114 1214 2177; x_wconf 86' lang='lat' dir='ltr'>sanctum</span> 
     </span>
     <span class='ocr_line' id='line_1_18' title="bbox 166 2203 1278 2303; baseline 0.002 -27"><span class='ocrx_word' id='word_1_144' title='bbox 166 2205 333 2298; x_wconf 87' lang='lat' dir='ltr'>hymnum</span> <span class='ocrx_word' id='word_1_145' title='bbox 354 2206 560 2298; x_wconf 89' lang='lat' dir='ltr'>pronunties.</span> <span class='ocrx_word' id='word_1_146' title='bbox 587 2209 675 2278; x_wconf 87' lang='lat' dir='ltr'>Doce</span> <span class='ocrx_word' id='word_1_147' title='bbox 699 2203 877 2302; x_wconf 80' lang='lat' dir='ltr'>profanos,</span> <span class='ocrx_word' id='word_1_148' title='bbox 910 2219 1022 2282; x_wconf 91' lang='lat' dir='ltr'>tecum</span> <span class='ocrx_word' id='word_1_149' title='bbox 1049 2211 1214 2303; x_wconf 85' lang='lat' dir='ltr'>seraphim</span> <span class='ocrx_word' id='word_1_150' title='bbox 1276 2275 1278 2278; x_wconf 83' lang='lat'>.</span> 
     </span>
     <span class='ocr_line' id='line_1_19' title="bbox 167 2313 1215 2412; baseline 0.009 -29"><span class='ocrx_word' id='word_1_151' title='bbox 167 2313 304 2386; x_wconf 88' lang='lat' dir='ltr'>choreas</span> <span class='ocrx_word' id='word_1_152' title='bbox 319 2314 467 2404; x_wconf 76' lang='lat' dir='ltr'>agitasse,</span> <span class='ocrx_word' id='word_1_153' title='bbox 481 2327 515 2386; x_wconf 93' lang='lat' dir='ltr'>te</span> <span class='ocrx_word' id='word_1_154' title='bbox 530 2314 573 2388; x_wconf 88' lang='lat' dir='ltr'>ad</span> <span class='ocrx_word' id='word_1_155' title='bbox 587 2313 755 2386; x_wconf 89' lang='lat' dir='ltr'>coelestem</span> <span class='ocrx_word' id='word_1_156' title='bbox 766 2313 929 2408; x_wconf 88' lang='lat' dir='ltr'>populum</span> <span class='ocrx_word' id='word_1_157' title='bbox 940 2316 1116 2412; x_wconf 86' lang='lat' dir='ltr'>pertinere,</span> <span class='ocrx_word' id='word_1_158' title='bbox 1130 2332 1164 2392; x_wconf 90' lang='lat' dir='ltr'>te</span> <span class='ocrx_word' id='word_1_159' title='bbox 1179 2319 1215 2392; x_wconf 92' lang='lat' dir='ltr'>in</span> 
     </span>
     <span class='ocr_line' id='line_1_20' title="bbox 167 2418 1316 2516; baseline 0.01 -27"><span class='ocrx_word' id='word_1_160' title='bbox 167 2418 308 2494; x_wconf 88' lang='lat' dir='ltr'>chorum</span> <span class='ocrx_word' id='word_1_161' title='bbox 323 2419 516 2516; x_wconf 80' lang='lat' dir='ltr'>angelorum</span> <span class='ocrx_word' id='word_1_162' title='bbox 540 2421 719 2514; x_wconf 87' lang='lat' dir='ltr'>ascriptum</span> <span class='ocrx_word' id='word_1_163' title='bbox 741 2443 826 2508; x_wconf 82' lang='lat' dir='ltr'>esse,</span> <span class='ocrx_word' id='word_1_164' title='bbox 844 2434 879 2494; x_wconf 90' lang='lat' dir='ltr'>te</span> <span class='ocrx_word' id='word_1_165' title='bbox 893 2442 970 2498; x_wconf 89' lang='lat' dir='ltr'>cnm</span> <span class='ocrx_word' id='word_1_166' title='bbox 987 2423 1128 2500; x_wconf 87' lang='lat' dir='ltr'>Domino</span> <span class='ocrx_word' id='word_1_167' title='bbox 1142 2424 1221 2499; x_wconf 82' lang='lat' dir='ltr'>col--</span> <span class='ocrx_word' id='word_1_168' title='bbox 1313 2479 1316 2489; x_wconf 14' lang='grc' dir='ltr'>χ</span> 
     </span>
     <span class='ocr_line' id='line_1_21' title="bbox 166 2525 1292 2618; baseline 0.012 -24"><span class='ocrx_word' id='word_1_169' title='bbox 166 2525 318 2598; x_wconf 89' lang='lat' dir='ltr'>locutum</span> <span class='ocrx_word' id='word_1_170' title='bbox 338 2549 424 2612; x_wconf 88' lang='lat' dir='ltr'>esse,</span> <span class='ocrx_word' id='word_1_171' title='bbox 447 2540 573 2606; x_wconf 86' lang='lat' dir='ltr'>tecum</span> <span class='ocrx_word' id='word_1_172' title='bbox 584 2527 714 2602; x_wconf 82' lang='lat' dir='ltr'>Christo</span> <span class='ocrx_word' id='word_1_173' title='bbox 726 2549 795 2600; x_wconf 87' lang='lat' dir='ltr'>esse</span> <span class='ocrx_word' id='word_1_174' title='bbox 806 2549 1030 2618; x_wconf 66' lang='lat' dir='ltr'>congressum,</span> <span class='ocrx_word' id='word_1_175' title='bbox 1044 2530 1079 2606; x_wconf 84' lang='lat' dir='ltr'>Si</span> <span class='ocrx_word' id='word_1_176' title='bbox 1093 2553 1154 2604; x_wconf 88' lang='lat' dir='ltr'>uos</span> <span class='ocrx_word' id='word_1_177' title='bbox 1168 2533 1215 2608; x_wconf 72' lang='lat' dir='ltr'>ita</span> <span class='ocrx_word' id='word_1_178' title='bbox 1288 2571 1292 2575; x_wconf 95' lang='lat'>·</span> 
     </span>
     <span class='ocr_line' id='line_1_22' title="bbox 167 2631 1214 2733; baseline 0.01 -31"><span class='ocrx_word' id='word_1_179' title='bbox 167 2632 465 2732; x_wconf 78' lang='lat' dir='ltr'>composuerimus,</span> <span class='ocrx_word' id='word_1_180' title='bbox 482 2631 567 2703; x_wconf 91' lang='lat' dir='ltr'>nihil</span> <span class='ocrx_word' id='word_1_181' title='bbox 586 2633 734 2708; x_wconf 80' lang='lat' dir='ltr'>oratione</span> <span class='ocrx_word' id='word_1_182' title='bbox 749 2643 832 2726; x_wconf 87' lang='lat' dir='ltr'>opus</span> <span class='ocrx_word' id='word_1_183' title='bbox 855 2635 918 2708; x_wconf 83' lang='lat' dir='ltr'>etit</span> <span class='ocrx_word' id='word_1_184' title='bbox 939 2637 1018 2732; x_wconf 69' lang='lat' dir='ltr'>erga</span> <span class='ocrx_word' id='word_1_185' title='bbox 1039 2635 1129 2724; x_wconf 88' lang='lat' dir='ltr'>illos,</span> <span class='ocrx_word' id='word_1_186' title='bbox 1155 2639 1214 2733; x_wconf 85' lang='lat' dir='ltr'>qui</span> 
     </span>
     <span class='ocr_line' id='line_1_23' title="bbox 167 2737 1213 2837; baseline 0.011 -29"><span class='ocrx_word' id='word_1_187' title='bbox 167 2763 239 2810; x_wconf 90' lang='lat' dir='ltr'>non</span> <span class='ocrx_word' id='word_1_188' title='bbox 258 2738 498 2826; x_wconf 72' lang='lat' dir='ltr'>interfuerunt,</span> <span class='ocrx_word' id='word_1_189' title='bbox 513 2737 574 2812; x_wconf 86' lang='lat' dir='ltr'>sed</span> <span class='ocrx_word' id='word_1_190' title='bbox 590 2761 631 2810; x_wconf 81' lang='lat' dir='ltr'>ex</span> <span class='ocrx_word' id='word_1_191' title='bbox 646 2737 798 2834; x_wconf 86' lang='lat' dir='ltr'>prosectu</span> <span class='ocrx_word' id='word_1_192' title='bbox 813 2753 926 2814; x_wconf 87' lang='lat' dir='ltr'>nostm</span> <span class='ocrx_word' id='word_1_193' title='bbox 941 2744 1105 2837; x_wconf 83' lang='lat' dir='ltr'>jacturam</span> <span class='ocrx_word' id='word_1_194' title='bbox 1120 2767 1213 2820; x_wconf 83' lang='lat' dir='ltr'>suam</span> 
     </span>
     <span class='ocr_line' id='line_1_24' title="bbox 168 2841 1214 2938; baseline 0.005 -21"><span class='ocrx_word' id='word_1_195' title='bbox 168 2843 443 2938; x_wconf 82' lang='lat' dir='ltr'>animadvertent,</span> <span class='ocrx_word' id='word_1_196' title='bbox 457 2858 491 2916; x_wconf 88' lang='lat' dir='ltr'>et</span> <span class='ocrx_word' id='word_1_197' title='bbox 505 2841 678 2918; x_wconf 81' lang='lat' dir='ltr'>confestim</span> <span class='ocrx_word' id='word_1_198' title='bbox 693 2859 878 2936; x_wconf 81' lang='lat' dir='ltr'>occurrent,</span> <span class='ocrx_word' id='word_1_199' title='bbox 894 2861 934 2922; x_wconf 89' lang='lat' dir='ltr'>nt</span> <span class='ocrx_word' id='word_1_200' title='bbox 944 2847 1057 2924; x_wconf 88' lang='lat' dir='ltr'>iisdem</span> <span class='ocrx_word' id='word_1_201' title='bbox 1070 2873 1214 2924; x_wconf 88' lang='lat' dir='ltr'>commo·</span> 
     </span>
     <span class='ocr_line' id='line_1_25' title="bbox 167 2949 1214 3052; baseline 0.002 -26"><span class='ocrx_word' id='word_1_202' title='bbox 167 2951 218 3026; x_wconf 89' lang='lat' dir='ltr'>dis</span> <span class='ocrx_word' id='word_1_203' title='bbox 231 2949 455 3046; x_wconf 82' lang='lat' dir='ltr'>perfruantur.</span> <span class='ocrx_word' id='word_1_204' title='bbox 469 2952 555 3028; x_wconf 80' lang='lat' dir='ltr'>cnm</span> <span class='ocrx_word' id='word_1_205' title='bbox 567 2953 656 3024; x_wconf 88' lang='lat' dir='ltr'>enim</span> <span class='ocrx_word' id='word_1_206' title='bbox 668 2954 786 3028; x_wconf 85' lang='lat' dir='ltr'>animae</span> <span class='ocrx_word' id='word_1_207' title='bbox 800 2967 916 3030; x_wconf 82' lang='lat' dir='ltr'>vestrae</span> <span class='ocrx_word' id='word_1_208' title='bbox 931 2953 1214 3052; x_wconf 83' lang='lat' dir='ltr'>pulchritudinem</span> 
     </span>
     <span class='ocr_line' id='line_1_26' title="bbox 81 3057 1213 3153; baseline 0.007 -23"><span class='ocrx_word' id='word_1_209' title='bbox 81 3065 89 3078; x_wconf 86' lang='lat'>&#39;</span> <span class='ocrx_word' id='word_1_210' title='bbox 168 3083 210 3132; x_wconf 82' lang='lat' dir='ltr'>ex</span> <span class='ocrx_word' id='word_1_211' title='bbox 228 3061 305 3153; x_wconf 91' lang='lat' dir='ltr'>ipsis</span> <span class='ocrx_word' id='word_1_212' title='bbox 320 3059 466 3134; x_wconf 88' lang='lat' dir='ltr'>sensibus</span> <span class='ocrx_word' id='word_1_213' title='bbox 479 3057 623 3133; x_wconf 84' lang='lat' dir='ltr'>viderint</span> <span class='ocrx_word' id='word_1_214' title='bbox 643 3059 864 3152; x_wconf 85' lang='lat' dir='ltr'>relucentem,</span> <span class='ocrx_word' id='word_1_215' title='bbox 881 3060 960 3136; x_wconf 77' lang='lat' dir='ltr'>lieet</span> <span class='ocrx_word' id='word_1_216' title='bbox 975 3063 1125 3138; x_wconf 88' lang='lat' dir='ltr'>omnium</span> <span class='ocrx_word' id='word_1_217' title='bbox 1148 3064 1213 3137; x_wconf 91' lang='lat' dir='ltr'>sint</span> 
     </span>
     <span class='ocr_line' id='line_1_27' title="bbox 167 3167 1213 3264; baseline 0.011 -26"><span class='ocrx_word' id='word_1_218' title='bbox 167 3167 396 3264; x_wconf 90' lang='lat' dir='ltr'>stupidissimi,</span> <span class='ocrx_word' id='word_1_219' title='bbox 414 3167 457 3238; x_wconf 89' lang='lat' dir='ltr'>ad</span> <span class='ocrx_word' id='word_1_220' title='bbox 469 3168 683 3262; x_wconf 87' lang='lat' dir='ltr'>cupiditatem</span> <span class='ocrx_word' id='word_1_221' title='bbox 693 3169 803 3244; x_wconf 85' lang='lat' dir='ltr'>eximii</span> <span class='ocrx_word' id='word_1_222' title='bbox 810 3171 910 3244; x_wconf 84' lang='lat' dir='ltr'>vestri</span> <span class='ocrx_word' id='word_1_223' title='bbox 925 3170 1052 3246; x_wconf 86' lang='lat' dir='ltr'>decoris</span> <span class='ocrx_word' id='word_1_224' title='bbox 1059 3172 1213 3250; x_wconf 86' lang='lat' dir='ltr'>exardes-</span> 
     </span>
     <span class='ocr_line' id='line_1_28' title="bbox 168 3272 1214 3370; baseline 0.006 -24"><span class='ocrx_word' id='word_1_225' title='bbox 168 3289 256 3346; x_wconf 89' lang='lat' dir='ltr'>cent.</span> <span class='ocrx_word' id='word_1_226' title='bbox 282 3275 315 3348; x_wconf 86' lang='lat' dir='ltr'>si</span> <span class='ocrx_word' id='word_1_227' title='bbox 343 3274 432 3344; x_wconf 86' lang='lat' dir='ltr'>enim</span> <span class='ocrx_word' id='word_1_228' title='bbox 454 3272 561 3346; x_wconf 80' lang='lat' dir='ltr'>forma</span> <span class='ocrx_word' id='word_1_229' title='bbox 584 3275 731 3370; x_wconf 88' lang='lat' dir='ltr'>corporis</span> <span class='ocrx_word' id='word_1_230' title='bbox 756 3275 876 3348; x_wconf 81' lang='lat' dir='ltr'>excitat</span> <span class='ocrx_word' id='word_1_231' title='bbox 900 3277 1078 3366; x_wconf 83' lang='lat' dir='ltr'>intuentes,</span> <span class='ocrx_word' id='word_1_232' title='bbox 1105 3280 1214 3356; x_wconf 82' lang='lat' dir='ltr'>multo</span> 
     </span>
     <span class='ocr_line' id='line_1_29' title="bbox 167 3377 1211 3479; baseline 0.006 -27"><span class='ocrx_word' id='word_1_233' title='bbox 167 3382 412 3476; x_wconf 70' lang='lat' dir='ltr'>magnanimae</span> <span class='ocrx_word' id='word_1_234' title='bbox 438 3377 653 3474; x_wconf 83' lang='lat' dir='ltr'>pulchritudo</span> <span class='ocrx_word' id='word_1_235' title='bbox 680 3394 897 3478; x_wconf 79' lang='lat' dir='ltr'>spectatorem</span> <span class='ocrx_word' id='word_1_236' title='bbox 926 3397 1035 3479; x_wconf 86' lang='lat' dir='ltr'>potest</span> <span class='ocrx_word' id='word_1_237' title='bbox 1058 3407 1211 3462; x_wconf 89' lang='lat' dir='ltr'>commo-</span> 
     </span>
    </p>
   </div>
   <div class='ocr_carea' id='block_1_3' title="bbox 44 3483 1303 3587">
    <p class='ocr_par' dir='ltr' id='par_1_3' title="bbox 44 3483 1303 3587">
     <span class='ocr_line' id='line_1_30' title="bbox 44 3483 1303 3587; baseline 0 -23"><span class='ocrx_word' id='word_1_238' title='bbox 44 3483 46 3488; x_wconf 60' lang='grc'><strong>’</strong></span> <span class='ocrx_word' id='word_1_239' title='bbox 155 3514 265 3577; x_wconf 56' lang='grc' dir='ltr'>ωε,</span> <span class='ocrx_word' id='word_1_240' title='bbox 284 3505 383 3586; x_wconf 88' lang='lat' dir='ltr'>atque</span> <span class='ocrx_word' id='word_1_241' title='bbox 398 3488 441 3562; x_wconf 86' lang='lat' dir='ltr'>ad</span> <span class='ocrx_word' id='word_1_242' title='bbox 456 3488 594 3560; x_wconf 90' lang='lat' dir='ltr'>similem</span> <span class='ocrx_word' id='word_1_243' title='bbox 609 3487 717 3561; x_wconf 87' lang='lat' dir='ltr'>zelum</span> <span class='ocrx_word' id='word_1_244' title='bbox 735 3490 872 3566; x_wconf 81' lang='lat' dir='ltr'>hortari.</span> <span class='ocrx_word' id='word_1_245' title='bbox 898 3491 1093 3568; x_wconf 86' lang='lat' dir='ltr'>Interiorem</span> <span class='ocrx_word' id='word_1_246' title='bbox 1111 3493 1213 3587; x_wconf 81' lang='lat' dir='ltr'>igitur</span> <span class='ocrx_word' id='word_1_247' title='bbox 1298 3521 1303 3531; x_wconf 91' lang='lat'>·</span> 
     </span>
    </p>
   </div>
   <div class='ocr_carea' id='block_1_4' title="bbox 167 3597 1222 4016">
    <p class='ocr_par' dir='ltr' id='par_1_4' title="bbox 167 3597 1222 4016">
     <span class='ocr_line' id='line_1_31' title="bbox 167 3597 1212 3697; baseline 0.006 -30"><span class='ocrx_word' id='word_1_248' title='bbox 167 3598 337 3668; x_wconf 90' lang='lat' dir='ltr'>hominem</span> <span class='ocrx_word' id='word_1_249' title='bbox 361 3611 512 3672; x_wconf 86' lang='lat' dir='ltr'>nostrum</span> <span class='ocrx_word' id='word_1_250' title='bbox 531 3618 744 3688; x_wconf 82' lang='lat' dir='ltr'>exornemus,</span> <span class='ocrx_word' id='word_1_251' title='bbox 760 3609 935 3683; x_wconf 90' lang='lat' dir='ltr'>eteorum,</span> <span class='ocrx_word' id='word_1_252' title='bbox 954 3621 1029 3697; x_wconf 81' lang='lat' dir='ltr'>quae</span> <span class='ocrx_word' id='word_1_253' title='bbox 1052 3599 1106 3677; x_wconf 82' lang='lat' dir='ltr'>hic</span> <span class='ocrx_word' id='word_1_254' title='bbox 1124 3597 1212 3673; x_wconf 86' lang='lat' dir='ltr'>dicta</span> 
     </span>
     <span class='ocr_line' id='line_1_32' title="bbox 168 3701 1222 3792; baseline 0.003 -16"><span class='ocrx_word' id='word_1_255' title='bbox 168 3703 305 3792; x_wconf 90' lang='lat' dir='ltr'>fuerint,</span> <span class='ocrx_word' id='word_1_256' title='bbox 317 3705 395 3777; x_wconf 88' lang='lat' dir='ltr'>foris</span> <span class='ocrx_word' id='word_1_257' title='bbox 411 3703 642 3777; x_wconf 84' lang='lat' dir='ltr'>recordemur:</span> <span class='ocrx_word' id='word_1_258' title='bbox 656 3701 725 3774; x_wconf 83' lang='lat' dir='ltr'>illic</span> <span class='ocrx_word' id='word_1_259' title='bbox 740 3703 833 3778; x_wconf 92' lang='lat' dir='ltr'>enim·</span> <span class='ocrx_word' id='word_1_260' title='bbox 843 3717 882 3778; x_wconf 91' lang='lat' dir='ltr'>ut</span> <span class='ocrx_word' id='word_1_261' title='bbox 896 3704 1035 3780; x_wconf 79' lang='lat' dir='ltr'>manue</span> <span class='ocrx_word' id='word_1_262' title='bbox 1050 3727 1222 3784; x_wconf 84' lang='lat' dir='ltr'>memores</span> 
     </span>
     <span class='ocr_line' id='line_1_33' title="bbox 168 3808 1211 3912; baseline 0.004 -30"><span class='ocrx_word' id='word_1_263' title='bbox 168 3812 269 3884; x_wconf 91' lang='lat' dir='ltr'>simus</span> <span class='ocrx_word' id='word_1_264' title='bbox 286 3824 415 3904; x_wconf 88' lang='lat' dir='ltr'>tempus</span> <span class='ocrx_word' id='word_1_265' title='bbox 431 3813 546 3904; x_wconf 82' lang='lat' dir='ltr'>exigit,</span> <span class='ocrx_word' id='word_1_266' title='bbox 568 3825 603 3882; x_wconf 90' lang='lat' dir='ltr'>et</span> <span class='ocrx_word' id='word_1_267' title='bbox 619 3808 901 3911; x_wconf 77' lang='lat' dir='ltr'>quemadmodum</span> <span class='ocrx_word' id='word_1_268' title='bbox 921 3809 1155 3912; x_wconf 57' lang='lat' dir='ltr'>adalelmum</span> <span class='ocrx_word' id='word_1_269' title='bbox 1175 3815 1211 3886; x_wconf 91' lang='lat' dir='ltr'>in</span> 
     </span>
     <span class='ocr_line' id='line_1_34' title="bbox 167 3916 1215 4016; baseline 0 -24"><span class='ocrx_word' id='word_1_270' title='bbox 167 3919 318 4014; x_wconf 78' lang='lat' dir='ltr'>pataesrra</span> <span class='ocrx_word' id='word_1_271' title='bbox 333 3916 499 4008; x_wconf 88' lang='lat' dir='ltr'>didicerit,</span> <span class='ocrx_word' id='word_1_272' title='bbox 512 3942 627 3994; x_wconf 89' lang='lat' dir='ltr'>eorum</span> <span class='ocrx_word' id='word_1_273' title='bbox 639 3920 676 3992; x_wconf 90' lang='lat' dir='ltr'>in</span> <span class='ocrx_word' id='word_1_274' title='bbox 687 3919 919 3994; x_wconf 85' lang='lat' dir='ltr'>certaminibus</span> <span class='ocrx_word' id='word_1_275' title='bbox 934 3919 1100 4016; x_wconf 83' lang='lat' dir='ltr'>specimen</span> <span class='ocrx_word' id='word_1_276' title='bbox 1119 3920 1188 3996; x_wconf 91' lang='lat' dir='ltr'>edit</span> <span class='ocrx_word' id='word_1_277' title='bbox 1198 3972 1215 4015; x_wconf 25' lang='grc' dir='ltr'>,Ι</span> 
     </span>
    </p>
   </div>
   <div class='ocr_carea' id='block_1_5' title="bbox 0 0 1496 4580">
    <p class='ocr_par' dir='ltr' id='par_1_5' title="bbox 0 0 1496 4580">
     <span class='ocr_line' id='line_1_35' title="bbox 0 0 1496 4580; baseline 0 1"><span class='ocrx_word' id='word_1_278' title='bbox 0 0 1496 4580; x_wconf 95' lang='lat' dir='ltr'> </span> 
     </span>
    </p>
   </div>
  </div>
 </body>
</html>
