2992 4590
324 421 388 480 atu
480 429 657 478 aaaronrct
681 429 706 474 s.
733 426 883 485 naraon,
908 426 984 472 raas
1008 427 1057 484 n,
1083 422 1166 468 secr.
1193 427 1216 466 ι.

321 536 401 604 sime
416 535 512 602 etiam
529 557 567 601 ex
580 532 718 623 ipsamet
732 527 833 596 modb
850 527 983 594 recitatd
999 523 1188 614 evangelica
1203 536 1261 592 aut
1274 545 1363 614 apos·

322 641 419 714 sobet
430 641 583 724 lectione,
607 639 748 728 incaepta
764 634 960 702 decurrebat
977 631 1091 700 oratio.

367 760 411 815 1⁰.
423 745 565 828 Quidem
578 767 617 811 ex
633 765 753 832 magno
763 738 908 832 quodam
920 738 1107 829 recentique
1119 749 1262 823 eventu,
1280 759 1360 828 qua·

322 855 373 940 tis,
387 866 463 946 post
478 852 606 922 dierum
619 863 743 941 septem
756 845 934 929 silentium,
946 844 1107 937 populum
1121 843 1362 912 antiochenum

321 961 479 1053 arguebat
491 960 755 1047 chrysostomus,
772 953 867 1038 crim,
884 951 1046 1022 subversis
1064 949 1238 1018 Theodosii
1254 948 1361 1036 Magni

320 1066 524 1162 imperatoris
541 1063 750 1154 imaginibus,
769 1061 861 1129 urhis
876 1057 1095 1128 calamitatem
1110 1058 1155 1125 sic
1168 1056 1314 1124 deflebat
1331 1085 1338 1124 :

368 1203 384 1241 ο
409 1172 497 1256 Quid
512 1169 631 1255 dicam,
650 1182 707 1236 aut
722 1167 804 1260 quid
818 1167 955 1258 loquar?
972 1169 1206 1253 Lacrymarum
1222 1185 1375 1254 praesens.

320 1294 461 1371 tempus,
484 1299 552 1346 non
567 1275 743 1344 verborum
761 1302 768 1343 :
785 1271 958 1356 luctuum,
977 1294 1046 1340 ηοη
1062 1261 1250 1338 sermonum
1267 1298 1274 1338 :
1290 1291 1361 1360 pre-

319 1387 468 1470 cationis,
486 1407 554 1453 ηοη
565 1382 743 1452 concionis.
761 1385 863 1448 Tanta
878 1393 1083 1472 patratorum
1094 1393 1142 1446 est
1155 1376 1358 1468 magnitudo,

320 1494 388 1562 tam
406 1486 645 1559 immedicabile
661 1486 796 1568 vulnus,
815 1489 882 1554 tam
899 1499 989 1554 vasta
1005 1483 1117 1577 plaga,
1134 1498 1168 1551 et
1184 1484 1275 1552 omni
1295 1507 1361 1550 me-

319 1596 481 1666 dicamine
496 1585 610 1687 major‘,
628 1607 661 1661 ct
675 1617 818 1684 superno
830 1590 979 1680 indigens
1001 1591 1133 1659 auxilio.
1155 1592 1207 1660 Sic
1223 1591 1312 1658 enim
1331 1603 1361 1656 et

320 1704 398 1787 Job,
413 1702 566 1770 omnibus
580 1700 713 1783 amissis,
729 1699 764 1766 in
778 1699 856 1766 fimo
872 1696 1019 1780 sedebat,
1037 1710 1070 1764 et
1086 1696 1256 1765 audientes
1269 1695 1361 1764 amici

320 1813 542 1893 accesserunt,
559 1809 733 1900 ipsumque
749 1804 866 1896 procul
878 1803 1056 1894 conspicati
1071 1803 1275 1872 disciderunt
1291 1826 1360 1872 ves-

318 1919 472 2002 timenta,
490 1929 524 1984 et
539 1915 600 1983 sibi
615 1897 757 1982 cinerem
776 1900 1018 2003 ins'persdrunt,
1037 1925 1074 1979 et
1085 1912 1297 1979 vehementer
1310 1911 1360 1978 in-

319 2025 482 2114 gemuere.
503 2020 596 2089 Idem
612 2016 818 2087 nuncsacere
834 2018 956 2086 vicinas
968 2040 1081 2086 omnes
1098 2016 1244 2086 civitates
1261 2040 1360 2108 opor·

320 2130 429 2213 tebat,
449 2128 490 2197 ad
507 2127 625 2195 urbem
639 2139 784 2194 nostram
798 2125 910 2194 venire
923 2177 931 2207 ,
946 2139 978 2192 et
995 2148 1070 2216 quac
1088 2123 1275 2194 acciderant
1288 2147 1361 2194 cum

319 2236 410 2308 omni
427 2234 707 2304 commiseratione
725 2233 858 2301 deflere.
878 2232 938 2300 llle
953 2235 988 2300 in
1008 2247 1149 2302 stercore
1165 2247 1247 2302 tunc
1268 2232 1360 2302 sede-

321 2343 390 2428 hat,
404 2343 476 2411 haec
488 2343 524 2408 in
537 2363 657 2430 magno
666 2341 785 2432 laqueo
797 2363 885 2408 nunc
904 2339 1064 2408 considet.
1081 2341 1172 2409 Sicut
1183 2340 1272 2408 enim
1285 2355 1361 2408 tnnc

226 2523 229 2528 Δ
320 2448 472 2520 diabolus
484 2448 518 2516 in
532 2470 655 2537 greges,
671 2460 704 2514 et
715 2460 862 2514 armenta
875 2460 908 2514 et
919 2447 1135 2540 omnemjusti
1148 2447 1362 2516 substantiam

319 2553 443 2637 insiliit,
455 2555 501 2622 sic
514 2576 602 2620 nunc
618 2553 652 2618 in
668 2575 799 2620 omnem
815 2552 978 2620 civitatem
995 2553 1214 2622 debacchatus
1225 2567 1286 2622 est.
1302 2554 1363 2622 Sed

321 2664 407 2728 Deus
424 2673 457 2728 et
480 2673 560 2728 tunc
578 2671 610 2726 et
625 2681 714 2725 nunc
730 2657 876 2748 permisit
898 2686 906 2726 :
930 2671 1010 2726 tunc
1030 2659 1166 2751 quidem
1182 2673 1220 2726 nt
1237 2661 1362 2751 justum

320 2767 491 2838 clariorem
507 2763 658 2834 redderet
674 2763 893 2834 tentationum
910 2765 1137 2856 magnitudine
1158 2789 1271 2835 :nusae
1286 2768 1362 2834 verb

320 2889 359 2945 ut
373 2898 430 2944 vos
451 2873 662 2943 modestiores
684 2895 840 2939 aerumnae
864 2873 962 2965 hujus
986 2872 1212 2961 magnitudine
1233 2872 1359 2954 reddat.

320 2988 402 3053 Date
425 2980 506 3055 mihi
529 2992 567 3046 ut
589 2978 761 3069 praesentia
781 2977 932 3068 lugeam,
951 2979 1110 3046 tacuimus
1127 2979 1195 3047 dies
1217 2993 1359 3071 septem,

226 3158 229 3162 .
320 3091 404 3157 sicut
412 3101 445 3154 et
458 3084 553 3157 amici
566 3083 631 3150 Jo'b
644 3111 651 3150 :
667 3083 836 3150 concedite
850 3085 947 3182 hodie
958 3099 995 3154 ut
1007 3109 1042 3154 os
1057 3086 1210 3178 aperiam,
1228 3101 1262 3156 et
1277 3087 1361 3154 hanc

320 3211 529 3262 communem
544 3187 673 3278 lugeam
689 3188 917 3257 calamitatem.
933 3189 1013 3272 Quis
1026 3193 1121 3260 nobis
1134 3191 1263 3277 invidit,
1283 3193 1360 3261 cha-

322 3297 473 3367 rissimi?
497 3295 569 3388 quis
591 3294 626 3362 in
648 3319 706 3362 nos
729 3294 832 3364 livore
854 3297 1037 3365 commotus
1060 3301 1132 3365 esti
1158 3299 1248 3366 unde
1273 3313 1361 3366 tanta

321 3404 407 3476 facta
428 3415 477 3471 est
500 3401 659 3470 mutatio?
674 3401 761 3470 Nihil
780 3398 887 3470 luerat
906 3405 1017 3472 nostrat
1038 3405 1167 3472 civitate
1187 3405 1361 3474 venerabi·

320 3509 401 3578 lius:
420 3506 501 3576 nihil
518 3530 606 3576 nunc
620 3520 668 3574 est
680 3507 905 3576 miserabilius.
926 3509 1071 3600 Populus
1084 3512 1152 3578 tam
1163 3513 1362 3602 compositus

320 3631 353 3686 et
373 3628 578 3697 mansuetus,
592 3611 683 3682 velut
703 3636 806 3704 equus
823 3615 999 3684 tractabilis
1020 3629 1053 3682 et
1070 3631 1261 3686 mansuetus
1278 3640 1362 3686 sem-

322 3747 379 3813 per
394 3720 629 3790 accersentium
646 3720 796 3787 manibus
817 3723 953 3804 eedem,
975 3725 1109 3814 repente
1127 3724 1256 3794 tanthm
1273 3747 1362 3792 ηηηο

324 3829 415 3896 nobis
432 3825 554 3910 resiliit,
570 3839 606 3893 ut
623 3839 671 3893 tot
681 3825 765 3893 mala
778 3828 902 3911 fecerit,
915 3843 997 3920 quot
1009 3852 1117 3922 neque
1132 3830 1242 3906 dicere
1257 3832 1359 3900 l'as¹.»

360 3965 365 3989 ¹
381 3958 404 4004 S,
416 3953 498 4018 Chrys
514 3953 599 4002 llontil.
615 3971 643 4016 n,
659 3954 688 4002 ad
703 3954 812 4004 Antioch.
825 3972 849 4002 η.
868 3973 889 4002 r.
