2992 4590
198 424 301 471 otrus
324 430 370 472 vr.
388 427 429 470 nn
445 429 601 472 uaruono
624 429 659 470 nr
682 427 889 473 conmortuus
912 425 1079 474 lnnrsrrl.
1105 415 1166 475 211

175 527 223 595 2⁰.
243 525 368 617 Saepihs
391 541 499 595 antem
520 551 559 594 ex
579 526 617 594 iis
637 549 713 617 quae
731 527 928 616 praecedenti
948 527 1096 598 oratione
1115 551 1173 597 ex-

131 631 264 725 planata
276 631 418 716 fuerant,
428 632 581 701 inchoata
592 631 762 699 defluebat
776 633 899 720 oratio,
913 657 1055 725 quorum
1064 657 1174 728 prooe·

131 738 272 807 miorurn
288 735 475 830 exemplum
491 736 641 829 praebens
657 735 910 824 chrysostomus
929 765 937 806 :

179 874 196 911 a
221 845 324 914 Multa
345 842 498 936 quidem,
520 842 646 934 inquit,
669 855 702 909 et
725 841 768 910 de
784 841 896 911 multis
918 843 1009 936 apud
1036 857 1176 912 vestram

133 951 269 1020 disserui
280 951 489 1020 charitatem:
501 949 544 1018 de
553 947 664 1016 multis
676 952 765 1031 verb,
776 948 801 1016 si
814 949 924 1017 omnia
933 949 1025 1018 vobis
1037 948 1177 1018 retinere

133 1057 224 1126 haud
233 1071 280 1126 est
292 1057 399 1142 facilc,
413 1055 498 1123 illud
511 1054 658 1124 omnium
668 1047 808 1122 maixime
821 1077 878 1124 vos
887 1055 1072 1123 meminisse
1086 1077 1177 1145 rogo,

134 1163 227 1256 qubd
249 1163 414 1233 tristitiam
438 1161 533 1229 nobis
554 1165 639 1229 Deus
664 1183 731 1228 non
756 1160 800 1229 ob
829 1157 921 1228 aliud
944 1160 1102 1230 indiderit
1119 1159 1182 1229 nisi

132 1285 271 1364 propter
287 1269 393 1338 solurn
412 1281 601 1360 peccatum,
619 1281 652 1336 et
667 1267 730 1336 hoc
752 1291 811 1358 per
832 1269 935 1360 ipsam
955 1293 1065 1341 rerum
1082 1292 1183 1361 expe-

133 1377 291 1446 rientiam
314 1372 577 1442 manifestaverit.
604 1377 643 1441 ln
658 1374 874 1464 pecuniarum
900 1376 987 1442 enim
1007 1374 1131 1444 mulcti
1151 1389 1186 1446 ct

132 1496 262 1566 morte,
280 1496 313 1550 et
328 1479 540 1570 aegritudine,
564 1494 598 1548 et
613 1479 681 1548 aliis
699 1481 794 1550 nobis
811 1482 1044 1573 ingruentibus
1063 1483 1185 1553 moles-

135 1591 192 1659 tiis
209 1587 356 1656 dolentes
367 1600 400 1654 et
412 1599 598 1671 moerentes,
613 1609 681 1655 non
696 1587 827 1656 tantum
843 1581 968 1656 nullam
986 1588 1184 1660 consolatio·

133 1720 214 1765 nem
235 1695 392 1786 capimus,
411 1694 525 1762 verbm
549 1708 583 1762 et
598 1693 762 1764 molestias
782 1719 940 1786 augemus
964 1725 971 1766 :
991 1698 1025 1765 in
1041 1698 1183 1789 peccatis

134 1804 215 1872 verb
232 1801 258 1869 si
278 1799 447 1870 doleamus
463 1813 496 1869 et
511 1802 758 1886 contristemur,
776 1803 901 1898 peccati
921 1805 1184 1894 magnitudinem

135 1908 338 1992 minuimus,
368 1919 401 1975 et
426 1905 612 2000 quoderat
638 1930 815 1998 magnum,
833 1905 1001 1978 reddimus
1026 1932 1181 2002 parrum;

134 2013 224 2107 saepe
241 2015 319 2083 vcro
333 2026 366 2082 et
381 2011 531 2082 sunditbs
544 2026 653 2082 totum
666 2011 814 2083 delemus
829 2017 853 2083 ¹.
873 2041 890 2080 o

120 2131 126 2141 “
182 2118 344 2212 Eralibt:

187 2256 204 2294 u
228 2225 374 2310 Vidistis,
393 2226 551 2318 superiori
576 2223 756 2310 dominica,
774 2249 918 2318 pugnarn
933 2239 969 2296 et
990 2228 1185 2299 victoriam?

137 2358 283 2429 pugnam
308 2333 443 2427 quidem
468 2331 604 2417 diaboli,
628 2333 799 2402 victoriam
828 2348 937 2402 autem
966 2336 1107 2405 Christi?
1127 2337 1186 2406 vi-

138 2443 231 2514 distis
254 2457 292 2511 ut
308 2442 501 2535 poenitentia
525 2439 732 2525 laudaretur,
750 2453 784 2509 et
798 2438 948 2510 diabolus
964 2441 1093 2535 plagam
1116 2467 1185 2515 non

138 2549 258 2634 ferret,
272 2548 330 2617 sed
343 2548 520 2640 trepidaret
535 2562 569 2615 et
580 2547 746 2616 horreret?
758 2547 846 2630 Quid
860 2549 973 2636 times,
992 2552 1012 2618 ὃ
1033 2551 1181 2639 diabole,

81 2683 87 2692 ’
138 2657 219 2726 dirm
245 2655 439 2748 poenitentia
468 2653 644 2723 laudatur?
664 2654 744 2747 quid
774 2656 898 2745 gemis?
934 2658 1016 2749 quid
1042 2659 1181 2727 horresl

138 2765 258 2835 Meritb
276 2764 369 2847 sane,
392 2762 516 2854 inquit,
534 2783 630 2851 gemo
645 2775 679 2828 et
699 2761 827 2850 allligor
844 2785 990 2852 :magna
1012 2764 1092 2830 mihi
1107 2788 1183 2833 vasa
1230 2797 1233 2805 ¹

139 2870 451 2964 rapuitpoeuitentia
464 2871 537 2938 ista.
554 2873 712 2951 Quaenam
722 2866 777 2935 illa
794 2865 926 2936 tandem
938 2871 951 2936 l
963 2870 1179 2958 Meretricem,

138 2979 371 3063 Publicanum,
390 2983 586 3061 Latronem,
600 2967 845 3066 Blasphemum'.
861 2975 957 3045 Enim
973 2978 1051 3046 verb
1077 2978 1181 3048 multa

137 3111 213 3156 vasa
229 3087 299 3178 ejus
314 3085 383 3152 sine
400 3083 503 3152 dubio
523 3082 632 3174 rapuit
647 3081 860 3173 poenitentia,
876 3096 909 3152 et
924 3085 1026 3176 ipsam
1044 3084 1112 3177 ejus
1129 3103 1180 3154 ar·

139 3217 210 3264 cem
227 3193 368 3277 evertit,
386 3215 423 3260 ac
442 3189 556 3259 lethali
571 3185 708 3258 vulnere
734 3189 817 3257 esta
836 3188 1032 3278 poenitentid
1048 3189 1180 3264 consos-

140 3325 193 3370 sus
205 3305 230 3368 ².
245 3327 261 3364 u

184 3410 232 3476 3⁰.
261 3402 442 3494 Saepissime
458 3425 498 3469 ex
512 3399 651 3492 ipsamet
661 3396 762 3466 modb
777 3396 909 3464 recitati
925 3399 1111 3488 evangelici
1126 3417 1184 3474 aut

143 3513 319 3608 apostolici
327 3511 466 3580 lectione
477 3508 581 3601 prima
594 3504 750 3574 sermonis
762 3503 972 3596 repetebatur
983 3507 1091 3595 origo,
1109 3533 1184 3601 quae

143 3621 276 3715 quidem
302 3618 454 3713 prooemii
477 3615 598 3708 species
620 3614 665 3680 it'a
686 3611 773 3703 apud
794 3625 944 3680 sanctum
962 3615 1182 3704 Augustiuum

144 3727 394 3820 frequentatur,
422 3738 461 3792 ut
487 3720 578 3790 nulla
606 3718 675 3788 fere
691 3717 795 3787 oratio
826 3717 1027 3809 deprehendi
1061 3723 1181 3811 possit,

191 3885 197 3910 '
212 3877 237 3926 S.
251 3874 335 3938 Chrys.
351 3869 437 3922 llomil.
452 3886 495 3931 ru,
506 3868 537 3918 ad
553 3865 701 3918 innocua.
723 3881 744 3912 r.
763 3890 794 3898 —
809 3865 866 3913 Ἰὼ
883 3865 968 3914 llomil.
983 3865 1014 3915 dc
1027 3869 1110 3917 Punit.
1129 3887 1179 3936 reg,

149 3957 240 4009 Achab.
255 3973 279 4007 n.
295 3973 317 4005 r.

1025 4030 1088 4091 lt.
