2992 4574
134 461 158 476 „
227 421 330 470 otrus·
350 427 397 470 ιι.
423 424 465 468 ιιι
487 421 644 468 ιιιιιιοιιο
660 422 696 466 ιιι
717 423 925 468 eonoronmus
939 418 1106 470 ιιιιιιιι.
1136 405 1197 470 881

160 525 293 610 bemus,
311 525 358 594 sic
381 536 415 592 et
435 523 503 614 ojus
520 519 668 592 anxilio:
690 541 728 590 nc
748 521 775 589 si
796 519 949 614 velimus,
974 521 1069 594 facus
1093 523 1201 615 ipsum

101 678 102 682 =
160 631 202 702 ad
218 652 277 701 nos
294 630 495 700 attrahemus
511 629 573 696 ¹.»
759 635 761 644 '

206 743 262 808 16⁰
285 743 487 826 Argumenta
501 758 578 829 quae
589 731 690 826 vulgb
702 733 857 828 dicuntur
872 729 926 803 ud
939 731 1119 804 bominem
1133 758 1201 806 non

159 847 234 914 narb
257 847 292 914 in
316 857 504 912 sanctornm
535 848 670 912 Petrum
695 839 849 933 operibus
873 839 1167 931 deprehenduntur
1191 871 1199 913 ε

159 975 263 1021 unum
287 949 489 1019 adducemus
513 946 701 1040 exemplum
730 969 771 1016 ex
796 943 1117 1037 sancto'lugustiuo
1143 947 1201 1017 dc·

159 1072 367 1152 promptum,
386 1053 444 1150 qui
460 1055 588 1125 diluens
607 1055 781 1146 Porphyrii
796 1054 1015 1145 objectionem
1031 1055 1172 1146 petentis
1191 1085 1199 1126 r
1297 1115 1301 1119 .

162 1165 281 1248 «Quid
293 1173 402 1233 rictum
419 1176 502 1232 esset
514 1163 556 1232 de
572 1163 714 1231 romanis
729 1161 901 1230 animabus
916 1161 971 1230 vel
986 1160 1111 1246 latinis,
1126 1185 1201 1255 quae

159 1273 263 1366 gratis
283 1269 433 1340 nondum
457 1267 659 1338 advenientis
677 1267 798 1338 Christi
819 1265 962 1338 viduatu
977 1283 1076 1353 sunt,
1095 1269 1201 1362 usqud

158 1381 194 1448 in
205 1382 391 1467 Caesnareum
407 1377 557 1468 tempus?
574 1402 589 1439 u
608 1373 654 1444 irt
670 1373 882 1444 ratiocinatur
900 1401 907 1442 :

206 1513 222 1552 u
248 1485 333 1554 Huic
342 1482 556 1576 propositioni
569 1478 801 1572 respondetur,
819 1493 858 1548 ut
873 1479 980 1570 primb
994 1480 1055 1572 ipsi
1068 1480 1199 1568 dicunt,
1315 1567 1317 1570 ¹

158 1591 271 1662 utrum
287 1588 472 1682 profuerint
487 1587 677 1658 hominibus
692 1583 830 1656 deorum
845 1606 980 1656 suorum
999 1610 1106 1672 sacra,
1126 1613 1202 1680 quar¹

158 1711 288 1780 constat
302 1695 398 1766 certis
412 1694 613 1786 temporibus
629 1691 788 1762 instituta.
807 1696 889 1774 Quae
901 1693 927 1760 si
939 1706 1062 1783 negant
1077 1691 1203 1787 aliquid

158 1803 320 1897 profuisse
332 1801 374 1870 ad
394 1800 578 1870 animarum
593 1799 748 1880 salutem,
763 1797 935 1866 nobiscum
951 1821 989 1866 ea
1003 1797 1200 1886 destruunt,

159 1923 194 1978 et
208 1909 277 1978 esse
292 1907 401 1974 inania
419 1906 629 1974 confitentur.
655 1907 721 1974 Nos
742 1899 875 1994 quidem
900 1902 997 1972 etiam
1024 1905 1204 1994 perniciosa

158 2009 400 2099 monstramus}
416 2009 471 2080 sed
489 2009 604 2104 panlm
622 2031 689 2078 uon
705 2020 803 2080 estut
819 2008 878 2100 ipsi
888 2009 1019 2082 interim
1034 2009 1124 2101 pride
1136 2010 1204 2082 ino-

161 2121 217 2188 ni'a
239 2119 417 2188 fateantur.
445 2121 477 2190 Si
492 2121 571 2190 verb
587 2142 623 2188 ea
641 2115 827 2188 defendunt
836 2169 847 2204 ,
865 2133 899 2188 et
921 2119 1084 2211 sapienter
1105 2135 1205 2215 atque

161 2225 289 2296 utiliter
314 2241 461 2294 asserunt
478 2226 643 2310 instituta,
663 2244 776 2318 quaero
790 2226 871 2321 quid
887 2241 997 2305 actum
1015 2229 1055 2298 sit
1075 2227 1117 2298 de
1131 2229 1202 2315 bis,

162 2333 221 2426 qui
237 2333 414 2424 antequam
429 2333 501 2400 boec
516 2331 662 2402 instituta
678 2347 796 2418 essent,
816 2347 922 2404 morte
943 2333 1098 2406 obierunt
1116 2361 1124 2406 t
1142 2335 1204 2404 hdo

162 2439 252 2508 enim
267 2437 383 2529 urique
398 2435 503 2506 salute
517 2451 617 2529 atque
628 2437 768 2508 utilitate
780 2437 923 2510 fraudati
938 2456 1025 2512 sunt.
1046 2439 1079 2510 si
1095 2453 1205 2512 autem

156 2545 345 2638 potuerunt
360 2544 424 2613 alio
439 2541 540 2614 modo
562 2545 712 2635 purgari,
730 2567 790 2614 cur
801 2569 869 2627 non
886 2547 974 2618 idem
996 2547 1115 2618 modus
1130 2571 1206 2639 per-

145 2651 323 2728 severavit
341 2651 377 2718 in
396 2652 562 2741 posteros?
579 2649 667 2731 Quid
689 2674 771 2740 opus
789 2665 858 2720 erat
881 2653 1051 2722 instituere
1067 2653 1205 2724 novitias

164 2758 446 2840 consecrationes,
467 2780 543 2850 quae
566 2755 750 2848 antiquitus
765 2779 834 2826 non
850 2755 1005 2828 fuerunt?
1026 2759 1088 2830 ch
1112 2762 1139 2828 si
1154 2759 1206 2831 di-

165 2879 246 2936 cunt
266 2863 344 2934 deos
360 2863 494 2957 quidem
516 2865 601 2956 ipsos
626 2885 753 2956 semper
772 2863 886 2958 scrisse,
905 2879 938 2934 et
958 2865 1000 2936 ad
1019 2863 1206 2938 liberandos

165 2970 307 3043 cultores
322 2995 397 3041 snos
411 2970 533 3062 pariter
556 2970 681 3064 ubique
704 2969 863 3058 valuisse,
889 2971 946 3067 sed
966 2993 1026 3064 pro
1049 2973 1205 3043 varietate

138 3133 141 3144 ,
165 3101 276 3149 rerum
302 3077 532 3169 temporalium
556 3101 594 3148 uc
619 3085 847 3168 terrentium,
867 3103 942 3172 quae
964 3079 1084 3152 scirent
1109 3079 1205 3152 certis

89 3263 92 3272 ,
165 3187 369 3278 temporibus
384 3184 531 3276 locisque
550 3206 747 3274 congruere,
770 3186 871 3256 iubis
894 3187 971 3258 atits
992 3200 1092 3280 atque
1107 3185 1201 3274 olibo,

166 3290 244 3360 alibi
260 3306 366 3384 atque
382 3289 478 3374 alibi,
496 3288 588 3361 alitor
603 3303 702 3383 atque
717 3289 811 3362 aliter
829 3293 892 3362 sibi
906 3292 1046 3364 voluisse
1063 3293 1202 3378 serviri:

166 3421 225 3466 cur
245 3400 332 3466 hanc
356 3395 570 3490 quaestioncm
586 3396 777 3464 christiana
794 3395 957 3486 Religioni
972 3397 1143 3487 ingerunt,
1169 3398 1206 3472 in

165 3507 231 3598 quel
247 3504 342 3572 nobis
362 3504 422 3594 ipsi
440 3525 498 3594 pro
517 3501 578 3572 diis
597 3502 662 3574 suis
684 3516 741 3573 aut
757 3505 953 3594 respondere
967 3527 1035 3576 non
1049 3518 1202 3596 possunt,

166 3625 224 3678 aut
242 3609 269 3678 si
284 3622 441 3700 possunt,
457 3609 492 3676 in
507 3631 547 3678 eo
562 3608 633 3699 ipso
648 3609 708 3680 sibi
723 3609 821 3680 etiam
834 3633 894 3702 pro
909 3611 1020 3682 nostrl
1035 3610 1205 3699 Religione

164 3716 392 3808 respondent,
423 3716 468 3786 ita
492 3715 574 3785 nibil
601 3715 754 3786 interesse
780 3741 841 3808 pro
865 3717 991 3788 diversd
1019 3731 1205 3810 tempprum
1298 3759 1304 3770 ·

163 3821 381 3914 meorumque
396 3823 627 3912 congruendi,
646 3823 747 3915 quam
766 3821 900 3898 diversis
920 3825 1129 3898 sacramentis
1145 3847 1204 3899 co·

203 3958 212 3986 ¹
230 3953 255 4004 S.
273 3949 356 4014 Chrys.
374 3949 398 4002 iu
410 3948 499 4002 Motu.
514 3950 601 4004 uomit.
614 3961 676 4016 xxti,
693 3967 718 4000 n.
729 3947 763 4016 16.
