2930 4582
214 447 217 451 ’
270 447 332 510 278
417 461 596 512 auuroarot
619 461 645 508 s.
672 462 828 520 ramnum,
854 461 931 506 rans
951 467 997 521 11,
1022 465 1106 508 sucu.
1133 467 1157 508 1.

268 578 359 660 geret
375 564 492 644 beatus
508 563 649 642 Hilarius
661 562 892 653 Pictaviensis3
910 566 976 658 qua
987 563 1109 634 fiducia
1124 565 1307 638 Concilium

266 674 520 747 transmarinum
533 673 647 750 contri
659 669 849 762 Pelagianos
862 671 1035 742 advocaret
1044 687 1174 742 sanctus
1185 678 1310 764 Augus·

266 783 354 866 tinus
366 813 375 872 3
392 781 459 874 qud
473 779 576 850 veluti
589 779 823 850 concordantia
835 794 909 874 post
920 794 1070 850 sanctum
1081 781 1307 870 Athanasium,

267 885 406 962 Consilii
419 889 599 980 praesertim
609 886 735 962 Nicaeni
745 887 786 956 ab
796 887 948 958 omnibus
960 887 1222 957 conclamaretur
1231 913 1309 958 auc·

266 997 391 1066 toritas.
426 993 564 1066 Nullum
589 994 689 1084 igitur
717 1017 884 1086 superesse
907 1009 1015 1085 potest
1040 993 1201 1079 dubium,
1231 997 1312 1088 quin

268 1101 530 1174 orthodoxorum
549 1100 710 1186 omniurn,
725 1113 759 1170 et
768 1100 909 1172 maxime
927 1100 1209 1170 oecumenicorum
1220 1104 1311 1170 Con-

268 1207 438 1292 ciliorum‚
463 1205 663 1279 Tridentinae
689 1221 799 1278 autern
820 1206 969 1300 inprimis
991 1203 1115 1296 Synodi
1138 1206 1270 1276 decreta
1294 1209 1312 1276 d

266 1315 506 1390 Concionatore
527 1313 644 1410 saepius
663 1313 814 1410 usurpari
832 1312 997 1402 debeant3
1015 1313 1183 1406 quomodb
1203 1328 1312 1384 autem

266 1421 476 1514 usurpabunt
490 1419 641 1506 illorum,
665 1443 808 1512 quorum
830 1416 919 1489 forth
938 1442 999 1488 nec
1019 1441 1143 1488 nomen
1164 1442 1226 1494 nec
1249 1443 1312 1488 nu-

266 1553 395 1602 merum
407 1542 623 1620 cognoscunt,
638 1528 850 1600 testimonia?

312 1637 365 1708 Sic
378 1637 476 1730 porrh
487 1633 576 1727 apud
589 1649 739 1706 sanetum
753 1633 914 1704 Hilarium
928 1633 1049 1724 legitur
1064 1629 1106 1702 dc
1119 1633 1313 1704 auctoritate

267 1743 409 1828 Nicaenae
428 1741 552 1832 Synodi
565 1741 787 1812 considentem
806 1770 814 1810 ε
1339 1829 1344 1842 1

315 1849 517 1918 «Videamus
529 1849 629 1940 igitur
644 1849 726 1942 quid
735 1848 868 1918 Nicaena
880 1847 1032 1937 Synodus
1042 1845 1218 1932 studuerit,
1231 1845 1313 1916 Ho-

269 1957 446 2043 mousr'on,
460 1955 496 2026 id
507 1969 567 2040 est,
582 1955 682 2024 unius
694 1955 884 2023 substantiae
901 1949 1106 2023 confitendo:
1121 1977 1190 2022 non
1198 1953 1313 2046 utique

268 2063 419 2133 haeresim
447 2062 624 2154 parturire,
650 2085 725 2154 quae
754 2059 796 2130 de
827 2060 996 2130 Homousii
1020 2061 1136 2130 vitiosi
1162 2061 1313 2154 opinione

269 2171 465 2262 concipitur.
484 2173 557 2240 Non
575 2169 692 2262 opinor
704 2167 788 2238 illud
803 2167 994 2262 loquentur,
1008 2167 1100 2262 quhd
1112 2193 1213 2241 unam
1226 2183 1315 2238 ante·

267 2279 387 2347 riorem
407 2277 623 2347 substantiam
643 2282 738 2346 Pater
761 2291 794 2345 et
814 2275 916 2346 Filius
935 2278 970 2345 in
989 2277 1206 2346 substantiam
1225 2301 1314 2346 suam

267 2385 442 2479 partiendo
454 2385 636 2456 diviserint.
655 2389 698 2454 Et
710 2385 813 2478 ipsam
826 2385 961 2479 quidem
973 2385 1122 2476 religiosh
1134 2385 1207 2454 tirm
1220 2386 1315 2478 scrip

268 2508 336 2584 tam
351 2493 471 2575 fidem,
486 2516 575 2561 nunc
594 2491 729 2584 quoque
744 2489 823 2560 huic
839 2491 981 2560 sermoni
997 2505 1110 2562 nostro
1125 2515 1194 2562 non
1210 2490 1313 2560 irreli-

270 2600 358 2690 giose
371 2599 562 2666 inseremus.

322 2731 339 2769 u
365 2703 537 2776 Credimus
564 2704 598 2772 in
620 2728 727 2774 unum
745 2703 852 2792 Deum
877 2710 1008 2777 Patrem
1032 2699 1312 2799 omnipotentem,

268 2813 418 2884 omnium
435 2809 614 2882 visibilium
630 2827 663 2881 et
678 2811 890 2880 invisibilium
906 2809 1075 2881 faetorem.
1094 2817 1138 2882 Et
1158 2813 1193 2882 in
1210 2837 1314 2884 unum

267 2921 449 2990 Dominum
470 2933 619 2988 nostrum
647 2922 758 2986 lesum
779 2917 947 2988 Christum
962 2919 1084 2987 Filium
1105 2921 1181 3006 Dei,
1200 2935 1314 2989 natum

270 3053 309 3097 ex
339 3034 435 3097 Patre
459 3028 692 3116 unigenitum,
719 3027 783 3095 hoc
807 3042 880 3112 est,
912 3027 954 3095 de
981 3029 1163 3097 substantii
1187 3029 1312 3117 Patris5

269 3139 376 3203 Deum
398 3155 437 3200 ex
460 3137 549 3216 Deo,
575 3131 689 3199 lumen
715 3156 753 3199 ex
768 3130 910 3219 lumine,
928 3139 1032 3202 Deum
1050 3160 1166 3204 verum
1189 3135 1232 3204 de
1249 3141 1313 3205 Deo

268 3262 366 3328 ver03
384 3251 499 3309 natum
519 3262 588 3307 non
607 3235 752 3322 laetum,
773 3239 868 3306 unius
888 3240 1077 3309 substantiae
1098 3266 1175 3311 cum
1199 3248 1310 3326 Patre,

267 3345 359 3442 quod
377 3346 480 3437 graecis
504 3345 620 3415 dicunt
636 3340 877 3434 Homousr'on,
899 3372 1073 3442 perquem
1094 3351 1206 3419 omnia
1226 3350 1312 3419 faeta

266 3468 344 3524 sunt
367 3477 444 3546 quae
463 3451 498 3521 in
520 3451 606 3522 coelo
630 3453 718 3522 etin
742 3454 844 3541 terrai,
863 3455 920 3548 qui
938 3470 1074 3547 propter
1097 3471 1244 3526 nostram
1260 3480 1312 3526 sa-

265 3561 370 3629 lutem
392 3557 584 3644 descendit,
608 3558 795 3628 incarnatus
811 3575 878 3648 est,
901 3575 934 3630 et
948 3563 1049 3632 homo·
1068 3559 1175 3632 factus
1191 3577 1261 3648 est,
1279 3574 1311 3630 et

262 3692 374 3762 passus
392 3682 456 3754 est,
476 3681 509 3736 et
527 3667 701 3737 resurrexit
714 3667 810 3736 tertiat
826 3667 896 3754 die,
915 3684 948 3737 et
968 3669 1114 3738 aseendit
1131 3669 1166 3738 in
1186 3667 1307 3754 coelos,

262 3789 421 3844 venturus
447 3770 595 3866 judicare
627 3773 718 3843 vivos
751 3787 784 3844 et
819 3788 977 3844 mortuos.
1010 3779 1053 3844 Et
1081 3777 1117 3846 in
1148 3777 1307 3870 Spiritum

263 3894 429 3952 sanctum.

305 3989 400 4058 »Eos
411 3999 520 4056 autem
534 3987 593 4080 qui
603 3987 719 4058 dicunt
730 4000 738 4057 ὲ
749 3980 829 4056 Erat
837 3986 972 4082 quandd
984 4011 1052 4058 non
1067 3991 1150 4078 erat,
1161 4003 1195 4060 et
1205 4001 1303 4059 ante·
