2930 4582
260 384 336 448 Ι300
425 389 653 444 1111011118.
678 387 833 460 rtuauu,
857 388 935 442 stas
957 395 1001 457 rr,
1025 371 1117 440 rnen?
1135 394 1160 437 1.

268 503 336 571 tam
347 497 459 568 tenuia
470 497 619 568 membra
633 507 764 588 poterat
771 515 874 564 nexus
889 493 1071 564 includere.
1083 495 1215 565 Novum
1227 515 1313 564 mar-

268 607 345 696 tyrii
361 606 482 696 genus?
499 601 656 674 Nondum
668 599 784 672 idonea
799 624 917 694 paenae,
935 614 968 669 et
980 603 1048 694 jam
1065 613 1195 669 matura
1206 600 1312 672 victo-

267 713 347 782 riae:
366 725 491 782 certare
513 707 665 794 difficilis,
684 705 788 778 facilis
811 706 961 777 coronari
975 736 983 778 1
997 707 1223 798 magisterium
1243 709 1311 778 vir-

266 820 349 890 rutis
364 816 530 910 implevit,
548 839 624 910 quae
643 813 872 909 praejudicium
887 815 1028 885 vehebat
1043 815 1160 884 aetatis.
1174 816 1311 886 Nonsic

267 927 310 996 ad
338 924 520 995 thalamum
545 936 650 1015 nupta
672 935 881 1016 properaret,
901 932 947 991 ut·
959 920 1003 991 ad
1023 919 1175 1014 supplicii
1198 921 1310 992 locum

265 1031 341 1104 laeta
357 1053 528 1116 successu,
547 1029 652 1122 gradu
667 1029 785 1100 festina
795 1030 896 1122 Virgo
912 1031 1085 1124 processit,
1101 1053 1171 1099 non
1186 1031 1310 1100 intorto

144 1223 147 1227 ¹
265 1140 355 1210 crine
371 1151 471 1230 caput
484 1149 635 1228 compta,
654 1135 711 1205 sed
727 1137 857 1206 Christo
874 1165 882 1207 ι
900 1159 970 1205 non
983 1137 1126 1206 flosculis
1143 1135 1307 1222 redimita,

264 1244 322 1314 sed
337 1245 495 1314 moribus.
510 1241 605 1310 Flere
621 1265 746 1328 omncs,
757 1243 826 1335 ipsa
838 1243 907 1313 sine
921 1243 1020 1334 fletu,
1034 1243 1144 1312 mirari
1159 1242 1308 1336 plerique

264 1351 356 1446 qudd
374 1353 442 1421 tam
469 1348 564 1420 facile
587 1345 663 1420 vitae
682 1373 750 1420 suae
773 1350 920 1442 prodiga,
939 1375 1040 1443 quam
1055 1349 1206 1420 nondirrn
1222 1352 1308 1420 hau·-

263 1471 359 1546 serat,
366 1460 435 1552 jam
445 1457 538 1550 quasi
552 1454 724 1547 perfuncta
735 1456 883 1526 donaret.
899 1460 1038 1548 Stupere
1048 1457 1204 1542 universi,
1217 1457 1308 1550 qubd

258 1570 327 1661 jlm
343 1567 521 1639 divinitatis
537 1567 626 1635 testis
648 1567 811 1652 existeret,
832 1590 908 1658 quac
923 1565 1032 1636 adhirc
1048 1567 1171 1636 arbitra
1185 1567 1238 1634 sui
1250 1590 1307 1659 per

262 1685 392 1744 aetatem
414 1697 483 1743 esse
505 1697 574 1742 non
596 1687 745 1765 posset...
761 1677 895 1756 Quanto
910 1679 1033 1750 terrore
1053 1673 1119 1762 egit
1140 1671 1303 1760 carnifex,

177 1818 178 1821 ¹
261 1794 300 1850 ut
321 1780 502 1872 timeretur,
521 1779 652 1872 quantis
668 1777 849 1864 blanditiis,
868 1793 907 1848 ut
921 1779 1084 1864 suaderet,
1104 1793 1305 1872 quantorum

260 1900 338 1960 vota
347 1901 385 1956 ut
395 1887 457 1955 sibi
469 1885 511 1955 ad
530 1887 661 1978 nuptias
680 1887 883 1976 perveniret?
900 1890 944 1956 At
955 1885 1032 1956 illa:
1052 1891 1096 1955 Et
1106 1888 1179 1955 haec
1195 1889 1305 1979 sponsi

260 1996 381 2089 injuria
396 2009 445 2064 est
462 1995 631 2085 expectare
643 1993 854 2083 placiturum.
873 1995 941 2076 Qui·
956 2017 1009 2062 me
1025 1981 1087 2062 sibi
1102 1993 1193 2086 prior
1208 1995 1305 2084 elegit
1392 2003 1395 2006 ’

260 2101 408 2220 accipiet.
427 2100 531 2184 Quid,
549 2122 740 2192 percussor,
759 2101 916 2170 moraris?
932 2106 1047 2170 Pereat
1058 2125 1194 2194 corpus,
1212 2103 1303 2194 quod

260 2231 362 2278 arnan
371 2221 477 2300 potest
489 2206 604 2294 oculu,
621 2208 742 2302 quibus
758 2208 848 2278 nolo.
866 2209 983 2295 Stetit,
1002 2209 1123 2290 oravit,
1132 2210 1301 2280 cervicem

207 2356 211 2364 ‹
257 2313 396 2384 inflexit.
416 2317 573 2386 Cerneres
589 2314 752 2407 trepidare
769 2315 955 2384 carnificem
968 2316 1178 2418 ,quasiipse
1185 2315 1300 2386 addic-

259 2436 311 2492 tus
327 2421 471 2494 fuisset:
464 2438 632 2494 ·tremerc
656 2424 854 2515 percussoris
882 2424 1071 2509 dexteram,
1096 2413 1221 2515 pallere
1244 2448 1299 2496 ora
1341 2459 1345 2462 ·

258 2528 365 2598 alieno
389 2530 532 2597 timentis
556 2528 724 2619 periculo,
743 2527 820 2596 oiim
843 2528 953 2620 puella
978 2553 1046 2598 non
1073 2530 1203 2599 timeret
1226 2555 1296 2600 suo.

258 2633 417 2702 Habetis
409 2634 509 2725 igitur
527 2633 562 2701 in
578 2657 645 2702 una
630 2634 767 2703 hostii
779 2631 905 2727 duplex
924 2637 1138 2725 martyrium,
1161 2635 1297 2727 pudoris

256 2751 290 2808 et
314 2738 489 2830 religionis.
514 2745 558 2810 Et
582 2740 674 2832 virgo
698 2741 894 2833 permansit,
923 2755 956 2810 et
983 2741 1180 2868 martyrium
1206 2743 1295 2812 obti-

256 2847 364 2917 nult¹.
385 2874 400 2912 >r
510 2919 513 2924 ,

234 2957 357 3026 110⁰
374 2956 442 3024 Nec
456 2952 498 3021 de
508 2951 689 3046 Prolepst
701 2977 776 3046 quae
792 2952 894 3022 latine
906 2957 1152 3049 praesumptio,
1165 2955 1220 3028 vel
1231 2981 1297 3026 un·

256 3059 419 3149 trespatt'o
433 3057 569 3144 dicitur,
593 3057 757 3128 silendum
773 3073 832 3128 est.
859 3064 938 3132 Haec
956 3076 1065 3131 autem
1079 3064 1238 3132 sermonis
1254 3063 1294 3131 lr-

256 3188 336 3256 gura
348 3165 383 3232 in
398 3187 437 3232 eo
449 3165 611 3250 consistit,
626 3163 717 3258 quod
734 3167 976 3260 praesuppositis
991 3169 1197 3239 audientium
1214 3193 1294 3264 que-

254 3269 328 3339 relis
347 3272 465 3340 Orator
488 3270 669 3364 prudenter
685 3274 847 3361 occurrit,
873 3298 935 3363 nc,
952 3301 1027 3369 quae
1042 3277 1199 3346 dicuntur
1208 3331 1221 3364 ,
1239 3291 1295 3346 aut
1384 3285 1387 3292 ’

254 3393 461 3469 arroganter,
479 3392 537 3458 aut
551 3379 702 3466 sordide,
720 3395 777 3450 arrt
790 3381 898 3452 minsis
914 3385 1059 3470 utiliter,
1078 3399 1136 3454 aut
1151 3385 1293 3478 asperius

192 3531 197 3543 -
254 3509 292 3556 ac
316 3484 450 3554 liberilrs
477 3483 565 3554 dicta
580 3486 764 3555 videantur.
794 3489 911 3560 Nullus
939 3488 1049 3560 forsan
1067 3492 1102 3559 in
1124 3493 1187 3560 hac
1202 3505 1293 3584 parte

254 3589 389 3686 aequalis
404 3591 655 3680 Chrysostomo,
674 3596 767 3684 cujus
780 3595 820 3664 sit
840 3597 874 3664 in
891 3598 1078 3690 exemplum
1090 3597 1156 3666 illac
1172 3599 1293 3668 cautio·

147 3773 150 3778 ,
253 3721 333 3783 nes,
360 3721 441 3790 quas
466 3721 617 3767 accusare
632 3697 744 3768 volens
763 3723 817 3770 eos
833 3727 890 3795 qur
881 3704 1018 3774 subint
1020 3705 1173 3802 roductas
1188 3706 1292 3775 habe·

131 3805 134 3808 ’
253 3805 335 3874 baut
346 3803 517 3892 muheres
536 3803 692 3874 adhrbere
703 3805 840 3877 studet

288 3933 340 3988 1.S
356 3931 467 3992 cimbros
481 3932 513 3985 de
528 3932 618 3999 virgin
632 3931 674 3996 lib.
692 3951 701 3986 1
703 3950 784 4002 ,cap
794 3950 823 4001 rr,
838 3951 861 3988 n.
881 3951 906 4003 7,
920 3936 936 3988 8
938 3954 987 4004 ‚9.
