2996 4598
448 439 550 488 carun
572 443 596 488 1.
609 443 664 487 nn
686 439 903 488 conoronannr
925 441 1018 488 rum.
1232 425 1254 486 9

214 542 337 612 tionem
355 541 608 636 quoquomodo
625 565 681 612 eos
700 541 884 630 admiserit,
908 543 936 612 si
961 541 1098 636 quidem
1117 541 1254 612 clericus

213 648 336 736 luerit,
358 649 490 742 proprio
507 647 612 740 gradu
626 648 848 741 periclitetur3
875 650 901 719 si
923 653 1002 720 verd
1017 649 1137 736 laicus,
1158 671 1254 742 sepa·

214 769 315 842 retur,
328 768 360 824 et
375 754 565 825 divinorum
580 755 811 845 mysteriorum
827 755 1058 825 communione
1069 757 1251 849 privetur.»

213 901 257 916 -
268 866 312 931 Et
326 861 445 932 iterum
465 891 473 934 :
493 891 509 930 u
523 862 681 932 Definivit
700 875 811 931 sancta
832 876 865 932 ct
882 861 1071 932 universalis
1086 863 1251 952 synodus,

213 969 379 1037 neminem
399 992 438 1038 ex
452 969 503 1038 his
521 969 675 1039 omnibus
690 970 709 1037 a
727 990 817 1038 nunc
834 967 900 1038 tale
921 982 1034 1038 tenere
1053 969 1107 1039 vel
1127 991 1254 1038 servare

213 1075 488 1168 chirographum,
510 1073 569 1144 scd
587 1075 710 1168 absque
732 1073 882 1168 quolibet
902 1075 1105 1146 offendiculo
1120 1075 1256 1145 indubi-

212 1185 321 1251 tanter
335 1197 369 1252 et
387 1181 635 1274 intrepide'tlm
646 1179 765 1252 docere
784 1185 884 1276 quarn
901 1181 1024 1251 discere
1047 1177 1178 1269 omn'es,
1196 1182 1255 1276 qui

212 1291 255 1359 ad
278 1304 459 1383 utrumque
484 1291 664 1359 consistunt
687 1287 813 1376 idonei,
842 1303 962 1382 praeter
982 1291 1044 1359 hos
1063 1289 1122 1384 qui
1138 1291 1255 1360 erroris

212 1398 426 1467 inveniuntur
449 1411 489 1472 et,
514 1399 678 1468 haereticae
708 1398 884 1491 impietatis
914 1397 1063 1467 servituti
1098 1398 1251 1490 redacti,

212 1503 399 1598 hujusmodi
415 1505 503 1574 enim
521 1505 698 1574 certissime
711 1519 745 1574 et
760 1501 878 1575 docere
897 1519 931 1574 et
945 1505 1068 1575 discere
1083 1505 1255 1574 interdici·

211 1634 284 1680 mus
299 1613 322 1678 ¹.
338 1638 354 1676 u
366 1651 412 1666 -
424 1611 488 1682 Cui
500 1611 637 1703 quidem
649 1611 876 1681 constitutioni
892 1635 960 1682 non
976 1611 1157 1702 incongrue
1171 1610 1255 1706 adji-

211 1719 345 1788 ciuntur
358 1716 527 1789 Caelestini
536 1741 635 1811 ‚papae
655 1718 755 1790 verba
767 1717 924 1788 dicentis:
943 1747 960 1784 a
975 1716 1050 1788 Filii
1065 1719 1185 1804 nostri,
1202 1719 1255 1788 in-

211 1825 295 1920 quit,
306 1831 445 1919 Prosper
454 1825 798 1916 etHilarius,(tantirm
808 1827 918 1896 nescio
927 1825 1047 1919 quibus
1057 1826 1254 1918 presbyteris

211 1932 278 2004 illic
288 1933 402 2020 licere,
417 1933 475 2028 qui
487 1932 679 2003 dissensioni
687 1934 870 2004 christianae
884 1935 1153 2024 studeant,)sunt
1165 1934 1255 2026 apud

210 2063 271 2110 nos
291 2040 478 2133 prosecuti,
496 2054 536 2109 ut
556 2037 811 2132 indisciplinatas
831 2040 1028 2134 quaestiones
1042 2052 1196 2110 vocantes
1219 2040 1254 2108 in

210 2147 609 2238 medium,pertinaciter
632 2169 687 2216 eos
714 2144 828 2218 dicant
846 2145 1024 2240 praedicare
1050 2145 1254 2216 adversantia

210 2253 360 2341 veritati,
373 2254 431 2322 sed
442 2267 558 2322 vestrae
573 2249 740 2322 dilectioni
751 2252 871 2346 justius
881 2254 1100 2343 imputamus,
1119 2251 1254 2346 quando

210 2361 258 2431 illi
278 2364 377 2454 supra
392 2385 450 2431 vos
465 2359 591 2431 habent
614 2361 743 2451 copiam
760 2361 961 2453 disputandi.
977 2361 1131 2453 Legimus
1142 2361 1255 2454 supro

211 2470 426 2566 magistrum
447 2491 521 2538 non
543 2490 622 2537 esse
640 2461 891 2558 discipulum&
917 2467 981 2536 hoc
1007 2481 1072 2553 cst,
1099 2489 1168 2537 non
1191 2467 1255 2536 sibi

211 2574 332 2644 debere
352 2598 553 2670 quemquam
569 2575 612 2644 ad
627 2575 779 2668 injuriam
796 2567 971 2644 doctorum
989 2571 1155 2644 vindicare
1171 2573 1255 2644 doc-

211 2684 342 2752 trinam.
365 2677 451 2764 Quid
473 2679 540 2750 illlc
563 2681 632 2772 spei
650 2693 714 2766 est,
733 2681 792 2748 ubi
813 2681 974 2772 magistris
997 2679 1202 2764 tacentibus,
1218 2680 1255 2748 hi

211 2790 415 2884 loquuntur,
434 2789 512 2882 qui,
530 2788 557 2857 si
573 2788 620 2856 ita
635 2801 699 2873 est,
716 2810 832 2857 eorum
848 2785 1000 2878 discipuli
1015 2810 1084 2856 non
1098 2785 1256 2871 fuerunt?

214 2897 383 2992 'simeone
408 2895 584 2966 connivere
608 2895 727 2964 sithoc
747 2907 873 2990 tacere,
895 2893 996 2964 tirneo
1016 2915 1059 2961 ne
1073 2894 1177 2984 magis
1193 2894 1255 2986 ipsi

212 3003 409 3098 loquantur,
432 3001 490 3094 qni
506 3001 702 3093 permittunt
725 2999 789 3070 illis
805 3013 934 3070 tanturn
949 2997 1053 3094 loqui.
1073 3002 1115 3094 ln
1133 2997 1255 3070 talibus

211 3111 316 3180 causis
330 3133 399 3179 non
420 3121 510 3178 caret
530 3107 714 3200 suspicione
729 3108 950 3194 taciturnitas,
969 3108 1047 3201 quia
1068 3120 1256 3178 occurreret

211 3217 344 3300 veritas,
371 3217 397 3284 si
417 3214 539 3284 falsitas
556 3213 753 3306 displiceret.
779 3214 898 3284 Meritd
920 3237 1063 3308 namque
1083 3237 1179 3284 causa
1195 3237 1255 3284 nos

212 3324 365 3415 respicit,
387 3322 413 3390 si
437 3321 567 3392 silentio
590 3319 759 3392 faveamus
779 3322 893 3391 errori.
921 3325 1008 3412 Ergd
1035 3322 1255 3414 corripiantur

210 3429 411 3522 hujusmodi.
426 3414 508 3499 Non‘
516 3427 558 3496 sit
570 3428 621 3496 his
636 3426 778 3496 liberum
790 3428 913 3497 habere
927 3425 1170 3520 provoluntate
1185 3451 1255 3498 scr-

211 3558 356 3606 monem.
374 3535 524 3619 Desinat,
547 3533 574 3603 si
588 3533 634 3602 ita
650 3556 700 3602 res
714 3547 810 3620 sunt,
828 3525 986 3604 incessere
1000 3537 1127 3606 novitas
1140 3549 1255 3606 vetus-

211 3655 334 3731 tatem,
358 3640 486 3710 desinat
500 3639 711 3710 ecclesiarum
730 3641 875 3734 quietem
893 3641 1090 3734 inquietudo
1105 3641 1251 3712 turbare.

213 3733 324 3818 Sciant
336 3771 449 3836 omnes
472 3749 530 3840 qui
545 3745 630 3816 male
654 3745 795 3833 docent,
824 3747 915 3840 quod
929 3748 991 3816 sibi
1006 3736 1135 3818 discere
1152 3751 1254 3840 magis

212 3878 250 3925 ac
269 3855 371 3945 magis
388 3867 573 3948 competat,
593 3877 692 3948 quam
713 3853 854 3946 docere,
869 3856 1042 3951 namquid
1060 3858 1095 3926 in
1112 3855 1254 3927 ecclesiis
1349 3881 1351 3886 ·

249 3995 256 4022 ¹
272 3953 359 4051 synod.
371 3988 454 4038 corut.
467 4001 523 4052 nn,
534 3987 593 4038 Can.
607 4001 642 4037 vr.
655 4009 688 4022 ·-
697 3995 713 4023 '²
724 3983 812 4054 north.
826 4001 852 4050 x,
865 3984 908 4050 al.
