2930 4582
211 433 312 480 ctrrrr
336 439 381 481 vr.
411 437 451 480 nn
473 435 629 482 uranono
653 436 688 478 ru
703 433 910 478 concionum
926 429 1092 477 summat.
1120 415 1183 479 253

143 559 210 628 per
223 559 327 606 mare
342 536 577 622 transierunt,
595 547 631 602 et
643 555 768 603 omnes
783 534 821 602 in
840 531 996 623 Moysen
1009 531 1189 627 baptizoti

145 653 238 727 sunt,
256 643 294 712 in
308 639 403 713 nobe
417 654 453 710 et
468 642 506 710 in
521 639 620 709 mori
638 664 647 707 :
672 651 708 708 et
732 659 857 707 omnes
879 637 1041 708 eumdem
1065 638 1185 710 eibum

145 747 344 840 spiritalem
355 745 679 832 manducaverunt,
698 759 734 814 et
748 767 872 814 omnes
884 743 1049 814 eumdem
1060 763 1186 838 potum

144 852 342 949 spiritalem
364 851 539 924 biberunt.
559 849 746 948 Bz'bebont
761 852 857 921 enim
872 848 918 920 de
932 850 1089 944 spiritali
1102 877 1187 924 eou-

144 975 314 1054 sequente
328 984 390 1031 eos
398 962 536 1053 petrd5
548 971 657 1052 petro
678 972 801 1028 autem
816 971 897 1027 erat
912 955 1089 1028 Christus.
1112 955 1190 1030 Sed

144 1065 432 1162 nonmpluribus
444 1063 1189 1158 eorumeomploeuitDeo:prostratiem'm

144 1190 228 1246 sunt
239 1178 277 1246 in
297 1173 452 1244 deserto
466 1171 562 1244 Hoee
588 1175 852 1270 outemfiguroe
867 1171 1186 1270 nostrcefirerunt,

144 1297 185 1352 ut
200 1305 275 1352 non
294 1283 405 1350 simus
420 1278 544 1372 cupidi
557 1279 753 1368 malorum,
775 1281 868 1350 sieut
881 1293 917 1349 et
932 1277 987 1350 itti
998 1281 1189 1375 concupie-

146 1402 271 1458 runt...
291 1385 425 1457 Omnia
440 1399 561 1456 autem
570 1388 643 1457 isto
652 1387 688 1457 in
689 1387 822 1484 figure
832 1385 1092 1484 contingebant
1102 1385 1186 1458 illis:

146 1493 296 1586 Scripta
320 1506 443 1563 autem
468 1508 552 1563 sunt
579 1491 633 1563 od
652 1494 917 1585 eorreptionem
943 1509 1130 1581 nostram,
1151 1495 1189 1564 in

146 1624 240 1690 quus
250 1608 350 1698 fines
376 1599 589 1670 secutorum
615 1597 833 1671 devenerunt
859 1603 883 1669 ¹.
914 1604 973 1670 Est
995 1602 1075 1669 item
1099 1600 1189 1693 apud

137 1705 341 1798 Apostolum
363 1704 517 1798 allegoria
538 1706 711 1800 quaedam,
729 1708 806 1775 san'e
833 1705 876 1776 ad
894 1729 1025 1776 causam
1048 1707 1189 1776 maxime

144 1814 352 1907 pertinens...
374 1811 468 1882 Idem
483 1813 573 1882 enim
594 1812 716 1882 Paulus
736 1812 816 1882 dicit
832 1813 874 1882 ad
889 1813 1019 1882 Galatas
1037 1843 1044 1883 :
1063 1814 1189 1907 Serip-

97 2003 100 2010 Δ
145 1933 220 1988 tum
233 1932 287 1987 est
299 1919 395 1987 enim
406 1915 505 2008 quod
511 1915 708 2011 Abrohom
720 1915 810 1987 duos
810 1915 913 2012 filios
924 1915 1064 2006 habuit,
1079 1943 1189 2014 unum

145 2023 191 2096 de
207 2023 348 2095 ancillet
351 2079 364 2112 ,
382 2039 418 2094 et
436 2049 547 2094 unum
560 2022 605 2094 de
621 2023 737 2094 liberti
754 2023 846 2094 :sed
859 2026 890 2094 is
905 2023 1051 2117 quidem
1066 2029 1131 2116 qui
1143 2025 1190 2096 de

145 2130 286 2202 ancillet
296 2186 307 2221 ,
335 2129 534 2201 seeundum
549 2154 699 2201 curnem
711 2145 820 2200 notus
833 2146 887 2200 est
891 2162 908 2216 ,·
923 2131 987 2223 qui
1000 2147 1124 2202 notem
1143 2131 1190 2202 de
1274 2131 1277 2136 ’

146 2237 278 2325 liberti,
299 2236 497 2308 seeundum
509 2237 810 2328 promissionem:
831 2259 911 2326 quoe
928 2239 1153 2330 suntperoll
1172 2281 1189 2294 -

141 2347 291 2441 goriam
303 2343 415 2420 dieto.
430 2342 477 2417 Ν
473 2368 536 2413 om
546 2341 625 2414 haee
633 2366 720 2422 sunt¹
726 2341 798 2412 duo
811 2342 1048 2414 Testamenta
1054 2376 1072 2430 ,·
1081 2369 1191 2416 onum
1275 2337 1278 2346 ’

144 2449 306 2544 quidem,
318 2447 364 2520 de
373 2463 493 2520 monte
501 2448 607 2536 Sine,
620 2450 657 2518 r'n
667 2450 870 2520 seruitutem
882 2475 1075 2545 generans,
1092 2449 1194 2544 quod

144 2571 204 2629 est
214 2559 337 2653 Agar.—
348 2554 442 2629 Sino
456 2556 551 2624 enim
565 2578 669 2625 mons
679 2569 733 2625 est
745 2557 783 2626 in
795 2554 956 2644 Arabici,
969 2559 1192 2655 qur'eonflnt's

145 2668 196 2754 ei,
218 2688 302 2757 quoe
314 2687 410 2734 none
426 2677 479 2733 est
493 2660 719 2748 Jerusalem,
739 2678 775 2732 et
788 2663 897 2734 servit
910 2664 1084 2760 cumfllir's
1104 2670 1188 2737 suis.
1219 2677 1224 2686 '

151 2774 251 2872 Quae
274 2783 396 2840 autem
412 2769 554 2840 sorsum
567 2782 621 2838 est
639 2766 862 2854 Jerusalem,
885 2766 1001 2840 libero
1020 2786 1097 2866 est;
1113 2797 1193 2862 quoe

146 2895 205 2952 est
215 2893 338 2950 nsoter
346 2878 506 2947 omnium
519 2880 713 2946 nostromt
731 2903 747 2940 s

196 2985 326 3070 Quibus
352 2983 473 3055 Christi
498 2997 752 3076 sanctorumque
777 2980 1011 3074 Apostolorum
1037 2983 1194 3078 exemplis

150 3096 372 3178 inhaerentes,
393 3092 492 3162 obvio
506 3092 716 3183 genuinoque
735 3112 832 3160 sensu
845 3113 914 3160 non
930 3091 1094 3180 abdicato,
1112 3092 1194 3164 alle-

152 3201 252 3295 goriis
260 3221 425 3270 sermones
442 3203 598 3267 exornare
607 3197 807 3266 studuerunt
819 3196 908 3266 beati
919 3201 1087 3270 Doctores.
1098 3209 1197 3285 Quae-

152 3308 233 3381 dam
246 3305 394 3399 exempla
408 3303 530 3374 referre
546 3327 654 3396 operae
670 3303 812 3395 pretium
825 3317 884 3371 est.
990 3380 993 3385 .
1077 3339 1079 3344 ·

200 3416 349 3486 Primum
370 3437 409 3481 ex
425 3425 537 3481 sancto
552 3409 730 3479 Athanasio
745 3408 954 3495 desumetur,
971 3412 1041 3503 qui,
1059 3414 1135 3484 elim
1154 3418 1197 3486 ab
1266 3439 1269 3448 ·

156 3523 275 3593 arianis
298 3519 464 3589 furoribus
479 3515 660 3608 legentium
674 3515 799 3583 animos
820 3512 1003 3584 abalienare
1018 3518 1134 3606 vellet,
1152 3523 1198 3592 sic
1260 3561 1263 3570 «

156 3631 273 3700 contra
287 3626 405 3718 impios
419 3624 492 3694 illos
503 3621 656 3692 Ecclesiae
673 3623 792 3706 hostes,
811 3624 878 3690 tam
895 3623 1071 3695 crudeliter
1084 3629 1199 3699 occisae

158 3735 283 3808 Levitae
294 3732 404 3802 uxoris
416 3727 618 3802 horrendum
634 3726 762 3798 facinus
778 3727 914 3798 adhibet
930 3759 937 3799 :

196 3891 204 3918 ¹
225 3883 306 3933 icor.
320 3895 345 3944 x,
359 3895 381 3943 r,
399 3885 425 3929 et
447 3891 514 3944 seqq.
532 3901 563 3913 -
578 3881 588 3912 2
601 3874 679 3928 Galat.
699 3889 732 3940 iv,
756 3887 799 3939 aa,
813 3881 839 3926 et
850 3889 918 3943 seqq.
944 3877 968 3929 S.
988 3881 1088 3946 August.
1111 3881 1152 3934 lib.
1170 3882 1201 3936 de

160 3964 237 4018 utilit.
253 3961 385 4028 credendi,
399 3977 424 4014 n.
438 3961 464 4013 8.
