2930 4582
190 439 292 488 carun
314 445 360 489 vr.
379 439 594 500 ouxrauruooo
618 443 654 486 ur
677 437 884 486 coucrournus
906 432 1072 484 launum.
1100 423 1160 486 301

170 566 187 604 u
203 541 387 610 Afferemus
403 554 513 610 autem
528 540 563 611 in
578 537 746 625 medium,
769 561 872 632 quam
887 559 947 608 nus
959 537 1163 630 potissimum

122 668 252 715 causam
269 648 482 740 suspicamur.
500 651 544 716 Et
557 667 710 739 quaenam
725 643 808 714 illa?
823 644 975 732 omninb,
993 644 1019 713 si
1035 645 1163 737 ascopo

122 753 331 840 aberravero,
349 752 397 824 fas
413 754 509 826 vobis
520 766 589 823 esto
604 767 642 822 ut
653 775 705 821 me
717 752 933 843 redarguatis.
952 755 996 822 Et
1010 775 1164 845 quaenam

121 863 243 931 causa?
260 861 340 944 Quis
356 861 412 930 ille
427 863 632 954 praetextus?
656 859 796 930 Videtur
812 861 893 929 mihi
913 859 1059 929 mulieris
1084 885 1165 930 cou-

120 967 243 1054 victus,
261 990 331 1037 non
346 991 385 1036 ex
405 965 478 1058 lege
501 969 690 1058 nuptiarum
706 966 828 1053 modb,
846 966 905 1037 sed
927 968 1023 1036 etiarn
1040 967 1164 1060 absqub

119 1075 241 1166 nuptiis
257 1098 294 1144 ac
310 1095 498 1163 congressu,
515 1071 691 1165 voluptatis
706 1073 828 1142 habere
840 1071 1004 1142 nonnihil.
1017 1073 1116 1156 Quod
1137 1074 1164 1142 si

118 1205 187 1252 non
197 1180 285 1250 recte
301 1179 406 1248 sentio
422 1233 430 1266 ,
446 1203 514 1248 non
526 1202 658 1272 possum
674 1179 794 1249 dicere.
813 1184 921 1250 Meam
932 1179 1024 1250 vobis
1036 1193 1163 1249 seuten-

117 1287 197 1357 tiam
208 1310 305 1358 narro
318 1339 327 1372 ,
342 1285 428 1356 forte
437 1299 547 1356 autem
557 1309 625 1356 non
633 1310 739 1357 meam
752 1284 858 1356 solum
872 1340 881 1374 ,
893 1287 950 1356 sed
963 1300 996 1355 et
1004 1285 1137 1356 illorum
1151 1315 1160 1356 ι

115 1396 196 1463 narn
216 1407 249 1463 et
263 1393 326 1464 illis
342 1395 387 1462 sic
406 1393 556 1484 videtur3
570 1394 662 1488 quod
676 1394 755 1463 hinc
775 1393 891 1487 liquet.
915 1398 1051 1462 Tantam
1073 1394 1162 1462 enim

119 1501 271 1592 gloriam,
288 1515 321 1570 et
335 1513 425 1578 tanta
441 1500 592 1592 scandala
602 1503 796 1595 neutiquam
814 1499 1032 1594 despicerent,
1044 1500 1105 1569 nisi
1113 1501 1162 1568 in-

117 1629 197 1708 geus
224 1607 376 1702 quaedam
399 1623 433 1678 et
450 1611 627 1679 vehemens
649 1609 862 1680 cohabitandi
886 1607 1038 1702 voluptas
1063 1622 1157 1678 esset.

116 1711 213 1795 Quod
232 1715 258 1781 si
273 1712 358 1783 fone
376 1730 590 1785 succenseant
605 1716 760 1810 quidam,
781 1717 873 1811 quod
893 1717 966 1786 haec
982 1717 1129 1785 dicamus
1147 1768 1157 1802 ,

112 1843 231 1912 precor
244 1834 281 1889 ut
297 1821 393 1890 nobis
407 1823 504 1891 venia
520 1822 634 1908 detur,
653 1823 805 1918 absitque
825 1821 1007 1914 indignatio
1026 1853 1033 1893 :
1052 1847 1160 1916 neque

113 1927 203 1994 enim
219 1925 324 1995 libens
345 1950 382 1996 ac
406 1928 528 1996 temere
544 1929 630 1996 hanc
640 1929 843 1998 inimicitiam
861 1930 1068 2022 susciperem.
1085 1932 1160 1999 Non

113 2055 187 2102 sum
206 2035 274 2102 tam
296 2034 395 2108 miser
416 2057 453 2102 ac
468 2058 692 2122 aerumnosus,
711 2036 769 2130 qui
785 2037 908 2106 temere
924 2059 1037 2107 omnes
1052 2037 1160 2121 offen-

113 2140 191 2210 dere
215 2139 336 2211 velim:
360 2140 417 2210 sed
439 2139 536 2212 valde
560 2143 659 2214 doleo
677 2169 716 2214 ac
735 2145 880 2231 crucior,
898 2159 932 2215 et
947 2143 1082 2234 gloriam
1099 2144 1159 2214 Dei

111 2243 498 2339 blasphemariintuens,
526 2263 560 2318 et
579 2250 762 2321 multorum
785 2252 925 2322 salutem
944 2265 1080 2344 propter
1100 2273 1160 2321 vo·
1184 2339 1187 2346 Ι

110 2353 275 2447 luptatem
290 2356 376 2424 hanc
393 2355 552 2448 paulatim
568 2360 674 2448 perire
684 2362 708 2426 ¹.
730 2386 746 2424 n
863 2440 867 2444 ἱ

168 2465 212 2531 Et
224 2460 324 2556 paulo
339 2459 475 2531 inferitis
494 2491 502 2532 :
523 2491 540 2529 u
554 2465 647 2535 Hanc
663 2485 723 2555 ego
742 2465 841 2559 hujus
857 2463 1066 2534 contubernii
1081 2485 1159 2534 cau·
1227 2508 1230 2516 .

109 2589 182 2638 sam
207 2568 353 2661 suspicor
378 2597 386 2639 :
409 2569 468 2639 sed
489 2592 532 2638 ne
564 2569 660 2640 valde
683 2595 931 2641 succenseamus
958 2573 1024 2657 eis,
1050 2593 1158 2664 neque

110 2674 263 2744 difficiles
284 2678 384 2745 simus
401 2689 434 2744 et
448 2677 648 2766 importuni.
659 2679 742 2746 Nam
758 2678 816 2769 qui
835 2701 960 2766 aegrum
975 2675 1048 2746 vult
1063 2679 1158 2746 resti-

110 2797 230 2870 tuere,
248 2806 317 2852 nou
336 2783 400 2852 hoc
421 2782 489 2874 agit
512 2782 560 2850 ira
575 2794 609 2850 et
631 2781 844 2868 verberibus,
863 2781 921 2850 sed
947 2783 1046 2852 offert
1063 2783 1160 2874 phar·

109 2913 206 2960 maca
229 2890 349 2981 magnai
371 2890 467 2976 cura,
491 2902 524 2956 et
550 2886 674 2958 blandai
704 2889 945 2960 adhortatione.
973 2887 1104 2958 Etenim
1132 2889 1159 2957 si

110 2998 153 3066 ab
170 2995 235 3066 illis
252 3019 367 3089 poenas
387 3009 538 3090 expetere
553 2995 649 3065 nobis
665 2998 870 3090 propositum
893 3010 996 3083 esset,
1015 3009 1048 3066 et
1064 2996 1090 3065 si
1101 2997 1159 3088 ju-

111 3103 227 3174 dicum
253 3103 404 3173 ordinem
428 3117 637 3189 teneremus,
658 3102 825 3195 indignari
846 3116 1034 3196 oporteret,
1054 3103 1112 3173 sed
1132 3101 1159 3172 si

110 3209 171 3280 illo
187 3210 340 3296 dimisso,
355 3207 557 3278 medicorum
571 3223 604 3278 et
621 3232 735 3278 curare
751 3210 935 3281 volentium
955 3235 1078 3282 munus
1090 3233 1162 3279 sus-

112 3318 296 3409 cipiamus,
315 3315 460 3402 hortari,
480 3316 669 3400 obsecrare,
694 3316 769 3383 etsi
789 3338 871 3406 opus
887 3316 948 3404 sit,
967 3341 1073 3408 genua
1087 3329 1163 3384 tan-

87 3484 89 3492 .
115 3449 193 3518 gere
208 3449 291 3518 opus
311 3439 379 3512 est,
405 3435 444 3492 ut
463 3422 555 3516 quod
580 3419 744 3511 agendum
759 3420 982 3514 suscepimus,
1010 3421 1161 3516 perficia-

114 3555 202 3604 mus.
234 3533 338 3624 Igitur
364 3527 643 3626 quemadmodum
671 3527 812 3614 medici,
844 3528 902 3622 qui
922 3549 1025 3617 aegros
1045 3531 1064 3596 a
1086 3525 1161 3596 cibo
1244 3605 1247 3610 Ι

114 3641 170 3712 vel
197 3653 281 3734 potu
304 3639 420 3708 nocivo
446 3659 556 3707 arcere
578 3635 739 3727 cupiunt,
763 3634 842 3704 licet
857 3633 912 3703 illa
938 3633 1074 3702 mixtam
1101 3630 1163 3700 ha·

115 3751 219 3820 beant
240 3747 463 3840 voluptatem,
487 3745 562 3814 ante
583 3743 692 3813 omnia
709 3756 820 3811 tamen
843 3739 1040 3834 persuadent
1059 3741 1162 3809 inesse

116 3856 180 3927 illis
203 3868 324 3950 praeter
350 3867 550 3922 nocumenta
577 3851 674 3920 etiam
695 3847 839 3918 multum
857 3847 1088 3920 insuavitatis:
1116 3845 1162 3917 sic

154 3991 197 4041 ts.
211 3986 297 4065 Chrys..
308 3986 332 4038 iu
344 3999 385 4036 out
398 3982 439 4051 qui
451 3982 585 4074 subiutpod.
600 3981 693 4035 habent
704 3980 799 4034 mulier.
813 3994 839 4032 u.
855 3996 878 4034 ι.
