2996 4598
241 467 283 524 52
390 480 569 526 nnaromca
592 479 619 526 s.
645 477 798 542 alarum,
823 479 899 526 raus
922 483 968 543 rr,
992 483 1076 527 sucu.
1095 485 1118 526 r.

236 579 339 650 aetatis
355 581 546 669 maturitas,
571 595 605 652 et
624 579 738 650 multae
753 581 961 674 experientiae
982 581 1141 652 concessit
1161 592 1277 652 aucto·

237 685 386 756 rllas¹.u
753 763 757 772 ¹
874 751 877 756 .

277 789 440 880 Cyrillum
454 791 552 861 etiarn
569 787 905 880 Hierosolymitanum
917 789 1081 861 scribendi
1097 795 1277 862 consuetu-

234 897 347 969 dinem
376 897 495 992 saepiirs
518 897 718 988 neglexisse,
748 911 848 992 atque
872 898 954 968 aded
979 895 1036 968 illa
1057 897 1188 967 dixisse
1201 921 1277 998 quae

205 1017 209 1024 '
233 1017 314 1074 tune
331 1004 437 1097 primo
453 1003 611 1098 Spiritus
626 999 744 1073 dabor
758 1003 878 1098 eloqui
891 1002 933 1074 itt
940 1005 988 1092 '²‚
1006 1027 1046 1073 ex
1061 1027 1101 1076 eo
1116 1002 1211 1075 facile
1227 1005 1278 1075 in·

233 1109 431 1202 telligimus,
457 1108 550 1204 qudd
566 1109 679 1180 omnes
691 1109 775 1204 pene
793 1111 864 1204 ejus
885 1111 1086 1198 catecheses,
1106 1125 1277 1204 extempo-

234 1239 366 1304 raucae,
381 1239 440 1286 seu
455 1239 495 1286 ex
510 1230 658 1309 ternpore
680 1215 778 1287 dictae
797 1217 843 1286 itt
857 1217 1083 1290 inscribuntur
1101 1246 1109 1288 :
1129 1246 1147 1286 c
1165 1217 1277 1290 Sancti

234 1325 335 1420 patris
350 1325 454 1396 nostri
469 1323 588 1416 Cyrilli
604 1325 838 1418 archiepiscopi
860 1327 1163 1418 Hierosolymorum
1184 1339 1277 1396 cate-

232 1432 336 1504 chesis
361 1432 483 1525 prima,
509 1455 568 1502 seu
582 1431 743 1502 institutio
763 1431 1024 1504 illuminatorum
1040 1431 1275 1522 Hierosolymis
1333 1522 1336 1525 ·

233 1553 520 1632 contemporaneo
533 1591 543 1628 ,
558 1539 797 1611 introductoria
808 1539 852 1612 ad
860 1541 1073 1633 baptismum.
1086 1569 1102 1606 a
1113 1546 1275 1624 -Quam

163 1695 164 1698 =
230 1645 596 1738 sormampiisdempene
616 1646 724 1715 verbis
736 1645 880 1717 retinent
891 1669 1005 1718 omnes
1020 1647 1125 1717 ferme
1136 1647 1275 1720 aliarum

232 1750 381 1844 ejusdem
395 1753 609 1822 catechesedn
624 1751 860 1844 inscriptiones.

276 1858 503 1934 Beatissimum
525 1883 658 1952 quoque
682 1861 953 1949 Chrysostomum
972 1883 1041 1930 non
1062 1883 1189 1954 semper
1204 1883 1275 1930 me-

230 1966 372 2037 ditatum
390 1965 557 2036 accessisse
577 1966 621 2035 ad
638 1963 835 2054 dicendum,
853 1969 1074 2061 praeterqulm
1088 1967 1181 2062 qudd
1197 1967 1274 2038 satis

231 2073 381 2144 indicant
395 2072 507 2164 plures
518 2072 619 2164 ipsius
634 2071 800 2160 homiliae,
818 2074 853 2142 in
867 2073 989 2167 quibus
1013 2073 1118 2144 multa
1134 2098 1273 2168 respon-

187 2235 189 2238 *
230 2181 313 2251 dent
326 2181 365 2250 iis
379 2193 456 2274 quae
473 2203 565 2250 casus
580 2179 753 2268 fortuitus,
772 2195 830 2250 aut
844 2195 974 2273 tempus
989 2195 1109 2274 praeter
1124 2196 1274 2276 expecta·
1314 2175 1317 2180 ’

234 2295 361 2364 tionem'
376 2289 499 2376 dabat,
524 2285 626 2357 veluti
641 2287 736 2357 solito
758 2277 963 2380 frequentior
984 2289 1187 2384 alacriorque
1209 2313 1273 2382 po-

231 2401 303 2496 puli
314 2410 508 2481 conventus,
519 2395 674 2464 indecora
686 2393 790 2486 plebis
803 2393 1003 2481 acclamati0‚
1015 2393 1145 2467 aliudve
1154 2397 1270 2486 simile,

232 2507 293 2598 (id
308 2504 400 2598 quod
415 2525 483 2572 non
497 2500 599 2570 semel
612 2501 796 2589 Augustino
811 2501 910 2570 etiam
920 2499 1073 2571 accidisse
1085 2516 1224 2572 testatur
1237 2504 1272 2574 in

234 2615 303 2708 ejus
316 2609 393 2680 vita
407 2605 602 2697 Possidiusp
618 2629 659 2675 ex
669 2629 709 2676 eo
724 2609 882 2700 praeterei
892 2607 998 2701 liquet
1009 2608 1156 2702 quodita
1171 2607 1272 2680 refert

231 2723 410 2792 Socrates:
438 2745 454 2784 u
483 2715 604 2786 ioanni
630 2715 819 2786 nuntiatum
842 2711 911 2786 fuit·
933 2717 1173 2808 imperatricem
1198 2721 1271 2786 Eu·

229 2829 362 2899 doniam
372 2826 597 2922 Epiphanium
615 2828 730 2895 contra
752 2823 847 2894 illum
871 2826 1020 2912 armasse.
1047 2824 1128 2912 lile,
1153 2826 1271 2920 utpote

229 2935 348 3006 natural
363 2935 463 3028 pauld
479 2933 662 3020 ardentior,
677 2947 710 3003 et
724 2931 913 3003 indicendo
929 2933 1123 3002 exercitatus
1138 2957 1272 3026 promp-

229 3059 349 3136 tusque
365 3043 434 3112 sine
448 3042 541 3110 moral
564 3038 827 3144 apud-populum
846 3040 1056 3125 concionem,
1075 3041 1142 3133 qud
1157 3064 1272 3111 omnes

227 3149 382 3220 mulieres
397 3147 514 3216 acerbe
529 3147 734 3238 exagitabat,
762 3169 822 3238 pro
846 3159 997 3238 suggesto
1019 3146 1137 3216 hahuit
1153 3150 1178 3216 ³.
1195 3174 1211 3212 u
1224 3186 1272 3202 --

228 3257 393 3330 Eumdem
405 3256 675 3344 Chrysostomum
688 3253 730 3322 ab
743 3253 837 3323 exilio
853 3267 1062 3338 revocatum,
1082 3257 1167 3325 etin
1183 3256 1271 3348 epis-

228 3347 336 3456 copali
350 3362 427 3432 sede
443 3363 474 3432 vi
490 3361 660 3452 gaudentis
677 3360 792 3454 populi
807 3375 957 3430 coactum
973 3360 1168 3448 considere,
1188 3387 1270 3455 pace

162 3525 164 3530 ,
228 3471 270 3540 de
282 3492 373 3540 more
387 3469 602 3556 annuntiati,
621 3466 874 3560 extemporalem
894 3468 992 3538 etiam
1016 3467 1170 3538 habuisse
1185 3491 1269 3538 con-

264 3680 272 3706 ¹
291 3668 379 3722 Euseb.
395 3669 449 3722 flisr
460 3667 520 3722 eccl.
536 3666 581 3717 lib.
597 3681 632 3731 rr,
645 3681 700 3731 cap.
717 3665 759 3730 36,
778 3681 809 3716 ex
820 3680 891 3736 vers..
903 3663 981 3714 Rutu.
995 3665 1023 3714 lu
1032 3669 1102 3716 textu
1119 3654 1270 3716 solimmodd

229 3752 316 3821 legitur
330 3775 335 3806 ι
351 3772 364 3800 a
378 3755 492 3821 Origenes
502 3753 553 3818 jlm
566 3749 722 3816 sexagenario
734 3749 827 3815 major,
847 3749 933 3814 utpote
946 3748 1029 3816 quiex
1048 3749 1160 3800 diuturni
1173 3751 1269 3802 exerci-

230 3841 324 3892 tatione
336 3841 466 3891 maximum
487 3837 583 3888 dicendi
607 3851 676 3886 nsum
694 3835 740 3884 sihi
757 3835 935 3900 comperisset,
950 3833 1078 3884 conciones
1091 3834 1271 3902 quas'habebat

155 3936 158 3944 ’
229 3930 261 3980 ad
269 3927 403 3996 populuma'r
416 3925 515 3978 notariis
529 3923 607 3990 accipi
618 3921 736 3988 permisit,
749 3921 807 3972 cim
814 3919 840 3970 id
852 3920 925 3970 antei
936 3917 988 3970 fieri
999 3921 1119 3987 uunquim
1131 3921 1268 3974 concessis·

225 4019 274 4068 set.
289 4031 302 4062 u
315 4039 347 4050 -
361 4023 372 4050 ²
386 4015 439 4064 Act.
453 4027 481 4077 n,
495 4007 520 4074 4.
534 4033 565 4046 -
580 4005 696 4058 ³Socrat.
713 4004 776 4062 Eiet.
791 4003 852 4063 cccl,
864 4003 907 4056 lib.
921 4021 1021 4072 rucap.
1037 4005 1076 4054 15.
