2930 4582
101 3603 116 3644 N

243 425 345 479 carus
368 432 414 474 vr.
440 429 482 477 arr
504 428 660 475 maranno
684 430 718 474 ru
734 425 939 474 cosummatus
955 425 1123 474 auarum.
1154 411 1219 472 255
1243 401 1247 408 ’

175 527 287 602 versus
298 526 475 600 Ecclesiam
490 527 660 598 commissa
676 539 754 594 sunt
773 555 782 595 ι
799 526 851 596 vel
866 527 975 618 potiris
991 526 1150 620 ejusmodi
1164 525 1220 596 illa

176 647 270 718 sunt,
289 649 327 702 ut
342 635 513 726 nunqu‘am
528 631 654 723 aliquid
667 632 771 700 simile
786 630 953 716 auditum,
973 657 1033 702 nec
1046 635 1221 726 quisquam
1236 623 1238 630 ¹

176 738 359 808 istiusmodi
377 739 463 807 mala
475 752 627 830 expertus
642 737 694 804 sit.
715 741 807 804 Tunc
824 737 911 805 enim
928 737 1043 806 mulier
1058 763 1124 808 una
1140 764 1221 808 con-

176 845 321 915 tumeliis
341 846 476 928 allecta,
495 844 612 914 unicus
637 844 716 912 item
733 842 845 911 Levita
861 842 978 931 laesus3
1002 868 1091 912 nunc
1111 861 1222 913 autem

177 953 338 1025 universae
358 950 514 1020 Ecclesiae
529 951 647 1041 injuria
663 947 752 1016 illata
772 963 831 1034 est,
856 963 889 1016 et
911 949 1119 1018 sacerdotalis
1142 950 1224 1020 ordo

177 1045 385 1128 contumeliis
401 1072 449 1126 est
466 1057 603 1126 affectus
622 1087 629 1126 :
650 1055 807 1150 quodque
823 1059 952 1148 gravius
971 1059 1134 1144 videatur,
1153 1061 1224 1152 pie-

177 1180 227 1237 tas
243 1167 285 1234 ab
311 1165 480 1255 impietate
501 1164 758 1254 persecutionem
774 1167 907 1254 patitur.
931 1170 973 1233 Et
990 1180 1067 1234 tunc
1087 1167 1224 1259 quidem

178 1271 317 1360 singulae
346 1271 451 1338 tribus
482 1270 608 1360 singula
633 1272 730 1338 unius
755 1269 900 1340 mulieris
925 1273 1028 1340 l'rusta
1053 1289 1224 1342 cernentes

180 1378 382 1446 exhorruere
401 1406 407 1446 ς
427 1399 514 1444 nunc
530 1391 638 1444 autern
650 1378 809 1446 universae
831 1377 983 1450 Ecclesiae
993 1381 1138 1448 membra
1156 1382 1225 1450 dis-

181 1499 294 1575 cerpta
317 1483 572 1574 conspiciuntur.
600 1485 711 1573 Legati
730 1485 818 1573 certia
838 1484 907 1552 tirm
935 1487 977 1555 ad
993 1510 1067 1570 vos,
1090 1488 1160 1556 tiam
1184 1487 1226 1570 ad

111 1653 114 1662 .
182 1591 269 1659 alios·
279 1591 376 1675 missi,
395 1590 514 1681 quibus
529 1591 735 1660 contumeliis
753 1593 945 1686 injuriisque
959 1594 1025 1662 sint
1037 1595 1158 1679 allecti,
1178 1619 1227 1664 re·
1314 1683 1318 1688 Ι

180 1700 347 1768 nuntiant.
367 1698 584 1768 Concitemini
600 1701 700 1790 igitur
720 1714 753 1768 et
772 1724 846 1786 vos,
869 1704 1022 1785 obsecro,
1047 1704 1141 1794 quasi
1158 1727 1226 1772 non

179 1829 241 1877 nos
255 1806 403 1888 tantitm,
422 1805 479 1873 sed
491 1819 524 1873 et
538 1829 597 1875 vos
609 1807 727 1898 injuriat
742 1807 851 1876 allecti
870 1809 980 1876 essetis
996 1837 1004 1877 ε
1022 1823 1054 1876 et
1066 1810 1224 1902 quisque,

180 1913 275 2004 quasi
289 1913 357 2002 ipse
367 1911 474 1997 laesus,
484 1935 580 2003 opem
592 1911 686 2000 serat,
699 1937 740 1982 ne
758 1915 850 1982 brevi
865 1914 1073 1984 ecclesiastici
1087 1941 1227 1986 canones

180 2033 214 2086 et
230 2017 384 2088 Ecclesiae
401 2019 483 2086 fides
495 2043 623 2110 pessum
645 2035 731 2089 eant.
752 2024 935 2114 Utrumque
952 2024 1039 2092 enim
1063 2024 1227 2115 periclita-

180 2140 252 2210 tur,
271 2127 333 2194 nisi
352 2127 459 2196 vestri
475 2129 575 2218 operit
593 2133 676 2196 Deus
697 2127 841 2198 facinora
860 2130 916 2200 illa
932 2133 998 2200 citis
1019 2134 1177 2225 corrigat,
1195 2149 1228 2206 et

182 2231 327 2302 Ecclesia
353 2231 548 2300 vindicetur.
572 2238 646 2302 Non
662 2235 748 2304 enim
765 2259 855 2304 nunc
874 2237 1015 2328 primiim
1034 2263 1176 2310 canones
1195 2255 1229 2312 et

181 2352 304 2408 statuta
315 2337 470 2408 Ecclesiae
481 2338 557 2407 data
572 2355 666 2425 sunt,
682 2343 770 2411 sedit
786 2345 937 2414 Patribus
958 2345 1052 2414 uobis
1068 2349 1155 2416 rectis
1170 2348 1228 2416 fir-

182 2445 346 2537 miterque
362 2460 440 2514 sunt
456 2444 573 2514 tradita
593 2476 600 2514 :
623 2469 732 2540 neque
750 2473 840 2518 nunc
857 2448 938 2518 fides
963 2453 1112 2545 incoepit,
1137 2455 1229 2526 seda

183 2553 326 2622 Domino
345 2574 403 2643 per
423 2551 600 2643 discipulos
624 2554 664 2622 ad
681 2579 740 2623 nos
761 2557 866 2649 usque
888 2560 1045 2648 pervenit.
1068 2566 1115 2631 Ne
1131 2562 1229 2651 igitur

184 2682 222 2726 ea
247 2683 322 2751 quae
344 2659 386 2726 ab
415 2659 557 2751 antiquis
581 2661 740 2728 haerentis
765 2679 890 2732 servata
913 2671 1044 2736 suntin
1067 2669 1227 2757 ecclc-sin,

183 2765 253 2838 istis
269 2767 337 2857 jam
353 2763 469 2832 diebus
493 2787 622 2856 pessum
646 2768 785 2850 abeant,
803 2793 885 2838 neve
910 2770 952 2838 de
974 2773 1011 2840 iis
1036 2799 1112 2866 quae
1136 2777 1234 2848 nobis,

185 2871 373 2940 concredita
387 2885 463 2940 sunt
485 2871 626 2940 rationes
643 2888 832 2964 repetantur
850 2905 857 2944 :
876 2875 1075 2964 incitemini,
1094 2882 1227 2968 fratres,

186 2979 303 3069 utpote
324 2978 561 3068 dispensatores
588 2982 816 3068 mysteriorum
844 2984 917 3068 Dei,
943 2984 1024 3053 ditm
1048 2987 1102 3055 illa
1127 2989 1231 3058 abiis

186 3083 283 3174 diripi
296 3084 439 3152 cernitis
456 3083 552 3154 Plura
565 3087 584 3154 ‘a
599 3086 776 3156 tabellariis
788 3088 947 3175 ediscatis,
957 3090 1108 3163 festinavi
1122 3109 1232 3166 tamen

187 3190 299 3282 paucis
316 3213 353 3257 ea
369 3191 562 3279 significare,
577 3195 644 3284 qud
662 3193 759 3284 plane
775 3196 868 3264 vobis
882 3213 1045 3268 constaret
1060 3207 1232 3296 nunquam

187 3295 267 3367 talia
280 3295 434 3365 adversits
450 3295 626 3366 Ecclesiam
650 3315 834 3390 perpetrata
847 3325 930 3386 esse,
949 3329 988 3372 ex
1008 3309 1074 3398 qula
1086 3308 1140 3376 die
1162 3309 1232 3379 Sal-

158 3439 161 3446 1
187 3417 283 3472 vator
302 3403 336 3470 in
360 3403 483 3472 coelum
507 3419 690 3495 assumptus
711 3405 878 3495 discipulis
899 3414 1069 3501 praecepit,
1097 3414 1230 3488 dicens:
1317 3459 1320 3470 ·

95 3511 98 3520 ⁴
189 3507 228 3578 E
230 3523 333 3576 untes
349 3507 474 3578 docete
493 3533 617 3578 omnes
631 3523 769 3604 gentes,
783 3509 1009 3604 baptizantes
1024 3541 1085 3588 eos
1109 3520 1146 3588 in
1166 3544 1233 3590 no·

190 3615 287 3686 utine
303 3616 430 3686 Putra's
443 3631 478 3684 et
489 3614 581 3685 Filii
595 3631 630 3684 et
645 3617 801 3708 Spiritris
812 3621 932 3688 suncti
948 3625 970 3688 1.
993 3650 1009 3686 a

227 3725 277 3790 tet
289 3723 665 3814 pariterceleberrimum
675 3724 855 3795 Salomonis
864 3729 980 3821 judicii
993 3729 1129 3818 lactum,
1139 3734 1234 3827 aplu·

193 3830 284 3898 ribus
303 3831 421 3900 sanctis
443 3833 594 3902 Patribus
618 3832 789 3924 allegorice
814 3837 1062 3929 interpretatum
1080 3841 1232 3935 legimus.

233 3959 341 4007 ¹Mattlr,
364 3975 450 4022 invni,
477 3970 514 4023 19.
541 3963 564 4010 S.
580 3960 694 4012 ttlrauas.
723 3963 799 4027 Epist.
818 3964 848 4014 ad
871 3965 1043 4018 orthodoxo.
1068 3987 1088 4020 1.
