2930 4582
219 433 321 481 cisoa
336 431 384 481 ur.
402 433 444 480 us
466 431 624 482 uarsouo
646 429 683 480 tst
703 429 913 480 ounnonnut
935 427 1102 497 inaratae.
1128 417 1194 486 199

196 537 334 605 Sanctus
350 534 470 632 pariter
484 533 689 624 Augustinus
704 532 848 624 expositi
864 532 1007 602 breuiter
1019 535 1195 606 beatissimi

154 643 306 730 martyris
331 641 495 708 Vincentii
517 639 666 732 passione
682 635 801 730 adjecit
817 638 1095 728 Epiphonetuata,
1118 663 1194 735 quae

153 746 405 838 insuperabilem
423 746 576 834 Martyris
593 743 809 812 constantiam
827 741 909 812 mire
925 743 1102 816 attollunt:
1198 731 1204 748 ⁸

199 881 214 918 a
228 852 260 922 si
267 850 494 921 consideretur
505 851 540 918 in
554 851 616 919 hic
631 850 937 943 passionuhumana
953 847 1126 942 patientia,
1143 853 1195 921 in-

151 961 232 1056 cipit
250 983 318 1030 esse
333 957 555 1028 incredibilis:
574 960 601 1026 si
623 971 815 1048 agnoscatur
830 957 942 1027 diviua
962 959 1122 1049 potentia,
1136 957 1196 1028 de·

149 1067 234 1136 sinet
248 1089 317 1135 esse
336 1065 506 1134 mirabilis.
522 1068 623 1132 Tanta
637 1062 845 1152 grassabatur
863 1063 1039 1133 crudelitas
1054 1067 1089 1132 in
1104 1071 1194 1135 Mar-

149 1176 230 1264 tyris
245 1195 396 1265 corpore,
410 1186 443 1240 et
458 1183 550 1240 tanta
568 1169 787 1263 tranquillitas
799 1171 1027 1263 proferebatur
1046 1173 1081 1240 in
1095 1195 1192 1243 voce:

150 1295 243 1352 tanta
260 1301 434 1372 poenarum
458 1280 609 1370 asperitas
633 1280 788 1348 saeviebat
811 1281 845 1347 in
868 1281 1035 1365 membris,
1055 1295 1089 1350 et
1103 1295 1194 1351 tanta

149 1389 307 1457 securitas
331 1386 466 1462 sonabat
482 1385 516 1452 in
533 1384 649 1468 verbis,
670 1399 707 1452 ut
723 1399 925 1476 putaremus,
943 1387 1118 1455 Vincentio
1133 1409 1193 1479 pa*

152 1495 266 1578 dente,
285 1493 382 1560 alium
396 1513 463 1560 non
478 1490 687 1583 loquentium
701 1493 888 1584 torqueri...
907 1491 1085 1562 Clariorem
1099 1495 1194 1564 nobis

150 1604 327 1688 Martyrum
344 1607 506 1666 tormenta
522 1597 699 1666 iaciebant.
714 1598 891 1690 Multiplici
907 1598 1006 1668 etiam
1019 1598 1194 1670 vulnerum

147 1691 305 1775 varietate
331 1703 512 1789 confossus,
536 1725 604 1772 non
628 1704 800 1774 deserebat
826 1729 984 1796 pugnam,
1010 1705 1068 1774 sed
1090 1708 1195 1776 acrius

148 1812 300 1880 iterabat.
322 1816 474 1894 Putares,
492 1808 584 1901 quod
600 1831 678 1905 eum
696 1808 837 1879 duraret
857 1811 1002 1898 flamma,
1026 1834 1095 1884 non
1115 1837 1193 1882 ure·

148 1920 231 1986 ret¹.
251 1945 267 1981 u

192 2023 311 2093 Nullus
326 2036 434 2092 autem
454 2023 489 2090 in
505 2022 569 2090 hoc
585 2042 702 2110 genere
727 2035 840 2090 sancto
865 2023 1040 2092 Ambrosio
1058 2023 1193 2094 mirabi-

147 2128 222 2214 lior,
235 2129 293 2221 qui
308 2131 489 2220 praesertim
502 2142 645 2196 sanctam
660 2131 818 2216 Agnetem
836 2129 995 2219 virginem
1011 2129 1191 2220 laudando,

105 2307 108 2316 .
147 2251 238 2306 totus
254 2251 302 2303 est
316 2237 350 2302 in
369 2235 684 2326 Epiphonematibus
700 2234 946 2304 accumulandis
961 2237 1025 2306 hoc
1037 2238 1136 2306 modo
1152 2267 1160 2308 a

195 2372 211 2408 u
225 2342 331 2410 Hodie
345 2340 458 2409 natalis
471 2354 655 2434 estsanctae
671 2345 798 2432 Agnes,
813 2344 884 2410 haec
900 2341 1076 2412 duodecim
1092 2363 1194 2414 anno·

147 2459 222 2518 rum
238 2448 433 2537 Martyrium
452 2445 562 2514 secisse
580 2447 728 2514 traditur.
747 2451 822 2528 Quo
837 2447 1060 2518 detestabilior
1072 2448 1192 2518 crude·

147 2555 240 2640 litua,
254 2580 328 2649 quae
349 2579 410 2623 nec
426 2553 619 2624 minusculae
635 2555 781 2645 pepercit
799 2554 888 2623 aetati
904 2585 911 2624 ε
928 2555 995 2623 imo
1012 2579 1128 2646 magna
1144 2557 1192 2627 vis

146 2661 332 2756 fidei,'quae
348 2653 447 2731 etiam
464 2663 506 2730 ab
525 2661 582 2730 itta
602 2663 824 2730 testimonium
840 2663 966 2732 invenit
982 2677 1086 2733 aetatc.
1103 2665 1191 2735 Fuit·

144 2794 187 2839 ne
202 2772 237 2838 in
251 2769 316 2838 illo
337 2766 533 2860 corpusculo
548 2765 676 2834 vulneri
692 2767 803 2834 locust
819 2769 863 2833 Et
882 2791 958 2856 quae
982 2791 1050 2835 non
1075 2770 1192 2840 habuit

143 2901 214 2970 quo
240 2875 363 2944 ferrum
388 2875 566 2964 reciperet,
590 2873 709 2940 habuit
730 2895 798 2964 quo
823 2869 948 2940 ferrum
974 2873 1192 2944 macerabat
1231 2903 1233 2910 ’

143 2984 239 3050 istius
265 2981 370 3049 aetatis
391 2979 511 3072 puellas
524 2993 634 3048 torvos
658 2978 755 3046 etiam
780 2976 893 3057 uultus
915 2977 1087 3070 parentiam
1105 2979 1191 3050 serre

58 3153 62 3156 .
107 3117 109 3122 ·
143 3113 212 3160 nou
235 3102 392 3180 possunt,
410 3101 443 3155 et
463 3111 525 3156 acu
549 3085 695 3154 districta
711 3085 819 3154 solent
842 3100 961 3174 puncta
978 3084 1073 3170 llere,
1097 3089 1190 3180 quasi

143 3196 292 3268 vulnera.
310 3198 388 3262 Haec
401 3193 487 3260 inter
502 3207 653 3260 cruentas
673 3193 863 3261 carnificum
877 3193 1042 3284 impavida
1055 3215 1186 3279 manus,

144 3306 215 3372 haec
231 3300 439 3371 stridentium
457 3299 610 3388 gravibus
623 3298 799 3393 immobilis
815 3301 972 3368 tractibus
983 3317 1185 3387 catenarum,

144 3434 234 3481 nunc
248 3409 385 3478 furentis
400 3407 550 3474 mucroni
570 3405 681 3473 militis
696 3419 804 3473 totum
825 3405 945 3472 offerre
960 3429 1090 3498 corpus,
1104 3407 1188 3476 mori

145 3518 254 3588 adhuc
270 3517 388 3598 nescia,
407 3512 464 3583 scd
482 3527 591 3604 parata
608 3539 615 3582 ι
634 3512 686 3581 vel
698 3511 782 3604 siud
797 3535 867 3580 aras
886 3513 988 3580 invita
1004 3529 1185 3604 raperetur,
1254 3557 1257 3569 ·

145 3626 281 3695 tendere
302 3622 431 3692 Christo
456 3622 541 3689 inter
565 3619 655 3708 ignes
679 3642 812 3704 manus,
831 3633 930 3711 atque
946 3617 979 3685 in
996 3619 1072 3710 ipsis
1088 3621 1188 3688 sacri·

144 3730 226 3821 legis
247 3730 326 3798 focis
343 3729 526 3818 trophaeum
544 3726 674 3793 Domini
690 3726 817 3816 signare
839 3723 972 3794 victoris
988 3754 996 3794 ι
1014 3747 1103 3793 nunc
1123 3723 1189 3792 ser-

128 3837 223 3904 'ratis
243 3835 326 3902 colla
348 3856 531 3924 manusque
547 3832 659 3900 ambas
673 3831 814 3901 inserere
829 3832 985 3921 nexibus,
1003 3833 1060 3900 sed
1075 3831 1188 3900 nullus

184 3965 231 4048 ¹5.
245 3964 342 4025 August.
358 3960 435 4008 Scrm.
445 3975 535 4023 cccxvi,
549 3976 571 4008 n.
590 3974 615 4022 a,
631 3959 655 4009 3.
