2996 4598
292 457 335 521 36
436 473 614 522 introiret
636 473 663 521 s.
689 475 838 537 aurnum,
863 473 939 524 rans
961 479 1011 539 11,
1035 479 1120 524 sncr.
1147 482 1171 522 r.

289 575 387 646 denae
397 575 561 667 religionis
569 575 708 646 formam
716 577 912 668 composuit,
919 577 1080 666 etbloysis
1086 577 1187 648 libros
1194 577 1330 646 heroico

289 682 1332 776 carmineinterpretatusest.Aliospraetereaveterisinstrnmenti

288 791 391 862 libros
406 791 465 883 qui
483 790 692 860 historiarum
707 811 799 858 more
813 789 989 883 conscripti
1005 803 1104 878 sunt,
1118 791 1237 884 partim
1249 787 1331 859 dac·

288 896 390 990 tylico
404 897 548 966 carmine
558 895 719 988 exposuit,
731 895 849 988 partim
862 894 905 966 ad
914 895 1058 968 formam
1070 897 1242 989 tragoediae
1253 917 1332 988 per-

288 1003 376 1075 sonis
390 1001 546 1073 adhibitis
559 1000 751 1087 elaboravit,
766 1002 923 1096 omnique
937 1026 1151 1074 numerorum
1161 1025 1279 1096 genere
1288 1000 1332 1071 de

206 1161 210 1166 -
288 1109 452 1182 industrii
471 1131 550 1177 usus
576 1121 646 1203 est,
668 1131 711 1176 ne
730 1131 797 1201 qua
818 1111 1006 1199 graecanieae
1029 1109 1203 1180 locutionis
1223 1107 1332 1179 forma
1364 1183 1365 1188 ,

287 1215 480 1289 Christianis
496 1237 580 1285 nova
596 1228 697 1309 atque
709 1213 857 1284 inaudita
872 1215 1123 1311 relinqueretur.
1142 1216 1261 1287 Junior
1275 1239 1332 1285 au·

288 1333 357 1394 tem
376 1322 573 1416 Apollinaris
588 1323 624 1390 in
643 1336 711 1392 arte
727 1321 859 1393 dicendi
874 1323 971 1394 valde
986 1326 1199 1411 exercitatus,
1217 1329 1332 1394 Evan-

289 1429 374 1524 gelia
395 1443 430 1498 et
444 1426 677 1522 Apostolorum
693 1429 819 1521 Scripta
840 1430 881 1498 ad
897 1426 1037 1500 sormam
1052 1429 1258 1521 dialogorum
1276 1427 1352 1499 ex·'

287 1535 419 1630 posuit,
434 1534 620 1628 exemplum
640 1532 785 1604 Platonis
800 1533 889 1628 apud
901 1537 1032 1607 Graecos
1046 1549 1178 1606 secutus
1188 1538 1211 1604 ¹.
1224 1563 1240 1600 n
1259 1538 1329 1607 Nec

286 1644 375 1714 certe
385 1639 764 1735 tentaminprohihendo
771 1642 976 1712 severitatem
986 1643 1177 1736 imperator,
1187 1665 1248 1712 nec
1255 1655 1332 1712 tan·

289 1749 410 1820 tamin
433 1749 638 1841 imperatoris
661 1761 798 1818 conatus
813 1746 1011 1820 declinando
1030 1773 1144 1818 curam
1158 1748 1333 1818 adhibuis-

288 1868 362 1926 sent
379 1854 572 1941 Christiani,
589 1854 649 1924 nisi
665 1877 779 1924 omnes
794 1875 986 1946 persuasum
1001 1855 1210 1941 habuissent,
1231 1857 1333 1947 quim

286 1961 495 2033 utilissimum
506 1959 582 2031 fore·
593 1959 815 2031 ecclesiasticis
831 1959 1034 2046 doctoribus,
1051 1961 1078 2030 si
1093 1961 1129 2028 in
1138 1962 1332 2031 Graecorum

288 2066 478 2159 disciplinis,
493 2064 690 2161 eloquentiae
702 2079 736 2134 et
749 2065 872 2156 ingenii
886 2065 1058 2136 excolendi
1068 2067 1181 2153 causi,
1198 2089 1233 2136 se
1248 2065 1327 2136 dili-

289 2187 402 2268 genter
415 2187 616 2245 exercerent.

337 2282 402 2353 Sed
412 2279 489 2349 cirm
504 2278 572 2350 istis
584 2279 715 2372 penitus
727 2301 836 2350 carere
848 2279 1025 2372 disciplinis
1039 2278 1231 2351 indecorum
1248 2295 1333 2352 esset

290 2401 324 2463 et
339 2391 509 2475 nocivum,
526 2387 573 2457 itt
591 2385 811 2480 periculosum
822 2385 922 2458 simirl
936 2400 970 2457 et
983 2387 1137 2458 insanum
1145 2388 1184 2458 iis
1192 2387 1334 2458 nimiirm

293 2497 472 2568 adhaerere.

338 2608 385 2676 2⁰.
406 2604 582 2696 Scripturae
603 2601 691 2672 enim
718 2619 817 2672 sacrae
837 2599 935 2672 lectio
953 2602 1043 2673 omni
1059 2591 1248 2693 alienigenae
1263 2600 1334 2674 lec-

292 2714 377 2787 tioni
386 2723 605 2804 anteponatur
614 2731 744 2780 necesse
755 2721 820 2799 est,
835 2708 953 2804 quodi
965 2711 1084 2782 sanctis
1093 2711 1244 2780 Patribus
1252 2735 1334 2780 sem·

291 2835 354 2918 'per
369 2819 553 2892 l'actitatum
569 2840 637 2888 esse
652 2840 691 2886 ex
706 2837 821 2885 eorum
837 2816 990 2908 operibus
1005 2815 1173 2886 evidenter
1193 2830 1332 2887 constat.

295 2929 478 3004 Audiamus
486 2939 636 2996 sanctum
652 2921 875 3014 Augustinum
887 2921 1131 2992 Platonicorum
1146 2921 1247 2992 libros
1257 2945 1337 2994 cum

183 3054 188 3064 '
295 3040 393 3112 sacris
413 3035 519 3106 Libris
536 3031 784 3102 conferentem:
816 3057 832 3096 u
847 3031 922 3100 Non
936 3027 1083 3115 habent,
1104 3029 1214 3124 inquit
1228 3033 1337 3100 Deum
1373 3063 1376 3066 ·

297 3148 484 3240 alloquens,
499 3137 705 3211 exterorum
716 3137 845 3230 paginae
860 3135 991 3208 vultum
1003 3137 1131 3230 pietatis
1146 3138 1261 3232 hujus,
1284 3137 1337 3208 la-

299 3260 427 3346 crymas
442 3247 672 3334 confessionis,
695 3246 887 3316 sacrificium
910 3259 1026 3332 tuum,
1045 3247 1196 3338 spiritum
1210 3248 1338 3315 contri-

294 3362 471 3444 bulatum,
489 3379 545 3427 cor
561 3353 740 3424 contritum
755 3365 788 3421 et
803 3350 1034 3437 humiliatum,
1050 3351 1164 3444 populi
1176 3351 1336 3438 salutem,
1419 3421 1422 3426 Δ
1488 3353 1489 3364 ’

298 3490 463 3565 sponsam,
474 3463 650 3546 ciuitatem,
663 3459 791 3530 arrham
803 3457 940 3550 Spiritds
949 3459 1062 3544 sancti,
1073 3457 1229 3550 poculum
1240 3455 1340 3550 pretii

299 3577 415 3650 nostri.
428 3576 533 3644 Nemo
544 3569 592 3638 ibi
600 3562 955 3637 cantatzNonneDeo
964 3561 1128 3658 subjectu
1139 3563 1339 3634 eritam'ma

300 3678 408 3760 meu?
420 3679 469 3751 ab
482 3682 560 3773 ipso
575 3675 671 3746 enim
679 3670 841 3743 salutare
852 3690 981 3742 meum.
996 3669 1035 3740 E
1036 3671 1146 3740 terrim
1153 3671 1228 3765 ipse
1236 3669 1340 3740 Deus

302 3815 401 3864 meus
414 3801 450 3857 et
458 3781 631 3857 salutaris
643 3804 762 3866 meus,·
775 3769 960 3872 susceptor
968 3800 1080 3864 meur,
1089 3801 1162 3848 non
1171 3774 1342 3848 movebor

298 3894 457 3990 *amplius
466 3895 492 3961 ².
506 3895 609 3965 Nemo
620 3888 668 3958 ibi
681 3885 776 3958 audit
790 3899 962 3958 vocantem
976 3912 983 3954 :
1000 3883 1135 3958 Venite
1144 3881 1263 3954 acl-me
1277 3886 1343 3976 qui

336 4039 345 4072 ¹
363 4030 431 4079 Socr.
445 4023 506 4076 nist.
518 4019 607 4074 eccles.
621 4017 665 4070 lib.
679 4032 705 4070 ru
713 4053 721 4082 ,
734 4030 790 4080 cap.
808 4013 846 4064 ru.
856 4037 888 4050 -
904 4022 915 4050 ²
929 4011 989 4064 Paul.
1006 4028 1054 4079 in,
1065 4025 1091 4076 2,
1106 4009 1131 4072 3.
1349 3993 1353 3999 ’
