2996 4598
281 379 323 442 40
429 393 608 444 aaaronrct
629 397 655 442 s.
682 394 836 458 aurnum,
859 394 935 446 atas
958 401 1008 460 11,
1033 400 1116 444 sucr.
1142 402 1166 443 1.

280 520 438 590 coporum
452 499 599 586 vocatio,
615 498 822 570 sacerdotum
835 499 1018 586 cellarium,
1034 521 1211 592 puerorum
1225 499 1319 592 prin-

279 604 424 698 cipium,
441 605 616 675 viduarum
632 605 780 676 doctrina
792 660 801 692 ‚
814 609 1065 701 conjugatorum
1081 605 1318 699 pulchritudo,

280 723 488 782 mortuorum
504 713 714 798 resurrectio,
735 712 915 782 viventium
931 712 1125 804 sempiterna
1143 713 1317 804 protectio.

281 820 361 886 Haec
376 830 424 885 est
438 840 497 910 per
514 841 614 911 quam
625 817 691 888 fide
703 841 870 901 ornamur,
880 841 937 911 spe
949 819 1182 888 confirmamur
1197 831 1231 887 et
1241 818 1321 888 cha-

279 925 375 992 ritate
390 925 595 996 roboramur.
616 929 695 994 Haec
710 938 759 994 est
774 947 875 1018 quam
890 925 947 1018 qui
973 924 1157 1010 invenerit,
1175 925 1321 994 inveniet

278 1033 380 1101 vitam
396 1046 429 1100 et
443 1033 573 1102 hauriet
588 1030 726 1102 salutem
741 1033 924 1102 tuomino.
944 1035 1023 1102 Haec
1038 1045 1087 1102 est
1101 1031 1231 1102 labrum
1250 1033 1322 1124 pel·
1435 1087 1438 1094 .

277 1137 442 1230 vis'quam
456 1141 586 1227 Moyses
601 1139 710 1232 posuit
724 1138 759 1206 in
774 1137 999 1224 tabernaculo,
1008 1138 1043 1206 in
1054 1161 1121 1231 quo
1133 1137 1322 1208 lavarentur

278 1247 390 1312 Aaron
405 1257 438 1312 et
447 1243 506 1312 filii
522 1245 590 1337 ejus
602 1232 677 1314 ciam
695 1243 946 1336 ingrederentur
958 1247 1075 1314 Sancta
1086 1247 1317 1314 sanctorum...

278 1352 358 1419 Haec
374 1364 423 1418 est
437 1373 512 1442 quae
523 1351 688 1443 praecipue
702 1351 738 1420 in
747 1356 852 1421 Deum
865 1366 1060 1444 provocatet
1070 1357 1175 1422 Deum
1185 1350 1321 1441 diligere

117 1529 122 1539 ι
214 1447 216 1450 ’
277 1455 413 1541 invitat,
432 1455 532 1525 corda
542 1455 722 1542 illuminat,
739 1455 887 1548 linguam
902 1458 1070 1550 purificat,
1087 1458 1322 1528 conscientiam

276 1563 415 1654 probat,
434 1563 577 1632 animam
597 1563 795 1650 sanctificat,
814 1565 914 1658 fidem
929 1565 1120 1650 confirmat,
1150 1563 1321 1634 diabolum

277 1671 396 1762 rejicit,
405 1683 577 1762 peccatum
590 1671 726 1764 spernit,
744 1671 868 1740 animas
883 1668 1017 1762 frigidas
1031 1669 1191 1750 calefacit,
1205 1669 1321 1740 lumen

276 1776 419 1845 scientiae
429 1769 583 1865 ostendit,
607 1777 759 1846 tenebras
774 1777 968 1870 ignorantiae
988 1776 1134 1870 expellit,
1154 1776 1321 1864 tristitiam
1373 1771 1376 1774 ’

277 1881 389 1952 saeculi
400 1882 579 1974 extinguit,
593 1881 741 1953 laetitiam
755 1885 892 1976 Spirittis
902 1885 1005 1954 sancti
1015 1882 1180 1970 accendit,
1198 1883 1320 1952 sitienti

276 2005 393 2084 potum
408 1991 535 2060 tribuit.
551 1994 630 2062 llaec
646 2005 695 2084 est
711 1993 876 2084 Scriptura
891 2005 1001 2062 sancta
1013 1991 1067 2061 lex
1076 2005 1187 2060 nostra
1198 1990 1319 2062 imma-

276 2097 397 2183 culata,
415 2121 490 2193 quae
503 2097 545 2166 de
556 2097 786 2190 insipientibus
796 2099 956 2190 sapientes
966 2096 1055 2184 lacit,
1073 2098 1194 2190 primos
1206 2095 1319 2166 deno-

275 2205 531 2297 vissimisponit‚
546 2224 680 2295 magnos
693 2203 734 2273 de
745 2205 889 2278 minimis
902 2203 1023 2290 efficit,
1035 2205 1162 2274 nobiles
1174 2203 1319 2294 deiguo-

274 2311 398 2382 bilibus
415 2324 597 2382 commutat
601 2365 613 2398 ,
631 2325 783 2382 naturam
798 2310 926 2398 frenat,
952 2311 1107 2404 prohibet
1126 2311 1316 2396 levitatem,

235 2459 241 2470 ›
275 2432 437 2512 temperat
451 2417 615 2504 dolorem,
638 2417 766 2488 confert
787 2441 899 2512 spem,
916 2431 1051 2488 coronat
1064 2441 1195 2503 senem,
1220 2416 1319 2496 docet

270 2527 450 2619 juvenem,
473 2524 600 2613 mitigat
623 2522 859 2616 dedignanteS,
881 2525 1013 2594 instruit
1039 2539 1199 2610 ostentm,
1226 2538 1319 2594 sanat

208 2689 211 2695 .
276 2647 436 2722 aegrotos,
455 2631 589 2700 roborat
607 2630 771 2716 infirmos,
791 2632 906 2702 brutos
922 2631 1001 2702 lacit
1019 2647 1182 2717 sensatos,
1200 2633 1319 2702 mentis
1391 2687 1395 2694 .

273 2737 487 2810 stabilitatem
497 2736 618 2823 donat,
633 2740 752 2808 excitat
766 2737 1000 2825 somnolentos
1015 2739 1135 2810 otiosos
1154 2739 1315 2831 increpat,

272 2847 382 2939 pigros
393 2846 521 2930 incitat,
547 2841 758 2918 credentibus
777 2846 913 2935 gratiam
933 2844 1005 2930 dat,
1034 2868 1125 2936 reges
1141 2843 1315 2932 humiliat,

271 2953 413 3024 humiles
429 2947 569 3037 exaltat,
583 2965 686 3046 rectas
702 2953 769 3022 vias
781 2951 926 3038 indicat,
944 2941 1195 3042 ,eleemosynam
1209 2954 1316 3046 impe-

228 3075 230 3078 ’
271 3075 334 3131 rat.
361 3064 440 3129 Haec
466 3072 515 3127 est
538 3057 672 3126 scientia
699 3059 908 3128 scientiarum
929 3079 1004 3152 quae
1027 3061 1220 3154 sapientiam
1237 3062 1313 3148 dat,

275 3167 413 3258 gloriam
425 3162 558 3249 exaltat,
570 3164 731 3233 honorem
743 3164 952 3258 multiplicat,
964 3167 1196 3258 humilitatem,
1208 3169 1317 3237 chari-

274 3269 575 3358 tatem,lenitatem,
584 3270 805 3341 obedientiam
818 3287 851 3342 et
868 3273 1153 3342 mansuetudinem
1163 3273 1271 3360 docet,
1282 3287 1317 3344 et

260 3377 579 3450 'intellectus'bonus
590 3393 639 3449 est
652 3379 802 3448 omnibus
812 3378 1095 3450 benefacientibus
1105 3391 1138 3450 et
1149 3381 1316 3472 diligenti·
1423 3473 1425 3476 Ι

271 3487 335 3555 bus
352 3489 471 3554 Deum.
487 3483 626 3557 llaecest
636 3498 717 3580 'quac
736 3485 982 3574 abstinentiam,
997 3487 1200 3574 castitatem,
1218 3487 1316 3580 largi-

272 3606 425 3663 tetemet
445 3590 666 3682 ¹voluntariam
686 3607 913 3686 paupertatem
935 3608 1116 3664 conservat.
1145 3585 1315 3666 Postremd

270 3700 454 3769 doctrinam
462 3699 627 3786 omnibus,
635 3697 1314 3790 felicitatemsuavitatem,gaudia,stabili-

267 3818 370 3878 tatem
377 3803 495 3894 cordis,
507 3806 875 3900 sobrietatemcorporis
883 3807 1171 3900 compunctionem
1180 3809 1311 3896 mentis,

266 3907 614 3986 veram'humilitatem
635 3913 755 4003 donat,
772 3916 964 3997 charitatem
984 3913 1162 3988 fraternam
1188 3913 1305 4008 implet
