2930 4582
198 446 603 518 etruuu1.nuuttuuono
626 449 661 492 nt
684 449 892 521 coucroutaus
915 445 1080 496 auertunt.
1107 438 1168 502 321

133 545 379 619 Radamanthus
393 548 531 635 fruitur,
544 546 697 636 glotild,
725 547 791 639 qual
813 544 906 639 pa'rte
935 548 1071 638 dignum
1094 575 1172 622 eum

132 672 281 744 censent,
303 659 361 752 qui
386 659 533 750 ejusdem
557 670 634 725 sunt
656 655 798 726 sodalitii
824 671 923 751 atque
945 659 1079 730 ordinis.
1099 667 1171 733 Hoc

131 786 236 832 unum
253 787 292 833 ex
312 762 400 833 illius
415 765 515 832 rebus
533 762 643 832 habeo
664 761 755 854 quod
769 762 911 834 admirer
930 793 937 836 :
953 767 1030 834 nim
1049 769 1172 838 multos

131 871 264 963 quidem
276 895 403 958 eorum,
416 871 474 964 qui
489 868 551 962 ipsi
565 869 637 940 noti
649 891 687 939 ac
698 869 872 941 familiares
881 870 1025 960 fuerant,
1040 897 1078 944 ac
1087 899 1173 968 prae-

73 965 75 968 ’
130 978 241 1047 sertim
253 1001 294 1047 ex
306 977 455 1048 Asiaticis
469 973 589 1046 scholis
601 1027 619 1062 ,.
629 998 759 1046 summo
774 975 903 1064 studio,
921 980 1015 1072 quasi
1030 981 1173 1053 mirificis

129 1083 328 1176 quibusdam
347 1082 514 1152 benefieiis
536 1103 601 1151 eos,
617 1095 811 1170 ornaturus,
833 1086 1034 1174 accersebat,
1062 1111 1100 1158 ae
1115 1111 1173 1183 spe

129 1191 255 1280 animos
276 1212 392 1258 eorum
407 1187 570 1280 erigebat,
588 1201 698 1258 vetera
710 1189 810 1281 ipsius
821 1191 978 1282 promissa
997 1194 1032 1262 in
1044 1217 1174 1266 memo-

129 1297 220 1366 riam'
228 1308 430 1366 revocantes.
439 1299 482 1364 tt
494 1293 570 1364 citur
585 1294 747 1381 adessent,
764 1297 828 1366 hoc
840 1295 925 1366 illud
937 1297 1089 1370 videlicet
1104 1301 1174 1372 cal-

48 1456 52 1463 ,
129 1403 283 1474 culorum
298 1402 488 1494 praestigiae,
506 1415 539 1470 et
553 1401 726 1471 oculorum
737 1401 977 1476 ludificationes
991 1439 1000 1498 3
1014 1409 1074 1479 bos
1084 1411 1173 1481 enim

128 1511 195 1579 hoc
210 1510 327 1628 modo,
346 1507 418 1578 illos
439 1507 504 1578 alio
520 1505 656 1578 eludens
669 1540 678 1599 3
696 1508 857 1602 quosdam
872 1512 971 1580 etiarn
987 1537 1100 1586 mensa
1115 1541 1175 1588 co·

129 1615 228 1686 miter
245 1615 425 1706 accipiens,
449 1616 486 1684 ac'
506 1613 651 1683 multum
666 1613 763 1702 illud,
782 1614 949 1705 Sodalis,
974 1623 1173 1713 propinans,

128 1737 164 1793 et
178 1747 238 1825 pro
253 1723 316 1791 alia
332 1721 476 1816 quidam
490 1721 646 1792 illecebri
669 1721 808 1794 diducto
827 1739 961 1816 gutture
980 1728 1172 1818 clamitans,

127 1817 257 1900 insectis
271 1831 407 1900 tandem
419 1832 518 1899 rebus
534 1829 744 1916 dimittebat,
762 1831 853 1900 haud
868 1833 943 1903 satis
954 1839 1174 1908 constitutum

127 1939 305 2022 habentes,
319 1935 425 2006 illius·
427 1960 469 2006 ne
486 1934 639 2008 fraudem
654 1937 777 2028 magis,
794 1962 837 2010 an
852 1959 946 2012 suam
961 1941 1108 2035 ipsontm
1123 1945 1175 2018 le·

127 2045 264 2114 vitatem
280 2056 483 2114 accusarent.

176 2181 192 2218 a
218 2149 308 2220 Illud
322 2152 402 2220 verb
423 2173 535 2220 annon
554 2149 590 2218 in
604 2148 792 2280 philosophi
806 2151 904 2245 hujus
924 2152 1075 2226 doctrinl
1098 2099 1174 2228 lau·

95 2249 108 2319 ss
127 2257 272 2342 dabile,
281 2255 374 2348 qubd
400 2253 483 2324 adel)
510 2254 589 2324 ab
581 2255 629 2324 tra
651 2253 779 2324 alienus
804 2271 886 2344 erat,
912 2281 950 2328 ac
974 2261 1175 2333 turbulentis

127 2365 230 2434 animi
220 2363 511 2456 'permotionibus
535 2362 729 2452 sublimior,
755 2364 857 2432 instar
879 2365 1036 2453 nimirirm
1059 2393 1175 2439 eorum

126 2493 246 2562 regum
266 2493 313 2540 ae
323 2471 579 2562 imperatorum,
598 2468 657 2560 qui
673 2469 919 2562 tranquillitatis
934 2485 968 2541 et
982 2474 1175 2544 constantiae

125 2576 228 2646 laude
237 2575 406 2666 quondltm
418 2576 593 2660 florebant,
611 2597 673 2644 nec
683 2575 781 2644 etiam
796 2574 823 2644 si
838 2575 919 2668 quid
929 2578 1088 2649 molestiae
1098 2581 1188 2674 ipsis·

126 2681 319 2766 accidisset,
348 2680 476 2752 vultum
495 2694 606 2748 tamen
629 2679 822 2750 ullomodo
849 2682 1088 2771 immutabant,
1118 2701 1177 2757 aut

125 2787 388 2882 perturbationis
416 2785 590 2875 vestigium
619 2784 856 2876 ostendebant,
880 2801 919 2856 ut
948 2790 1059 2880 qubd,
1093 2791 1175 2862 ditm

123 2894 248 2988 judicis
259 2895 397 2962 munere
412 2890 625 2983 fungeretur,
643 2889 752 2960 aulam
768 2889 966 2962 clamoribus
983 2918 1020 2964 ac
1035 2898 1175 2988 strepitu

126 3001 299 3093 impleret,
307 3021 375 3068 non
388 2997 481 3067 aliter
492 3021 530 3066 ac
545 2998 572 3066 si
586 2997 655 3088 ipse
664 3011 757 3083 esset,
770 2997 823 3094 cui
837 2999 885 3069 vis
900 3013 934 3069 et
948 2999 1109 3071 damnum
1120 3004 1174 3072 in-

127 3107 291 3202 ferretur,
310 3131 348 3176 ac
362 3129 431 3176 non
443 3105 511 3174 aliis
525 3103 634 3197 potitis
650 3105 722 3176 haec
737 3105 936 3197 patientibus
951 3113 1175 3180 succurreret?
1204 3155 1206 3158 -

128 3220 211 3285 Haec
223 3215 311 3284 certe
324 3237 367 3282 ne
377 3213 523 3282 oratione
532 3212 668 3305 quidem
682 3213 857 3305 complecti
868 3215 1017 3285 velimus.
1033 3221 1105 3288 Hoc
1115 3243 1172 3289 au·
1244 3252 1249 3282 r

14 3345 16 3350 ·
127 3335 198 3391 tem
211 3322 305 3390 eccui·
318 3344 358 3389 ex
372 3319 525 3390 omnibus
542 3319 692 3408 ignotum
708 3331 772 3406 est,
795 3317 885 3410 quod
901 3320 1023 3390 multos
1042 3324 1175 3401 etiarnb

128 3427 373 3512 rusticioribus,
392 3425 450 3519 qui
469 3422 512 3492 ad
525 3413 602 3491 eum
613 3421 747 3516 publice
754 3423 970 3512 accedebant,
990 3441 1171 3516 uteorum,
1214 3447 1220 3452 ·

130 3557 208 3625 qnae
228 3530 344 3624 populi
360 3532 402 3600 ab
417 3529 669 3622 imperatoribus
687 3541 799 3620 petere
813 3528 936 3616 solent,
954 3531 1079 3626 aliquid
1089 3559 1173 3606 con·

131 3651 365 3732 sequerentur,
382 3638 427 3712 itt
443 3632 637 3720 mulctabat,
655 3637 763 3726 paltm
780 3658 895 3728 pugno
914 3633 1052 3725 seriens,
1076 3640 1176 3712 calci-

132 3747 263 3840 bu'sque
288 3745 470 3836 impetens,
488 3756 527 3812 ut
551 3739 705 3834 praeclare
729 3765 839 3812 secum
863 3758 973 3813 aetum
999 3759 1171 3840 putarent,

132 3853 225 3946 qubd
243 3851 384 3921 atrocius
399 3848 523 3942 aliquid
539 3849 673 3920 minime
689 3848 774 3942 passi
788 3854 918 3920 essent?

89 3997 95 4017 ⁶
170 3991 178 4019 ¹
192 3982 256 4048 Virg.
270 3978 365 4032 AEneid·
375 3993 409 4031 tr

276 4079 313 4126 11.
978 4062 1016 4123 tt
