2982 4584
286 410 350 474 464
439 421 616 470 naraontcl
639 425 666 468 s.
692 421 840 484 aaaron,
865 423 940 470 rans
963 432 1010 491 11,
1027 403 1114 480 sacr.
1138 434 1161 474 1.

331 553 347 592 ι
367 523 415 594 sit
429 522 591 616 quispiam
602 523 661 616 qui
671 521 792 592 multas
805 523 1065 616 cupiatdivitias,
1079 530 1162 600 alius
1176 527 1234 622 qui
1242 526 1318 596 nul-

280 631 340 700 las.
359 627 449 712 Quid
464 627 593 715 melius,
610 628 665 698 dic
678 629 776 716 mihi,
791 628 873 724 quid
886 631 1075 702 honestius?
1086 637 1146 704 sed
1160 637 1225 706 hoc
1244 633 1320 726 qui-

281 735 360 806 dem
377 736 527 806 mittatur
546 765 554 807 :
570 736 608 806 in
622 733 770 808 confesso
785 727 873 806 enim
888 750 948 823 est,
965 738 1053 830 qnbd
1065 741 1120 810 hic
1136 756 1322 832 postremus

153 919 155 926 ¹
282 843 325 914 sit
339 841 398 914 illo
412 843 581 914 honestior
598 871 606 912 :
624 865 734 936 neque
749 841 791 912 de
807 843 870 913 haic
885 866 921 912 re
944 845 1080 936 quaestio
1091 847 1158 938 jhm
1175 861 1246 938 est,
1264 843 1323 916 sed
1337 937 1340 940 Ι

282 961 358 1022 uter
372 949 552 1024 faciliorem
576 962 610 1020 et
630 949 813 1020 suaviorem
838 949 938 1035 ducat
956 951 1068 1020 vitam.
1090 955 1211 1022 Avarus
1230 951 1325 1022 cert'e

283 1059 386 1128 neiis
407 1055 543 1151 quidem
566 1079 642 1151 quae
663 1055 916 1148 habet'fruitur3
938 1059 1015 1127 nam
1038 1057 1131 1151 quod
1144 1074 1230 1128 amat
1251 1080 1330 1130 non

282 1167 475 1259 impendere
489 1164 649 1255 voluerit,
665 1163 723 1234 sed
733 1163 890 1258 libentibs
905 1187 940 1234 se
950 1165 1059 1256 ipsum
1069 1159 1277 1252 conciderit,
1293 1177 1328 1234 et

283 1295 398 1344 carnes
411 1273 597 1366 projecerit,
615 1275 717 1366 quim
732 1295 867 1362 aurum,
883 1275 941 1366 qui
953 1287 1063 1344 antem
1078 1273 1233 1366 pecunias
1248 1273 1328 1343 des-

233 1425 237 1432 ·
284 1380 380 1474 picit,
394 1381 459 1452 hoc
470 1379 602 1450 interim
618 1379 782 1465 lucratur,
800 1378 891 1473 quhd
904 1380 942 1448 iis
957 1403 1033 1472 quae
1052 1379 1154 1450 habet
1168 1379 1274 1448 tibere
1288 1402 1327 1449 ac

284 1487 399 1560 εθοιιιὸ
409 1484 550 1572 fruatur,
568 1509 669 1580 seque
683 1485 746 1555 illis
759 1486 923 1578 praeferat.
939 1487 1027 1569 Quid
1040 1489 1118 1578 ergb
1133 1487 1264 1557 suavius
1278 1499 1328 1557 est

283 1592 389 1666 tibere
405 1592 471 1664 frui
486 1593 595 1680 bonis,
613 1607 671 1663 aut
686 1593 748 1662 sub
762 1592 902 1661 dominis
917 1593 1037 1663 divitiis
1051 1593 1230 1681 viventem,
1243 1593 1328 1663 nihil

284 1723 420 1774 uturum
436 1701 626 1791 contingere
649 1701 792 1770 audere?
814 1699 954 1768 Perinde
977 1701 1066 1770 enim
1090 1702 1172 1770 mihi
1196 1699 1328 1772 videtur

284 1801 354 1880 esse
366 1832 404 1880 ac
419 1807 446 1878 si
460 1807 522 1877 viri
533 1804 669 1901 qnidam
683 1799 767 1876 duas
778 1805 936 1876 habentes
948 1829 1079 1895 uxores,
1101 1825 1132 1877 et
1147 1807 1327 1879 admodum

191 1925 200 1938 '
231 1923 238 1941 '
284 1917 370 2010 ipsas
384 1928 550 1994 amantes,
568 1935 637 1983 ιιοιι
652 1913 770 1984 eodem
786 1911 886 1982 modo
905 1913 982 2005 ipsis
997 1927 1154 2005 utantur,
1165 1913 1223 1984 sed
1234 1914 1327 1985 alteri

284 2020 421 2116 quidem
432 2042 569 2091 uxorem
584 2019 776 2109 contingere
790 2033 824 2088 et
839 2041 916 2088 cum
929 2018 986 2088 itte
992 2021 1133 2108 versari,
1147 2020 1240 2091 alteri
1248 2024 1326 2093 verb

284 2151 327 2198 ne
341 2127 445 2220 prope
454 2125 590 2218 quidem
604 2125 702 2196 liceat
716 2125 883 2196 accedere.
902 2126 1014 2196 Dicam
1030 2141 1063 2195 et
1075 2126 1178 2218 aliud,
1197 2151 1264 2222 quo
1280 2127 1329 2198 al-

283 2234 384 2306 terius
396 2231 613 2325 voluptatem,
631 2230 763 2302 alterius
774 2254 950 2302 moerorem
963 2249 1229 2306 commonstrem.
1245 2240 1329 2307 Ava-

282 2363 340 2412 rus
359 2341 533 2459 nunquhrn
556 2338 647 2410 sistet
669 2339 755 2410 hanc
778 2338 1009 2431 cupiditatem,
1028 2363 1096 2412 non
1116 2343 1218 2414 modb
1236 2342 1330 2436 qnbd

282 2460 426 2540 nequeat
440 2445 589 2518 omnium
605 2445 694 2515 bona
708 2443 879 2534 invadere,
896 2445 953 2515 sed
968 2447 1067 2516 etiam
1083 2449 1175 2541 qubd
1191 2464 1330 2580 quanta·

166 2643 170 2654 q
283 2575 427 2670 cumque
442 2550 633 2642 possederit,
650 2574 685 2618 se
699 2550 783 2618 nihil
797 2553 919 2621 habere
933 2567 1039 2644 putet.
1058 2555 1121 2638 Qui
1132 2559 1211 2626 verb
1225 2579 1329 2652 pecu-

282 2657 353 2728 nias
368 2651 519 2749 despicit,
537 2655 1170 2782 superfluaommaexrstrmab1t,neque
1189 2663 1327 2735 infinitis

281 2763 522 2858 cupiditatibus
552 2763 696 2833 animam
722 2764 895 2835 cruciabit.
928 2766 1018 2836 Nihil
1043 2768 1131 2836 enim
1157 2783 1206 2839 est
1233 2773 1328 2865 quod

280 2874 434 2970 supplicii
449 2873 610 2944 rabonem
634 2871 681 2942 iu
700 2872 837 2958 habeat,
858 2887 898 2944 ut
919 2875 1183 2967 concupiscentia
1205 2901 1271 2947 usu
1293 2892 1328 2948 et

280 2983 394 3056 fruclu
411 2982 559 3076 privata,
575 2979 611 3050 id
627 2978 742 3072 quod
732 2981 872 3051 maxime
883 3004 1067 3074 perversam
1082 2985 1216 3055 exhibet
1230 3009 1327 3056 men-

221 3148 222 3151 ,
280 3103 360 3160 tem.
392 3085 572 3161 Considera
596 3097 740 3156 autem:
766 3087 825 3180 qui
849 3089 1004 3180 pecunias
1029 3091 1121 3192 cupit
1147 3106 1180 3160 et
1204 3093 1326 3163 multas

146 3243 154 3262 ,
279 3192 444 3288 possidet,
469 3193 515 3262 ιιι
540 3191 679 3261 affectus
695 3205 760 3279 est,
788 3215 827 3262 ac
848 3217 875 3262 si
866 3194 974 3264 'nihil
999 3185 1147 3266 haberet.
1177 3187 1337 3272 Hoccine

275 3291 397 3377 morbo
421 3297 607 3394 perplexius
629 3297 712 3394 quid
737 3321 805 3368 esse
829 3302 959 3392 potasti
986 3305 1101 3422 Neque
1125 3304 1189 3374 hoc
1214 3304 1324 3378 solium

279 3432 378 3504 grave
393 3420 459 3498 est,
475 3407 534 3478 sed
549 3405 647 3476 ctiam
661 3407 772 3499 qubd'
765 3429 833 3500 ,qur
823 3405 971 3494 habet,
992 3431 1030 3478 ea
1044 3408 1113 3502 ipsa
1130 3434 1207 3504 quae
1230 3425 1325 3484 tenet

277 3542 347 3598 non
369 3515 493 3588 habere
516 3511 684 3603 videatur,
712 3514 837 3582 etiamsi
858 3515 1007 3585 omnium
1027 3517 1115 3587 bona
1141 3522 1320 3612 acceperit,

278 3625 383 3716 magis
392 3621 558 3696 cruciatur
575 3618 724 3689 :etiamsi
740 3632 873 3690 centum
888 3621 1012 3692 talenta
1027 3624 1206 3715 possideat,
1229 3625 1323 3721 qubd

277 3731 368 3816 mille
376 3753 446 3802 non
454 3728 576 3800 babeat
591 3723 682 3797 dolet
693 3755 703 3815 3
715 3725 744 3794 si
753 3724 843 3796 mille
860 3728 992 3814 habeat,
1006 3729 1097 3822 qnbd
1108 3729 1217 3802 decies
1229 3733 1322 3802 mille

277 3859 346 3908 non
357 3837 479 3908 habeat
493 3831 682 3922 mordetur,
694 3832 722 3902 si
736 3830 843 3903 decies
857 3833 949 3902 mille
959 3828 1133 3930 acceperit,
1147 3840 1239 3932 qnbd
1251 3863 1321 3912 non

276 3943 384 4021 decies
398 3941 494 4037 plura
508 3938 692 4014 obtinuerit
710 3939 844 4032 angitur
868 3965 875 4011 ι
896 3939 1065 4039 majorque
1088 3945 1260 4040 acquisitio
1280 3948 1321 4018 fit
