2982 4584
255 440 356 490 creur
380 445 426 488 vr.
453 443 494 488 nn
517 443 674 490 urnuooo
690 441 726 486 ru
742 438 948 488 concremans
971 431 1137 484 luuram.
1164 417 1226 484 401

187 544 349 629 moechus,
367 543 516 636 inquies,
529 565 568 610 ex
584 541 635 612 bis
649 535 843 630 spectaculis
858 532 964 608 sactus
979 538 1054 608 est‘l
1067 536 1140 608 Imd
1155 536 1229 630 quis

186 675 254 749 non
271 653 441 726 moechus?
454 651 487 724 Si
502 649 618 722 liceret
629 645 823 718 nominatim
841 642 970 734 efferre,
982 642 1091 716 dicere
1105 645 1228 736 possim

186 773 270 856 quot
283 759 368 834 viros
383 759 455 842 baec
467 757 511 828 ab
527 756 686 830 uxoribus
705 753 960 847 sequestrabat,
975 765 1008 822 et
1023 765 1107 844 quot
1122 754 1227 844 capti·
1268 775 1270 780 ·

185 889 242 940 ros
257 867 444 938 meretrices
463 861 529 934 illac
555 861 722 955 ceperint,
747 854 890 954 quorum
917 857 996 932 alios
1025 859 1044 928 h
1064 859 1229 952 conjugali

183 973 269 1048 lecto
298 971 540 1057 adduxerunt,
554 969 635 1044 alios
655 991 698 1042 ne
712 990 829 1041 uxores
845 966 1011 1042 ,ducerent
1030 965 1225 1040 effecerunt.

184 1080 273 1164 Quid
288 1080 401 1171 igitur,
414 1101 538 1170 quaeso,
551 1075 696 1176 leges-ne
711 1067 1147 1178 omuesev'ertemustQuin
1159 1073 1227 1146 imb

185 1188 333 1274 Theatris
347 1175 1227 1277 eversislegum-transgressionesevertimm.thqui

183 1295 331 1369 civitates
345 1292 576 1385 pessumdant,
590 1316 629 1364 ex
645 1294 764 1366 borum
776 1314 915 1364 numero
929 1304 1018 1363 sunt.
1038 1290 1124 1364 Hinc
1139 1290 1227 1362 sedi-

183 1403 289 1472 tiones
304 1413 337 1474 et
355 1399 630 1492 perturbationes.
651 1401 734 1472 th
758 1400 817 1494 qui
832 1400 868 1470 in
882 1399 934 1472 his
957 1397 1045 1471 ludis
1068 1397 1223 1486 aluntur,

183 1507 312 1602 quique
323 1529 438 1582 rocem
454 1507 575 1580 ventris
587 1509 684 1582 cause
698 1505 871 1592 venduut,
890 1527 1034 1598 quorum
1050 1526 1133 1595 opus
1148 1505 1226 1576 offi-

184 1615 339 1710 ciumque
358 1629 408 1689 est
425 1614 586 1704 clamare,
613 1629 646 1686 et
673 1615 804 1708 quidvis
838 1613 1017 1686 absurdum
1037 1609 1165 1701 lacere,
1190 1613 1225 1684 bi

166 1722 322 1794 maxime
336 1736 414 1796 sunt
429 1723 487 1817 qui
501 1723 642 1815 populos
657 1721 846 1807 concitant,
863 1721 922 1814 qui
937 1717 1100 1792 tumultus
1123 1719 1159 1790 in
1171 1743 1226 1792 ur·
1261 1788 1264 1796 .

181 1828 281 1901 bibus
296 1825 435 1901 faciunt.
454 1833 616 1900 turonus
632 1827 719 1898 enirn
736 1826 859 1912 otiosa,
877 1826 913 1899 iu
924 1825 1013 1898 hisce
1027 1826 1121 1898 malis
1139 1825 1228 1926 edu-q

181 1947 275 2021 eata,
293 1932 364 2008 sera
380 1935 494 2032 quivis
509 1935 614 2010 acrior
629 1933 781 2008 efficitur.

226 2069 244 2108 r
264 2041 451 2129 Undenbm,
469 2065 602 2137 quaeso,
628 2041 904 2134 praesdgiatoresi
920 2041 1038 2112 Nonne
1052 2039 1130 2112 inde
1146 2061 1225 2132 pro-

179 2148 391 2236 ficiscuntur,
410 2163 449 2222 ut
468 2149 631 2242 populum
654 2163 826 2222 vacantem
847 2147 969 2220 temere
995 2147 1223 2236 inflamment,
1315 2211 1318 2218 r
1429 2137 1433 2150 '

179 2255 281 2350 idque
297 2255 419 2355 faciant
434 2270 473 2328 ut
488 2279 529 2328 cx
543 2255 742 2330 tumultibus
757 2256 926 2328 saltatores
942 2255 1038 2327 bouis
1054 2259 1222 2344 fruantur,

179 2375 213 2436 et
228 2363 414 2437 meretrices
428 2363 573 2466 honestis
593 2361 786 2436 mulieribus
809 2363 1047 2455 impedimento
1074 2362 1161 2436 siut?
1185 2367 1225 2434 In
1259 2396 1263 2446 ς

178 2485 308 2548 tanturn
323 2473 411 2548 enim
435 2470 586 2544 maleficii
606 2495 710 2564 genus
732 2461 949 2564 perveniunt,
964 2483 1003 2544 ut
1017 2483 1225 2542 mortuorum

179 2602 250 2650 ossa
262 2603 395 2652 movere
409 2603 478 2651 non
489 2579 654 2654 dubitent.
669 2583 786 2654 Nonne
794 2579 865 2650 haee
880 2579 959 2651 inde
970 2577 1046 2650 ided
1058 2579 1222 2666 oriuntur,
1280 2570 1284 2668 j

178 2683 271 2778 qubd
286 2683 329 2754 ad
344 2684 439 2754 illum
449 2683 574 2758 diaboli
588 2687 728 2758 eborum
740 2699 891 2776 sumptus
903 2687 1093 2760 innumeros
1108 2710 1224 2760 eonsu-

179 2811 269 2858 mere
285 2791 469 2880 cogantur?
492 2790 637 2862 Luscinia
652 2804 763 2864 autem
778 2791 890 2876 uude,
908 2812 1040 2866 necnon
1062 2791 1148 2862 mala
1168 2793 1224 2862 iu·
1311 2810 1316 2818 ·

102 2991 105 2994 ¹
178 2898 338 2969 numera?
364 2896 526 2970 Vides-ue
550 2912 583 2968 te
598 2919 667 2970 esse
682 2899 739 2992 qui
762 2899 865 2972 vitam
879 2898 1060 2970 humanam
1083 2901 1220 2986 evertis,

178 3001 260 3075 dbm
273 3000 316 3074 ad
330 3003 403 3076 haec
422 3003 606 3095 pertrahis?
622 3008 695 3097 Ego
710 3007 789 3078 verb
808 3027 879 3077 rem
894 3005 1128 3078 destruendam
1143 3029 1223 3080 ceu-

153 3166 157 3174 .
177 3133 243 3194 seo,
264 3109 431 3194 Tollamus
446 3114 524 3204 ergh
535 3113 747 3202 orchestram,
760 3115 901 3208 inquies.
915 3116 1048 3189 Utinhm
1063 3114 1135 3186 tolli
1150 3138 1222 3208 pos·

176 3233 243 3309 set,
259 3219 327 3289 imb
340 3216 419 3292 verb
434 3220 460 3290 si
475 3219 596 3308 vultis,
616 3222 709 3316 quod
724 3221 767 3295 ad
782 3237 926 3296 nostram
944 3237 1073 3314 partem
1084 3225 1218 3310 attinet,
1281 3243 1286 3252 ·

172 3327 242 3419 jhm
252 3325 383 3400 sublata
392 3339 425 3398 et
439 3326 594 3398 subversa
608 3342 666 3402 est.
682 3333 836 3402 Attamen
844 3351 913 3401 non
924 3331 988 3402 hoo
1001 3329 1104 3421 jubeo
1115 3359 1123 3400 r
1136 3344 1221 3401 stan·

54 3463 64 3488 κ
175 3447 244 3502 tem
258 3433 349 3506 illam
364 3457 433 3506 non
449 3431 691 3526 frequentatam
710 3433 855 3521 reddite,
873 3457 949 3528 quoe
964 3437 1069 3528 major
1084 3435 1155 3510 laus
1168 3459 1220 3508 es·

174 3554 239 3627 set,
269 3543 371 3635 quim
396 3541 538 3615 diruere.
559 3542 674 3616 Sinon
689 3542 788 3631 alios,
809 3541 965 3616 barbaros
979 3541 1093 3614 saltem
1109 3541 1219 3616 imita·

176 3647 273 3734 mini,
291 3649 350 3741 qui
365 3643 554 3742 hujusmodi
574 3642 753 3740 spectaculi
773 3647 979 3743 turpitudine
993 3654 1218 3737 carentum

173 3753 273 3832 nobis,
294 3755 393 3844 igitur
416 3755 571 3850 deinceps
591 3757 756 3832 excusatio
770 3759 854 3851 erit,
870 3757 948 3830 eiam
972 3780 1032 3830 nos
1055 3758 1239 3834 coetorum*

173 3859 280 3947 cives,
303 3861 561 3956 cherubinorum
579 3865 682 3940 choro
699 3866 852 3958 ascripti,
871 3865 1066 3958 angelorum
1080 3889 1216 3945 consor·
1293 3921 1303 3945 .

171 3981 237 4056 tes,
256 3967 404 4063 barbaris
415 3970 478 4044 hac
491 3971 532 4044 in'
542 3995 576 4044 re
597 3974 723 4066 pejores
739 3972 859 4062 simus,
875 3973 952 4049 ciam
967 3973 1065 4052 liceat
1079 3996 1215 4052 sexcen-
