2992 4590
237 447 339 496 ΕΔΡΠΤ
361 421 407 533 ΙΥΙ.
433 451 474 495 DE
497 451 655 496 ΠΕΤΗΟΒΟ
671 451 707 494 nt
721 449 930 495 CONCIOMBUS
952 447 1119 496 ΑΒΗΙΙῙΤᾸ.
1147 435 1210 496 167

172 549 375 642 locupletum
390 549 552 634 aerarium,
571 549 607 618 in
622 547 727 640 quod,
741 570 809 615 non
821 547 921 617 modb
936 549 1159 621 redundantes
1174 575 1213 620 ac

172 658 346 749 superfluae
361 678 450 748 opes,
469 653 527 724 sed
539 655 609 746 jhm
626 652 815 721 necessariae
830 655 962 745 quoque
974 653 1144 726 facultates
1156 680 1214 750 per

171 765 257 834 illius
269 763 509 834 cohortationes
528 758 766 844 reconduntur,
785 760 890 828 tineas
902 762 1111 850 excutientes,
1126 762 1214 838 turos

171 894 239 940 non
263 869 482 953 oblectantes,
506 865 639 936 invidiae
660 879 826 934 certamen
851 879 885 934 et
905 868 1060 958 temporis
1077 892 1216 962 corrup-

172 978 294 1046 tionem
307 976 524 1068 effugientes,
542 973 579 1041 in
590 995 659 1065 quo
670 971 805 1041 morbus
817 995 914 1064 aequo
923 973 1034 1042 animo
1046 973 1215 1063 toleratur,

171 1099 204 1154 et
226 1083 392 1154 calamitas
416 1083 513 1150 beata
535 1094 706 1165 censetur,
732 1091 765 1147 et
779 1077 1002 1148 misericordia
1016 1079 1214 1172 exploratur.

171 1190 259 1274 Quid
276 1213 354 1258 cum
368 1188 433 1257 hoc
447 1209 546 1278 opere
558 1207 744 1280 comparem
755 1185 883 1254 Thebas
894 1199 1019 1278 septem
1034 1200 1145 1278 portas
1160 1175 1218 1260 ha·

171 1299 300 1382 bentes,
315 1309 349 1364 et
364 1295 535 1387 AEgyptias
554 1291 636 1378 illas,
654 1301 688 1361 'et
701 1314 812 1360 muros
827 1289 1057 1390 Babylonicos,
1072 1308 1106 1363 et
1121 1296 1215 1366 Gari-

170 1428 249 1474 cum
281 1400 421 1472 Mausoli
444 1399 650 1493 sepulcrum,
676 1413 709 1468 et
734 1397 945 1489 Pyramides,
969 1412 1003 1468 et
1027 1399 1152 1471 Colossi
1171 1427 1216 1474 aes

169 1511 387 1591 immensum,
408 1521 441 1575 et
456 1505 593 1576 delubra
608 1505 692 1574 miri
709 1504 937 1597 magnitudine
955 1520 1055 1599 atque
1075 1507 1218 1600 eleganti

169 1629 242 1684 arte
262 1612 428 1699 conlecta,
440 1615 507 1705 jhm
520 1635 635 1685 eversa
651 1626 685 1682 et
700 1626 876 1705 prostrata,
892 1626 1077 1706 caeteraque
1092 1615 1214 1701 omnia,

169 1745 246 1814 quae
255 1721 410 1806 homines
426 1719 643 1805 admirantur,
661 1733 761 1813 atque
775 1719 917 1788 historiis
931 1719 1164 1814 prodiderunt,
1177 1746 1216 1792 ex

169 1830 292 1922 quibus
316 1827 488 1914 omnibus,
510 1841 630 1921 praeter
653 1827 793 1896 inanem·
808 1825 987 1920 quamdam
1009 1841 1043 1896 et
1065 1828 1216 1918 exiguam

170 1935 320 2027 gloriam,
339 1927 432 2002 nulla
445 1934 576 2026 prorsus
585 1934 708 2004 utilitas
723 1933 765 2002 ad
782 1946 984 2002 extructores
1000 1932 1120 2003 rediit?
1135 1935 1217 2005 Mihi
1287 1961 1291 1964 ·

168 2043 246 2111 verb
270 2040 362 2110 nulla
386 2063 436 2108 res
446 2039 593 2132 perinde
608 2039 817 2130 ,admirabilis
836 2041 985 2126 videtur,
998 2035 1106 2133 'atque
1121 2063 1215 2110 com-

93 2233 95 2236 ,
169 2147 337 2240 pendiaria
351 2147 425 2214 baec
440 2145 482 2214 ad
499 2145 637 2214 salutem
652 2145 716 2232 via,
736 2147 789 2214 hic
800 2144 902 2215 facilis
916 2146 952 2214 in
968 2145 1089 2216 cmlum
1104 2171 1215 2217 ascen·

169 2278 232 2324 sus.
251 2258 328 2325 Non
341 2255 410 2347 jhm
424 2250 527 2321 oculis
539 2253 657 2320 nostris
668 2253 758 2321 triste
771 2268 804 2321 et
815 2251 1038 2322 miserandum
1049 2268 1214 2345 spectacu-

168 2360 239 2430 lum
271 2360 485 2452 proponitur,
517 2359 666 2428 homines
690 2359 765 2426 anth
794 2373 934 2428 mortem
961 2359 1029 2429 vita
1044 2359 1154 2456 (suncti
1177 2384 1214 2430 ac

167 2469 318 2562 pluribus
334 2468 478 2561 corporis
494 2467 649 2536 membris
664 2457 807 2552 mortui,
825 2466 1026 2570 civitatibus,
1044 2465 1211 2554 domibus,
1240 2534 1245 2538 .

167 2575 253 2662 loro,
271 2577 376 2668 aquis,
393 2575 583 2646 hominibus
599 2573 697 2642 etiam
712 2573 774 2644 sibi
790 2573 984 2666 charissimis
999 2574 1137 2667 expulsi,
1152 2599 1214 2646 no·
1296 2563 1310 2644 ’,

167 2683 311 2752 minibus
327 2683 550 2774 potiusquam
572 2703 747 2772 corporum
763 2680 968 2748 lineamentis
988 2683 1186 2772 agnoscendi
1204 2713 1211 2753 :

167 2789 284 2858 necin
309 2787 449 2880 publicis
464 2785 607 2855 coetibus
634 2793 673 2853 et'
691 2785 908 2854 conventibus
933 2809 992 2876 per
1018 2785 1167 2856 sodalitia
1182 2804 1216 2858 et

167 2895 387 2966 contubernia
404 2894 601 2978 offeruntur,
619 2915 687 2961 non
699 2893 768 2984 jam
789 2890 1043 2962 misericordiam
1063 2893 1107 2961 ob
1123 2916 1214 2963 mor-

166 3003 262 3087 bum,
278 3001 336 3070 sed
348 3001 461 3071 odium
475 2999 527 3070 sul
542 3000 763 3088 concitantes,
777 2999 1009 3070 miserabilium
1024 3001 1216 3072 cantionum

163 3110 319 3192 'artifices
338 3109 364 3176 si
379 3107 500 3199 quihus
513 3119 624 3174 tamen
635 3131 698 3177 vox
713 3109 847 3200 quoque
869 3107 937 3200 ipsa
953 3121 1110 3201 superest.
1128 3107 1217 3192 Quid
1282 3177 1283 3186 ,

167 3239 217 3284 res
240 3229 365 3284 nostras
387 3236 502 3283 omnes
526 3213 657 3304 tragicis
681 3214 789 3290 verbis
809 3237 1000 3306 prosequar,
1025 3217 1101 3284 cum
1125 3215 1216 3286 nulla

168 3324 272 3392 oratio
292 3321 371 3393 huic
386 3319 562 3391 calamitati
579 3342 637 3410 par
648 3319 788 3388 inveniri
803 3323 923 3411 queat?
939 3325 982 3403 ht
998 3319 1053 3390 ille
1066 3323 1214 3395 omnium

167 3431 309 3502 maxime
334 3428 428 3498 nobis
456 3427 708 3519 persuasit,ut,
736 3426 813 3493 cum
836 3427 984 3496 homines
1005 3429 1121 3516 simne,
1148 3430 1213 3498 ho·

140 3563 141 3570 ¹
167 3537 273 3608 mines
289 3559 331 3606 nc
351 3547 617 3618 contemnamus,
639 3555 699 3600 nec
712 3521 771 3624 per
786 3547 932 3602 nostram
949 3533 984 3600 in
1006 3532 1080 3603 illos
1098 3535 1216 3603 crude-

168 3642 315 3728 litatem,
343 3641 531 3726 Christum,
555 3661 661 3710 unum
693 3639 842 3710 omnium
871 3653 995 3731 caput,
1030 3639 1209 3729 ignominid
1244 3645 1246 3650 ’

170 3751 368 3837 afficiamus,
385 3747 441 3818 md
456 3747 492 3816 in
507 3747 619 3816 alienis
631 3745 871 3816 calamitatibus
886 3746 981 3816 nobis
997 3747 1073 3839 ipsis
1085 3747 1211 3840 optime

171 3855 397 3942 consulamus,
426 3860 560 3948 Deoque
584 3852 858 3941 misericordiam,
884 3855 951 3948 quat
974 3855 1036 3948 ipsi
1059 3875 1211 3947 egemus,
1292 3848 1293 3856 ἵ

173 3962 385 4066 loencremur.
399 3962 559 4048 Quocirca
568 3984 610 4032 ne
618 3960 712 4036 labra
723 3961 859 4058 quidem
870 3963 921 4035 vir
931 3961 1063 4054 nobilis,
1075 3979 1111 4037 et
1121 3964 1216 4036 nobi·
