2992 4590
289 467 351 531 tte
441 470 621 534 uultibulct
643 487 669 532 s.
695 468 849 547 rlr'uuu,
873 467 1018 546 itrs'rr,
1044 474 1128 530 ssciz
1156 491 1180 529 r.

284 576 452 658 sublatum
465 587 622 680 imposuit
636 585 767 672 currui,
785 586 821 653 in
843 607 911 678 quo
926 585 1045 678 reliqui
1065 585 1164 654 simul
1181 587 1328 677 jacentes

284 693 327 762 ad
347 697 463 783 rogum
481 693 696 777 ferebantur,
723 692 800 762 tere
827 691 978 779 martyris
1004 701 1121 760 mater.
1140 695 1214 761 Non
1236 695 1329 761 enim

283 799 401 891 ignave
416 799 525 883 flevit,
540 821 601 867 nec
616 797 800 892 quidquam
811 796 949 882 humile,
960 811 1017 865 aut
1028 795 1086 864 illo
1101 801 1257 889 temporis
1272 824 1327 868 ar·

283 904 386 974 ticulo
412 904 587 996 indignum
614 903 726 973 locuta
750 914 833 973 est:
866 903 932 974 Sed
955 903 1029 988 abi,
1055 902 1189 996 inquit,
1219 905 1304 974 ofili
1316 941 1332 992 ‚t

283 1010 370 1079 vlam
396 1009 519 1080 bonam
547 1031 624 1080 cum
653 1008 859 1103 esqualibus,
895 1031 972 1078 cum
1002 1009 1326 1082 contubernalibus:

181 1113 182 1118 ’
283 1139 326 1185 ne
352 1115 545 1210 disjungeris
578 1116 744 1187 bchored
769 1146 778 1186 ι
808 1133 852 1184 ne
883 1115 1017 1209 reliquis
1053 1115 1154 1185 seritis
1186 1119 1328 1187 Domino
1422 1131 1425 1134 ’

283 1223 414 1292 sistatis.
438 1225 565 1292 Reverb
591 1221 707 1292 radicis
731 1223 830 1291 bonae
851 1221 978 1292 bonum
1003 1239 1148 1313 germen.
1170 1220 1326 1292 Ostendit
1352 1265 1355 1268 -

284 1351 440 1420 generosa
458 1343 586 1416 mater,
614 1327 708 1422 qudd
729 1335 806 1398 eum
833 1329 964 1420 pietatis
986 1320 1197 1418 dogmatibus
1220 1331 1326 1419 magis

282 1439 383 1528 quim
406 1435 492 1506 lacte
515 1435 719 1508 enutriverit.
747 1440 858 1528 Atque
877 1435 905 1504 is
929 1433 1064 1528 quidem
1081 1434 1127 1504 sic
1142 1433 1323 1521 educatus,

282 1544 327 1613 sic
343 1545 362 1612 d
377 1545 431 1635 pte
444 1543 725 1613 metre'deductus
741 1556 809 1612 este
823 1539 975 1611 diabolus
990 1543 1068 1610 verb
1085 1539 1212 1633 pudore
1228 1541 1327 1612 affec-

253 1683 260 1699 »
282 1665 336 1720 tus
356 1649 446 1720 abiit.
472 1653 555 1722 Nem
576 1639 740 1720 commoti
761 1651 798 1719 in
824 1649 898 1720 illos
922 1649 1070 1718 creaturi
1090 1649 1197 1733 omni,
1215 1651 1325 1736 omnia
1364 1689 1367 1696 =

282 1743 409 1827 invenit
422 1757 581 1828 horumce
596 1758 742 1827 virorum
757 1757 879 1826 virtute
895 1768 1062 1848 superata,
1081 1767 1212 1824 noctem
1226 1771 1325 1826 vento

281 1863 371 1952 gravi
389 1863 566 1956 agitatum,
592 1863 760 1954 regionem
775 1861 948 1953 frigidam,
965 1871 1197 1952 ,tempestatem
1224 1864 1323 1950 anni,

283 1988 459 2060 corporum
474 1970 671 2038 nuditatem.
695 1971 724 2038 Ο
739 1967 859 2037 chorus
874 1979 1005 2037 sanctus
1022 1967 1029 2034 l
1045 1968 1065 2036 ὁ
1081 1988 1171 2036 sacer
1183 1968 1287 2038 ordo!
1305 1971 1327 2038 d

282 2075 556 2146 confertissimum
571 2090 605 2145 et
616 2073 793 2146 inllactum
805 2080 942 2166 agmen!
961 2077 981 2144 ὀ
994 2095 1185 2144 communes
1200 2078 1327 2168 generis

280 2183 418 2251 humani
434 2181 606 2268 custodes,
625 2183 704 2252 boni
720 2205 874 2252 curarum
896 2183 994 2267 socii,
1008 2205 1148 2274 precum
1160 2181 1324 2266 fautores,

281 2287 380 2381 legati
406 2289 641 2380 potentissimi,
668 2287 771 2358 stellae
795 2289 884 2358 orbis
911 2302 1095 2386 terrarum,
1118 2289 1327 2359 eeclesiarum

281 2396 390 2466 llores.
404 2395 480 2466 Non
494 2414 552 2466 vos
567 2409 654 2465 terra
668 2395 811 2488 operuit,
824 2393 886 2486 sed
901 2395 1024 2464 coelunt
1039 2398 1181 2488 'suscepit
1191 2425 1197 2466 :
1206 2409 1328 2489 apertae

282 2517 360 2574 sunt
380 2503 473 2574 vobis
488 2499 629 2594 paradisi
640 2513 756 2596 p'ortae.
769 2503 913 2592 Dignum
928 2503 1153 2595 spectaculum
1169 2505 1329 2574 exercitui

283 2609 506 2701 Angelorum,
525 2607 664 2702 dignum
672 2609 886 2696 Patriambis,
903 2611 1087 2702 Prophetis,
1105 2603 1223 2705 justis,
1244 2613 1326 2697 viri,

284 2717 343 2812 qui
355 2717 393 2786 in
407 2717 477 2810 ipso
488 2717 671 2810 juventutis
683 2717 778 2802 ilore,
796 2717 985 2809 contempta
996 2718 1074 2802 viti,
1090 2739 1159 2810 pree
1178 2719 1329 2810 parenti-

282 2829 357 2913 bus,
376 2847 444 2920 pree
455 2825 567 2895 liberis
578 2827 757 2896 Dominum
771 2825 1133 2895 dilexerunt.·AEtatem
1143 2824 1236 2894 illam
1248 2825 1330 2895 dum

282 2948 430 3028 agerent,
444 2935 479 3002 in
490 2934 557 3025 qual
572 2949 644 3024 spes
659 2931 792 3002 vivendi
807 2932 960 3018 habetur,
972 2933 1136 3024 aspernati
1148 2949 1230 3002 sunt
1243 2945 1330 3002 tem-

281 3041 447 3135 porariam
468 3041 593 3124 vitam,
623 3053 662 3106 ut
681 3043 787 3106 Deum
801 3037 1020 3128 glorificarent
1034 3041 1070 3107 in
1091 3039 1159 3108 'suis
1180 3037 1331 3131 ipsorum

242 3221 244 3223 ,
282 3143 703 3238 membris,spectaculum
711 3140 1331 3242 mundoAtagels'squeerbomt'nt'bus

182 3324 186 3330 ,
278 3251 406 3350 effecti
416 3256 440 3322 ¹.
458 3252 642 3352 Erexeru‘nt
653 3251 811 3350 collapsos
824 3305 833 3336 ‚
848 3253 1051 3344 ambigentes
1066 3254 1329 3339 confirmemus,

281 3361 347 3454 piis
360 3359 585 3454 religiosisque
596 3357 794 3438 desiderium
804 3355 906 3428 altero
920 3360 1015 3428 tante
1028 3361 1132 3452 majus
1149 3359 1329 3452 reliquere.

279 3470 406 3538 Omnes
420 3489 489 3538 uno
504 3482 629 3558 tropeo
641 3485 701 3559 pro
717 3466 839 3558 pietate
851 3473 983 3550 erecto,
1002 3467 1181 3534 ueletiam
1193 3467 1333 3558 justitiae

278 3578 407 3648 corone
427 3575 573 3646 exornati
587 3587 698 3660 sunt,
723 3573 759 3642 in
781 3573 913 3644 Christo
942 3576 1020 3642 lesu
1035 3573 1178 3643 {tommo
1191 3587 1330 3660 nostro,

281 3685 340 3755 cui
354 3685 456 3775 gloria
468 3697 505 3753 et
518 3681 715 3774 imperium,
732 3679 902 3749 insaecula
920 3678 1129 3748 saeculorum.
1145 3684 1287 3750 Amen&
1309 3705 1331 3746 s

321 3787 374 3861 Ad
391 3793 455 3862 hoc
462 3789 551 3860 idem
561 3809 665 3880 genus
678 3783 859 3855 referendae
866 3785 1065 3877 pariter-ille
1078 3809 1154 3880 quse
1166 3787 1332 3856 dicuntur

200 3947 203 3960 .
277 3898 443 3971 ¹furtebres
454 3897 630 3980 orationes,
645 3889 919 3962 ubimortuorum
927 3891 1063 3962 virtutes
1071 3892 1280 3964 extolluntur
1289 3893 1335 3964 ad

326 4038 334 4065 ¹
348 4029 404 4080 Cor.
417 4043 452 4092 rr,
465 4043 492 4092 9.
509 4051 540 4062 --
554 4035 564 4062 ²
577 4026 602 4074 S.
619 4022 688 4073 Basil.
704 4023 782 4072 Serm.
795 4037 845 4085 rm,
857 4020 920 4072 iura
931 4023 1000 4072 Mart.
1016 4038 1040 4072 n.
1053 4021 1102 4072 3·8.
