2984 4580
206 416 307 463 CAPUT
330 421 384 462 VI·¹
403 418 444 462 DE
466 421 622 464 ΜΕΤΗΟΒΟ
638 422 673 464 ln
696 386 902 466 CONCIOMBll!
918 421 1082 468 auritum.
1115 406 1178 470 417
1229 423 1231 428 '

139 516 273 587 nominc
289 529 322 587 te
337 515 456 604 laudo,
473 519 565 612 qubd
586 541 659 588 eam
672 519 788 611 aperte
803 517 968 614 coufessus
990 545 1035 594 es.
1055 525 1179 594 Verum

130 623 316 712 adesdum,
340 639 374 694 et
395 625 559 717 parabolae
578 625 813 718 expositionem
840 627 970 720 accipe,
989 653 1032 698 ne
1054 654 1093 700 ex
1115 632 1179 702 hoc

109 779 112 783 -
140 732 317 825 Scripturae
339 731 413 802 loco
432 756 491 825 per
514 731 711 824 imperitiam
726 733 761 802 in
781 731 934 802 fraudem
949 734 1083 806 incidas.
1105 739 1177 806 Pri-

47 850 50 854 ’
138 839 299 938 mirm'hic
315 839 357 910 de
375 841 540 932 Baptismo
557 862 627 908 non
650 838 778 932 agitur,
795 838 854 908 sed
874 838 916 910 de
937 842 1006 928 his,
1025 843 1084 937 qui
1108 829 1179 914 aliis

139 961 237 1040 atque
261 947 330 1017 aliis
354 945 558 1038 temporibus
585 945 684 1015 fidem
715 945 980 1038 amplectuutur,
1014 964 1113 1044 atque
1144 950 1179 1020 in

138 1050 311 1146 pulchram
324 1054 533 1140 vineam,hoc
550 1047 610 1140 est,
624 1051 820 1139 Ecclesiam,
838 1053 1081 1146 ingrediuntur.
1096 1060 1179 1129 Nam

137 1183 177 1230 cx
192 1163 259 1255 qual
271 1161 325 1230 die
344 1175 443 1254 atquc
460 1161 541 1230 horat
559 1159 603 1229 ad*
614 1159 713 1229 fidem
735 1161 874 1253 quisque
890 1165 1041 1250 accessit,
1059 1164 1100 1232 ab
1123 1165 1180 1234 ed·

137 1269 214 1338 dem
230 1269 365 1362 quoque
379 1269 443 1338 hoc
459 1269 501 1338 ab
515 1291 555 1338 eo
573 1268 727 1360 exigitur,
745 1281 784 1336 ut
804 1271 896 1362 operi
910 1293 1046 1340 manum
1063 1271 1180 1343 admo-

136 1390 222 1445 veat.
242 1375 387 1460 Deinde,
413 1375 541 1444 tametsi
556 1374 723 1468 quantum
735 1373 777 1442 ad
795 1374 917 1444 laboris
931 1378 1085 1463 modum,
1104 1379 1179 1471 plus

137 1481 350 1567 contulerint,
368 1483 425 1574 qui
441 1481 564 1574 priores
579 1481 714 1571 ingressi
730 1495 818 1567 sunt,
838 1507 905 1551 non
926 1496 1053 1569 tamen,
1073 1511 1180 1578 quan·

138 1587 209 1656 tiun
226 1587 267 1655 ad
285 1589 380 1656 bonae
404 1587 582 1656 voluntatis
608 1609 806 1657 mensuram.
834 1589 882 1654 ua
906 1587 1002 1657 etiam
1031 1591 1177 1679 ratione,
1230 1659 1233 1664 i

103 1767 105 1772 ,
136 1697 306 1786 postremis
329 1692 620 1786 fortassb'amplior
638 1683 981 1782 mercesdebebatur,
1010 1699 1070 1766 etsi
1093 1723 1180 1792 quo·

135 1801 313 1872 dammodo
328 1787 509 1870 absurdum
522 1801 627 1876 videri
642 1802 755 1893 possit,
774 1798 868 1896 quod!
884 1801 970 1872 dico.
985 1806 1071 1890 ,me
1085 1797 1179 1899 'qubd

135 1909 296 2000 posterius
311 1908 447 1998 ingressi
462 1907 545 1991 sint,
569 1930 607 1976 ea
621 1929 719 1976 causa
732 1904 815 1990 fuit,
834 1907 911 1998 quia
927 1910 1121 1998 posteriores
1137 1913 1184 1982 ad'

134 2016 208 2086 vitis
221 2013 409 2094 excolendae
419 2037 552 2106 operam
562 2001 668 2084 vocali
678 2026 765 2082 suut.
775 2017 814 2081 ln
820 2015 945 2082 caeteris
962 2029 1069 2084 autem
1082 2019 1179 2089 rebus

133 2125 297 2218 quantum
310 2123 386 2192 alias
403 2121 670 2206 antecelluerint‚
691 2119 872 2190 videamus.
891 2120 944 2190 llli
957 2124 1091 2216 quidem
1111 2151 1178 2197 non
1283 2199 1287 2208 ,

133 2231 225 2323 priris
247 2229 474 2314 crediderunt,
496 2252 557 2296 nec
574 2229 707 2318 ingressi
722 2243 810 2313 sunt,
829 2231 929 2321 quim
946 2231 1023 2322 ipsis
1043 2257 1082 2301 ex
1096 2259 1176 2304 con·
1204 2293 1206 2303 .
1244 2317 1247 2321 ι

132 2352 236 2432 ventu
252 2359 375 2406 merces
386 2335 565 2405 constituta
580 2332 693 2403 fuisset
711 2364 718 2402 :
740 2335 775 2402 bi
792 2337 903 2431 autem
919 2335 1010 2404 nullia
1025 2340 1177 2410 condicti

55 2469 57 2482 ·
132 2443 284 2532 mercede
306 2441 347 2512 ad
366 2442 514 2530 laborem
534 2442 754 2538 accesserunt,
777 2440 869 2533 quod
890 2441 1023 2534 quidem
1048 2448 1177 2538 majoris
1256 2526 1260 2534 ¹

132 2550 212 2619 fidei
228 2563 458 2639 argumentum
479 2562 537 2617 est.
561 2549 739 2633 Praeterci,
759 2545 807 2614 illi
830 2547 951 2617 invidae
971 2549 1062 2619 etad
1080 2575 1182 2641 mur->

113 2655 333 2724 'musandum
354 2655 505 2744 proclivis
527 2667 654 2720 naturae
671 2677 738 2720 csse
760 2653 886 2726 inventi
910 2669 1007 2724 sunt:
1026 2657 1075 2725 his
1091 2659 1175 2728 nihil

131 2761 199 2831 tale
215 2761 379 2852 objicitur.
399 2757 483 2826 Tbm
496 2757 605 2841 etiarn,
619 2755 682 2824 illis
697 2779 821 2825 merces
831 2771 902 2833 erat
913 2760 1004 2851 quod
1020 2760 1172 2848 dabatur,
1274 2822 1277 2829 .
1323 2739 1329 2746 ⁵

70 2942 72 2946 ,
131 2867 261 2962 etiarnsi
284 2864 439 2958 improbis
461 2878 495 2934 ct
520 2862 670 2952 malignis
700 2891 707 2931 :
735 2862 786 2933 his
813 2863 925 2952 gratia.
956 2868 1174 2946 Quamobrem

130 2965 318 3044 stoliditatis
334 2972 432 3040 etiam
448 2984 480 3039 et
496 2969 647 3038 amentias
662 2967 829 3054 damnati,
851 2969 1001 3062 ampliori
1023 2975 1175 3044 mercede
1203 2995 1227 3035 ὁ

131 3080 249 3149 meritb
269 3077 386 3170 privati
402 3089 489 3146 suut.
508 3073 597 3156 Quid
611 3087 722 3144 autem
735 3085 769 3144 et
782 3074 820 3144 iis
837 3076 895 3168 qui
909 3076 1002 3146 tarde
1017 3097 1175 3158 venerant

128 3185 254 3255 lactum
264 3179 848 3272 sit,consideremus2Gcrtbaequalem
857 3181 919 3272 ipsi
928 3184 1112 3254 mercedem
1123 3213 1173 3258 ac·
1267 3269 1270 3274 Ι

130 3295 306 3388 ceperunt,
316 3293 390 3374 Qua
402 3290 502 3379 igitur
512 3285 619 3357 fronte
629 3311 803 3380 operarum
818 3289 1054 3360 conductorem
1067 3295 1172 3364 crimi-

131 3416 270 3488 nantur,
289 3398 425 3470 velutin
437 3419 542 3488 aequae
552 3393 710 3462 mercedis
726 3391 946 3485 persolutione
959 3397 1002 3464 ab
1016 3401 1170 3492 aequitate

131 3507 362 3592 recedentem?
378 3507 457 3574 Haec
473 3499 582 3571 omnia
597 3498 724 3569 sudoris
740 3498 877 3590 gratiam
898 3499 1011 3592 primis
1039 3506 1170 3576 subtra.
1231 3505 1234 3510 '

128 3612 363 3702 hunt,etiamsi
373 3611 495 3704 priores
504 3607 616 3677 labore
625 3603 751 3698 fatigati
760 3606 888 3676 sintllx
897 3630 1004 3699 coque
1014 3611 1166 3702 eflicitur,

129 3737 168 3792 ut
177 3719 297 3815 aequali
308 3717 387 3786 huic
402 3714 560 3785 mercedis
573 3711 797 3782 distributioni.
805 3713 942 3806 aequitas
957 3737 1015 3784 sua
1027 3733 1165 3815 constet,

129 3827 286 3900 nimirum
302 3824 402 3894 animi
417 3823 585 3893 voluntate
594 3843 670 3890 cum
681 3819 794 3889 labore
807 3824 1026 3914 compensati.

176 3965 192 4016 u
220 3933 283 4006 Sed
299 3931 425 4016 demus,
442 3928 561 4000 lavacri
576 3927 709 4024 quoque
730 3927 796 3996 vim
812 3941 845 3996 et
859 3927 1060 4024 facultatem,
1073 3935 1166 4027 juxrssa

308 4059 344 4105 n.
743 4049 749 4062 '
988 4041 1029 4101 27
