2996 4598
308 469 351 530 22
463 473 692 532 remotioris.
718 477 867 550 aaaron,
893 477 976 564 aare·
991 477 1040 551 n,
1064 482 1149 534 saror.
1173 481 1198 534 u

312 585 391 654 hino
407 598 501 654 erant
512 584 667 675 lacrymae
680 584 745 654 illae
758 609 840 678 quas
856 607 909 655 me
918 583 1057 654 sundere
1070 585 1256 672 incivitate,
1267 581 1351 654 ordi·

186 767 189 772 ,
311 691 453 762 nationis
462 713 544 760 meae
552 690 873 784 tempore,nonnulli
881 691 997 762 fratres
1007 690 1347 764 animadverterunt...

310 796 410 882 Quod
424 798 451 866 si
466 820 534 866 non
555 795 757 882 damnando,
784 795 843 865 sed
861 797 1046 868 miserando
1057 797 1137 868 fecit
1147 801 1348 891 (Dominus),

309 904 415 976 debeo
432 905 676 997 Scripturarum
688 906 758 997 ejus
772 903 1012 976 medicamenta
1021 907 1131 978 omnia
1141 909 1348 1000 perscrutari,
1472 947 1473 990 3

307 1028 342 1084 et
363 1003 490 1088 orando
510 1036 547 1083 ac
563 1010 706 1102 legendo
725 1035 838 1103 agere,
857 1025 897 1082 ut
916 1013 1035 1084 idonea
1057 1013 1213 1086 valetudo
1234 1016 1351 1084 animae
1472 1027 1473 1030 ’

308 1144 392 1190 meae
409 1118 451 1188 ad
467 1120 536 1188 tam
546 1116 728 1210 periculosa
742 1119 874 1209 negotiu
889 1119 1055 1191 tribuatur
1069 1149 1077 1192 2
1091 1121 1183 1216 quod
1194 1123 1270 1192 ante
1284 1146 1351 1193 non
1472 1175 1473 1178 ,

313 1221 395 1312 feei,
418 1225 496 1317 quia
523 1237 556 1293 et
580 1238 711 1316 tempus
732 1246 802 1294 non
820 1223 934 1294 habui.
955 1223 1048 1296 Tunc
1069 1227 1158 1296 enim
1182 1225 1350 1298 ordinatus
1472 1237 1473 1244 ’

307 1357 394 1418 sum,
404 1331 481 1402 ciam
493 1330 535 1401 de
543 1332 615 1425 ipso
623 1331 801 1402 vacationis
811 1343 960 1424 ternpore
969 1331 1012 1401 ad
1021 1333 1262 1424 cognoscendas
1272 1333 1352 1404 divi-

195 1495 197 1502 .
308 1463 367 1510 nas
385 1439 566 1531 Scripturas
576 1438 804 1528 cogitaremus,
819 1451 854 1507 et
865 1437 979 1508 sicnos
994 1436 1167 1532 disponere
1177 1439 1348 1526 vellemus,

308 1560 348 1617 ut
358 1546 454 1617 nobis
469 1547 574 1616 otium
591 1541 634 1614 ad
648 1545 714 1615 huc
728 1545 899 1637 negotium
910 1560 1020 1638 posset
1034 1569 1113 1615 esse.
1131 1549 1175 1616 Et
1191 1546 1284 1640 quod
1298 1571 1353 1617 ve-

308 1671 383 1724 rum
399 1666 448 1722 est
462 1651 612 1722 nondum
628 1650 772 1721 sciebam
787 1650 869 1745 quid
882 1651 963 1719 mihi
978 1649 1104 1721 deesset
1117 1651 1161 1721 ad
1174 1652 1241 1721 tale
1255 1677 1349 1745 opus,

308 1757 407 1852 quale
423 1781 477 1826 me
495 1779 585 1826 nunc
600 1747 735 1850 torquet
751 1769 785 1839 et
799 1756 950 1826 conterite
969 1745 1068 1839 Quod
1084 1757 1111 1826 si
1130 1761 1303 1850 propterea
1317 1760 1352 1828 in
1472 1769 1473 1790 ³

311 1873 348 1937 r'e
359 1867 430 1959 ipsd
442 1863 542 1934 didici
553 1861 635 1958 quid
646 1865 688 1933 sit
698 1863 826 1934 homini
841 1864 1072 1952 necessarium,
1084 1865 1142 1958 qui
1152 1865 1278 1958 populo
1290 1867 1354 1934 ml-

248 1995 249 2006 *
310 1974 427 2044 nistrat
451 1985 692 2042 sacramentum
715 1983 750 2040 et
767 1971 908 2041 verbum
926 1970 1004 2058 oei,
1025 1981 1065 2041 ut
1090 1973 1159 2066 jam
1181 1995 1250 2043 non
1271 1974 1352 2043 mihi

305 2082 403 2154 liceat
421 2081 569 2174 assequi,
586 2079 679 2172 quod
693 2101 747 2148 me
761 2102 829 2149 non
848 2078 974 2149 habere
988 2081 1143 2169 cognovi,
1161 2080 1259 2173 jubes
1274 2084 1352 2173 ergo

306 2203 346 2258 ut
361 2199 505 2281 peream,
523 2200 616 2279 pater
631 2185 765 2258 Valerii
776 2186 841 2256 Ubi
856 2199 904 2256 est
919 2185 1059 2256 ebaritas
1070 2190 1150 2256 tuat
1161 2190 1258 2258 Certe
1274 2188 1352 2257 dili-

304 2295 353 2388 gis
364 2317 430 2381 me,
443 2293 531 2363 certe
542 2291 650 2383 diligis
660 2293 763 2385 ipsam
774 2291 967 2380 Ecclesiam,
980 2294 1034 2362 cui
1045 2291 1097 2362 me
1109 2295 1154 2364 sic
1166 2291 1351 2364 ministrare

303 2401 476 2474 voluisti...
490 2401 571 2468 Tam
593 2399 700 2469 multa
723 2413 834 2468 autem
857 2414 935 2468 sunt
958 2420 1033 2493 quae
1061 2401 1183 2471 desunt
1209 2402 1351 2472 instruo-

305 2509 496 2591 tionimeae,
515 2520 555 2574 ut
573 2503 707 2575 'facilius
726 2506 848 2598 possim
871 2527 1063 2575 enumerare
1084 2531 1160 2601 quae
1186 2509 1349 2596 habeam,

305 2617 407 2710 qutun
427 2610 635 2706 quaehabere
647 2611 831 2692 desidero&
842 2615 1108 2685 ›r-Ittsanotus
1127 2617 1351 2706 Augustinus,

306 2720 352 2791 ita
364 2721 478 2790 omnes
493 2718 592 2788 sancti
607 2717 851 2789 concionatores
866 2717 1007 2813 longiori
1018 2722 1259 2816 praeparationi,
1277 2721 1357 2793 licet

302 2825 503 2924 jamdudum
519 2823 672 2912 accincti,
686 2821 869 2896 inhiabant.

344 2927 554 3028 'Praeparatio
580 2945 692 3002 autem
721 2929 876 3024 duplex,
905 2929 968 3001 alia
983 2946 1136 3020 remota,
1154 2929 1217 3002 alia
1244 2947 1355 3004 autom

310 3031 705 3136 proximuPra‘eparatio
720 3050 862 3108 remota
877 3061 915 3107 ea
928 3038 1060 3126 dicitur,
1071 3036 1138 3134 qul
1152 3039 1208 3109 ille
1223 3041 1280 3135 qul
1292 3063 1355 3112 no-

312 3170 390 3217 men
405 3148 566 3238 dotesque
581 3144 820 3216 concionatoris
835 3143 949 3231 ambit,
966 3143 1129 3237 congestis
1144 3167 1255 3215 rerum
1270 3145 1357 3217 divi-
1469 3163 1470 3178 ¹

309 3275 428 3324 narum
440 3250 652 3338 notionibus,
670 3249 839 3344 quoddam
854 3249 956 3322 veluti
969 3254 1257 3323 armamentarium
1273 3252 1355 3323 aedi-

282 3423 284 3428 .
308 3363 402 3447 licat,
421 3383 461 3428 ex
482 3381 549 3452 quo
568 3358 657 3428 varia
672 3378 862 3429 sermonum
872 3357 980 3452 jacula
996 3384 1055 3431 suo
1071 3374 1219 3455 tempore
1233 3360 1354 3454 depro-

307 3481 442 3538 mantur
451 3498 461 3558 3
471 3465 646 3559 proximu
662 3468 741 3535 verb
756 3468 824 3559 qud
838 3466 888 3536 vir
903 3467 1115 3538 concionator
1130 3468 1173 3538 ad
1185 3468 1285 3538 talem
1302 3466 1355 3537 vel
1468 3529 1469 3532 ,

306 3575 407 3646 talem
427 3587 613 3643 sermonem
628 3570 763 3664 publice
786 3567 977 3642 habendum
1000 3575 1135 3668 propius
1157 3575 1352 3666 accingitur.
1468 3553 1469 3588 ³

307 3690 357 3756 ne
371 3685 513 3778 utrique
526 3681 660 3754 seorsim
672 3680 911 3752 disserendum.

345 3837 353 3868 ¹
371 3833 398 3883 S.
411 3825 511 3898 August.
523 3828 601 3896 Epist.
615 3832 667 3896 ixl,
679 3838 704 3880 n.
722 3841 747 3894 r,
760 3814 792 3892 d,
802 3825 826 3880 3.
