<?xml version="1.0" encoding="UTF-8"?>
<!DOCTYPE html PUBLIC "-//W3C//DTD XHTML 1.0 Transitional//EN"
    "http://www.w3.org/TR/xhtml1/DTD/xhtml1-transitional.dtd">
<html xmlns="http://www.w3.org/1999/xhtml" xml:lang="en" lang="en">
 <head>
  <title>
</title>
<meta http-equiv="Content-Type" content="text/html;charset=utf-8" />
  <meta name='ocr-system' content='tesseract 3.04.00' />
  <meta name='ocr-capabilities' content='ocr_page ocr_carea ocr_par ocr_line ocrx_word'/>
</head>
<body>
  <div class='ocr_page' id='page_1' title='image "./rhetoricasancto00cailgoog_0369.png"; bbox 0 0 2984 4580; ppageno 0'>
   <div class='ocr_carea' id='block_1_1' title="bbox 214 383 1342 698">
    <p class='ocr_par' dir='ltr' id='par_1_1' title="bbox 214 383 1342 698">
     <span class='ocr_line' id='line_1_1' title="bbox 300 383 1193 456; baseline -0.008 -12"><span class='ocrx_word' id='word_1_1' title='bbox 300 383 365 444; x_wconf 60' lang='grc' dir='ltr'><strong>Δ370</strong></span> <span class='ocrx_word' id='word_1_2' title='bbox 455 395 634 442; x_wconf 75' lang='grc'><strong>1111101101</strong></span> <span class='ocrx_word' id='word_1_3' title='bbox 653 393 684 440; x_wconf 81' lang='lat' dir='ltr'><strong>s.</strong></span> <span class='ocrx_word' id='word_1_4' title='bbox 710 390 862 456; x_wconf 78' lang='grc'><strong>11111111,</strong></span> <span class='ocrx_word' id='word_1_5' title='bbox 887 391 965 440; x_wconf 78' lang='lat' dir='ltr'><strong>etus</strong></span> <span class='ocrx_word' id='word_1_6' title='bbox 987 385 1033 456; x_wconf 85' lang='lat' dir='ltr'><strong>tt,</strong></span> <span class='ocrx_word' id='word_1_7' title='bbox 1056 393 1143 439; x_wconf 78' lang='lat' dir='ltr'><strong>seen.</strong></span> <span class='ocrx_word' id='word_1_8' title='bbox 1168 397 1193 438; x_wconf 91' lang='lat'><strong>1.</strong></span> 
     </span>
     <span class='ocr_line' id='line_1_2' title="bbox 214 483 1340 592; baseline -0.006 -21"><span class='ocrx_word' id='word_1_9' title='bbox 214 518 223 523; x_wconf 88' lang='grc'><em>“</em></span> <span class='ocrx_word' id='word_1_10' title='bbox 281 503 405 586; x_wconf 70' lang='lat' dir='ltr'><strong>ustis,</strong></span> <span class='ocrx_word' id='word_1_11' title='bbox 428 483 578 592; x_wconf 79' lang='lat' dir='ltr'><strong>illusque</strong></span> <span class='ocrx_word' id='word_1_12' title='bbox 592 496 706 567; x_wconf 82' lang='lat' dir='ltr'><strong>beatos</strong></span> <span class='ocrx_word' id='word_1_13' title='bbox 725 497 941 589; x_wconf 58' lang='lat' dir='ltr'><strong>praebuistis,</strong></span> <span class='ocrx_word' id='word_1_14' title='bbox 958 497 1018 590; x_wconf 91' lang='lat' dir='ltr'><strong>qui</strong></span> <span class='ocrx_word' id='word_1_15' title='bbox 1035 497 1071 564; x_wconf 90' lang='lat' dir='ltr'><strong>in</strong></span> <span class='ocrx_word' id='word_1_16' title='bbox 1093 496 1282 582; x_wconf 77' lang='lat' dir='ltr'><strong>mutilibus,</strong></span> <span class='ocrx_word' id='word_1_17' title='bbox 1304 497 1340 565; x_wconf 90' lang='lat' dir='ltr'><strong>in</strong></span> 
     </span>
     <span class='ocr_line' id='line_1_3' title="bbox 296 601 1342 698; baseline -0.003 -24"><span class='ocrx_word' id='word_1_18' title='bbox 296 605 461 698; x_wconf 80' lang='lat' dir='ltr'><strong>speluncis</strong></span> <span class='ocrx_word' id='word_1_19' title='bbox 475 604 615 694; x_wconf 81' lang='lat' dir='ltr'><strong>degunt,</strong></span> <span class='ocrx_word' id='word_1_20' title='bbox 633 601 849 694; x_wconf 71' lang='lat' dir='ltr'>caelibemque</span> <span class='ocrx_word' id='word_1_21' title='bbox 863 616 897 670; x_wconf 91' lang='lat' dir='ltr'><strong>et</strong></span> <span class='ocrx_word' id='word_1_22' title='bbox 912 602 1051 693; x_wconf 84' lang='lat' dir='ltr'><strong>negotiis</strong></span> <span class='ocrx_word' id='word_1_23' title='bbox 1066 621 1204 672; x_wconf 87' lang='lat' dir='ltr'><strong>vacuam</strong></span> <span class='ocrx_word' id='word_1_24' title='bbox 1215 601 1342 671; x_wconf 89' lang='lat' dir='ltr'><strong>ducunt</strong></span> 
     </span>
    </p>
   </div>
   <div class='ocr_carea' id='block_1_2' title="bbox 185 707 1339 802">
    <p class='ocr_par' dir='ltr' id='par_1_2' title="bbox 185 707 1339 802">
     <span class='ocr_line' id='line_1_4' title="bbox 185 707 1339 802; baseline -0.004 -19"><span class='ocrx_word' id='word_1_25' title='bbox 185 733 186 736; x_wconf 72' lang='grc'>’</span> <span class='ocrx_word' id='word_1_26' title='bbox 297 714 421 801; x_wconf 75' lang='lat' dir='ltr'><strong>vitam,</strong></span> <span class='ocrx_word' id='word_1_27' title='bbox 446 733 520 795; x_wconf 88' lang='lat' dir='ltr'><strong>vos,</strong></span> <span class='ocrx_word' id='word_1_28' title='bbox 537 709 676 802; x_wconf 81' lang='lat' dir='ltr'><strong>nempe,</strong></span> <span class='ocrx_word' id='word_1_29' title='bbox 697 708 756 801; x_wconf 86' lang='lat' dir='ltr'><strong>qui</strong></span> <span class='ocrx_word' id='word_1_30' title='bbox 777 707 832 778; x_wconf 82' lang='lat' dir='ltr'><strong>vel</strong></span> <span class='ocrx_word' id='word_1_31' title='bbox 853 707 1010 794; x_wconf 78' lang='lat' dir='ltr'><strong>artifices,</strong></span> <span class='ocrx_word' id='word_1_32' title='bbox 1032 708 1085 778; x_wconf 85' lang='lat' dir='ltr'><strong>vel</strong></span> <span class='ocrx_word' id='word_1_33' title='bbox 1106 707 1223 778; x_wconf 87' lang='lat' dir='ltr'><strong>milites</strong></span> <span class='ocrx_word' id='word_1_34' title='bbox 1247 709 1339 795; x_wconf 88' lang='lat' dir='ltr'><strong>estis,</strong></span> 
     </span>
    </p>
   </div>
   <div class='ocr_carea' id='block_1_3' title="bbox 297 815 1418 3048">
    <p class='ocr_par' dir='ltr' id='par_1_3' title="bbox 297 815 1418 3048">
     <span class='ocr_line' id='line_1_5' title="bbox 299 815 1342 913; baseline -0.005 -23"><span class='ocrx_word' id='word_1_35' title='bbox 299 820 366 890; x_wconf 80' lang='lat' dir='ltr'><strong>sive</strong></span> <span class='ocrx_word' id='word_1_36' title='bbox 379 819 438 913; x_wconf 88' lang='lat' dir='ltr'><strong>qui</strong></span> <span class='ocrx_word' id='word_1_37' title='bbox 455 819 556 888; x_wconf 77' lang='lat' dir='ltr'><strong>vitam</strong></span> <span class='ocrx_word' id='word_1_38' title='bbox 576 815 695 886; x_wconf 81' lang='lat' dir='ltr'><strong>ducitis</strong></span> <span class='ocrx_word' id='word_1_39' title='bbox 710 816 823 901; x_wconf 74' lang='grc'><strong>011011,</strong></span> <span class='ocrx_word' id='word_1_40' title='bbox 841 815 909 885; x_wconf 77' lang='lat' dir='ltr'><strong>eive</strong></span> <span class='ocrx_word' id='word_1_41' title='bbox 925 815 985 910; x_wconf 87' lang='lat' dir='ltr'><strong>qni</strong></span> <span class='ocrx_word' id='word_1_42' title='bbox 1003 816 1040 883; x_wconf 84' lang='lat' dir='ltr'><strong>in</strong></span> <span class='ocrx_word' id='word_1_43' title='bbox 1051 817 1147 886; x_wconf 65' lang='lat' dir='ltr'><strong>steni</strong></span> <span class='ocrx_word' id='word_1_44' title='bbox 1162 826 1195 884; x_wconf 91' lang='lat' dir='ltr'><strong>et</strong></span> <span class='ocrx_word' id='word_1_45' title='bbox 1209 815 1342 885; x_wconf 60' lang='lat' dir='ltr'><strong>brebes*</strong></span> 
     </span>
     <span class='ocr_line' id='line_1_6' title="bbox 297 921 1341 1016; baseline -0.002 -22"><span class='ocrx_word' id='word_1_46' title='bbox 297 926 356 996; x_wconf 77' lang='lat' dir='ltr'><strong>tais</strong></span> <span class='ocrx_word' id='word_1_47' title='bbox 372 924 460 994; x_wconf 86' lang='lat' dir='ltr'><strong>diem</strong></span> <span class='ocrx_word' id='word_1_48' title='bbox 477 923 667 1016; x_wconf 74' lang='lat' dir='ltr'><strong>transigitis.</strong></span> <span class='ocrx_word' id='word_1_49' title='bbox 686 924 737 992; x_wconf 86' lang='lat' dir='ltr'><strong>lbi</strong></span> <span class='ocrx_word' id='word_1_50' title='bbox 749 924 840 992; x_wconf 84' lang='lat' dir='ltr'><strong>enim</strong></span> <span class='ocrx_word' id='word_1_51' title='bbox 856 921 947 991; x_wconf 67' lang='lat' dir='ltr'><strong>uuile</strong></span> <span class='ocrx_word' id='word_1_52' title='bbox 959 922 1052 992; x_wconf 83' lang='lat' dir='ltr'><strong>mille</strong></span> <span class='ocrx_word' id='word_1_53' title='bbox 1064 921 1250 1016; x_wconf 75' lang='lat' dir='ltr'><strong>vuluptates</strong></span> <span class='ocrx_word' id='word_1_54' title='bbox 1266 945 1341 994; x_wconf 81' lang='lat' dir='ltr'><strong>sca-</strong></span> 
     </span>
     <span class='ocr_line' id='line_1_7' title="bbox 299 1027 1343 1115; baseline -0.001 -13"><span class='ocrx_word' id='word_1_55' title='bbox 299 1033 401 1102; x_wconf 73' lang='lat' dir='ltr'><strong>turire</strong></span> <span class='ocrx_word' id='word_1_56' title='bbox 424 1031 600 1115; x_wconf 71' lang='lat' dir='ltr'><strong>necatur,</strong></span> <span class='ocrx_word' id='word_1_57' title='bbox 624 1043 773 1100; x_wconf 73' lang='lat' dir='ltr'><strong>sexcenta</strong></span> <span class='ocrx_word' id='word_1_58' title='bbox 794 1027 860 1097; x_wconf 84' lang='lat' dir='ltr'><strong>tela</strong></span> <span class='ocrx_word' id='word_1_59' title='bbox 880 1030 1058 1098; x_wconf 76' lang='lat' dir='ltr'><strong>mittuntut</strong></span> <span class='ocrx_word' id='word_1_60' title='bbox 1073 1029 1283 1100; x_wconf 70' lang='lat' dir='ltr'><strong>amammim&#39;a.</strong></span> <span class='ocrx_word' id='word_1_61' title='bbox 1305 1030 1343 1101; x_wconf 74' lang='lat' dir='ltr'><strong>ei</strong></span> 
     </span>
     <span class='ocr_line' id='line_1_8' title="bbox 298 1136 1342 1234; baseline -0.003 -26"><span class='ocrx_word' id='word_1_62' title='bbox 298 1140 373 1234; x_wconf 87' lang='lat' dir='ltr'><strong>quis</strong></span> <span class='ocrx_word' id='word_1_63' title='bbox 390 1139 477 1208; x_wconf 74' lang='lat' dir='ltr'><strong>eum</strong></span> <span class='ocrx_word' id='word_1_64' title='bbox 492 1137 639 1207; x_wconf 84' lang='lat' dir='ltr'><strong>saltantis</strong></span> <span class='ocrx_word' id='word_1_65' title='bbox 651 1136 772 1230; x_wconf 80' lang='lat' dir='ltr'><strong>puellae</strong></span> <span class='ocrx_word' id='word_1_66' title='bbox 786 1145 896 1206; x_wconf 78' lang='lat' dir='ltr'><strong>emole</strong></span> <span class='ocrx_word' id='word_1_67' title='bbox 910 1136 1154 1224; x_wconf 67' lang='lat' dir='ltr'><strong>inflammetur,</strong></span> <span class='ocrx_word' id='word_1_68' title='bbox 1171 1137 1264 1207; x_wconf 83' lang='lat' dir='ltr'><strong>omni</strong></span> <span class='ocrx_word' id='word_1_69' title='bbox 1278 1138 1342 1206; x_wconf 87' lang='lat' dir='ltr'><strong>mi·-</strong></span> 
     </span>
     <span class='ocr_line' id='line_1_9' title="bbox 297 1241 1343 1337; baseline -0.002 -22"><span class='ocrx_word' id='word_1_70' title='bbox 297 1247 388 1331; x_wconf 74' lang='lat' dir='ltr'><strong>litia‘,</strong></span> <span class='ocrx_word' id='word_1_71' title='bbox 407 1245 497 1314; x_wconf 88' lang='lat' dir='ltr'><strong>omni</strong></span> <span class='ocrx_word' id='word_1_72' title='bbox 518 1245 779 1337; x_wconf 73' lang='lat' dir='ltr'><strong>pemgnnauoue</strong></span> <span class='ocrx_word' id='word_1_73' title='bbox 805 1243 953 1313; x_wconf 77' lang='lat' dir='ltr'><strong>dationes</strong></span> <span class='ocrx_word' id='word_1_74' title='bbox 970 1241 1260 1330; x_wconf 69' lang='lat' dir='ltr'><strong>testamentus,</strong></span> <span class='ocrx_word' id='word_1_75' title='bbox 1283 1267 1343 1336; x_wconf 87' lang='lat' dir='ltr'><strong>pe·</strong></span> 
     </span>
     <span class='ocr_line' id='line_1_10' title="bbox 297 1351 1344 1448; baseline -0.001 -26"><span class='ocrx_word' id='word_1_76' title='bbox 297 1356 428 1448; x_wconf 62' lang='lat' dir='ltr'><strong>juliique</strong></span> <span class='ocrx_word' id='word_1_77' title='bbox 435 1353 470 1420; x_wconf 89' lang='lat' dir='ltr'><strong>in</strong></span> <span class='ocrx_word' id='word_1_78' title='bbox 479 1365 566 1420; x_wconf 87' lang='lat' dir='ltr'><strong>statu</strong></span> <span class='ocrx_word' id='word_1_79' title='bbox 578 1354 681 1446; x_wconf 76' lang='lat' dir='ltr'><strong>quam</strong></span> <span class='ocrx_word' id='word_1_80' title='bbox 690 1353 772 1422; x_wconf 81' lang='lat' dir='ltr'><strong>utbs</strong></span> <span class='ocrx_word' id='word_1_81' title='bbox 778 1353 911 1422; x_wconf 77' lang='lat' dir='ltr'><strong>bbseese</strong></span> <span class='ocrx_word' id='word_1_82' title='bbox 919 1353 996 1421; x_wconf 81' lang='lat' dir='ltr'><strong>eiii.</strong></span> <span class='ocrx_word' id='word_1_83' title='bbox 1015 1351 1079 1422; x_wconf 81' lang='lat' dir='ltr'><strong>sed</strong></span> <span class='ocrx_word' id='word_1_84' title='bbox 1090 1351 1205 1420; x_wconf 87' lang='lat' dir='ltr'><strong>nciliis</strong></span> <span class='ocrx_word' id='word_1_85' title='bbox 1221 1352 1344 1422; x_wconf 79' lang='lat' dir='ltr'><strong>diutius</strong></span> 
     </span>
     <span class='ocr_line' id='line_1_11' title="bbox 299 1459 1347 1553; baseline -0.002 -23"><span class='ocrx_word' id='word_1_86' title='bbox 299 1459 629 1552; x_wconf 77' lang='lat' dir='ltr'><strong>incumbamus,lpsis</strong></span> <span class='ocrx_word' id='word_1_87' title='bbox 638 1473 753 1527; x_wconf 80' lang='lat' dir='ltr'><strong>eorum</strong></span> <span class='ocrx_word' id='word_1_88' title='bbox 764 1460 875 1553; x_wconf 86' lang='lat' dir='ltr'><strong>quisic</strong></span> <span class='ocrx_word' id='word_1_89' title='bbox 887 1459 975 1552; x_wconf 88' lang='lat' dir='ltr'><strong>capti</strong></span> <span class='ocrx_word' id='word_1_90' title='bbox 984 1459 1290 1546; x_wconf 84' lang='lat' dir='ltr'><strong>sunt,conscientiae</strong></span> <span class='ocrx_word' id='word_1_91' title='bbox 1299 1481 1347 1528; x_wconf 91' lang='lat' dir='ltr'><strong>re-</strong></span> 
     </span>
     <span class='ocr_line' id='line_1_12' title="bbox 297 1561 1346 1659; baseline -0.002 -21"><span class='ocrx_word' id='word_1_92' title='bbox 297 1561 396 1653; x_wconf 78' lang='lat' dir='ltr'><strong>lictis,</strong></span> <span class='ocrx_word' id='word_1_93' title='bbox 409 1589 469 1659; x_wconf 81' lang='lat' dir='ltr'><strong>age</strong></span> <span class='ocrx_word' id='word_1_94' title='bbox 478 1565 522 1635; x_wconf 86' lang='lat' dir='ltr'><strong>de</strong></span> <span class='ocrx_word' id='word_1_95' title='bbox 532 1565 714 1636; x_wconf 84' lang='lat' dir='ltr'><strong>multotum</strong></span> <span class='ocrx_word' id='word_1_96' title='bbox 722 1568 791 1635; x_wconf 76' lang='lat' dir='ltr'><strong>vita</strong></span> <span class='ocrx_word' id='word_1_97' title='bbox 801 1591 890 1637; x_wconf 90' lang='lat' dir='ltr'><strong>nunc</strong></span> <span class='ocrx_word' id='word_1_98' title='bbox 902 1583 1036 1659; x_wconf 84' lang='lat' dir='ltr'><strong>agamus</strong></span> <span class='ocrx_word' id='word_1_99' title='bbox 1048 1597 1057 1637; x_wconf 76' lang='grc' dir='ltr'><strong><em>ε</em></strong></span> <span class='ocrx_word' id='word_1_100' title='bbox 1074 1579 1108 1638; x_wconf 89' lang='lat' dir='ltr'><strong>et</strong></span> <span class='ocrx_word' id='word_1_101' title='bbox 1117 1581 1249 1637; x_wconf 91' lang='lat' dir='ltr'><strong>tantum</strong></span> <span class='ocrx_word' id='word_1_102' title='bbox 1260 1569 1346 1650; x_wconf 85' lang='lat' dir='ltr'><strong>inter</strong></span> 
     </span>
     <span class='ocr_line' id='line_1_13' title="bbox 298 1669 1346 1768; baseline 0 -24"><span class='ocrx_word' id='word_1_103' title='bbox 298 1689 476 1768; x_wconf 83' lang='lat' dir='ltr'><strong>utramque</strong></span> <span class='ocrx_word' id='word_1_104' title='bbox 491 1675 593 1743; x_wconf 84' lang='lat' dir='ltr'><strong>vitam</strong></span> <span class='ocrx_word' id='word_1_105' title='bbox 613 1674 818 1743; x_wconf 78' lang='lat' dir='ltr'><strong>inveniemus</strong></span> <span class='ocrx_word' id='word_1_106' title='bbox 835 1669 1063 1760; x_wconf 65' lang='lat' dir='ltr'><strong>intervallum,</strong></span> <span class='ocrx_word' id='word_1_107' title='bbox 1082 1685 1247 1767; x_wconf 73' lang='lat' dir='ltr'><strong>quaestum</strong></span> <span class='ocrx_word' id='word_1_108' title='bbox 1260 1675 1346 1744; x_wconf 86' lang='lat' dir='ltr'><strong>inter</strong></span> 
     </span>
     <span class='ocr_line' id='line_1_14' title="bbox 299 1778 1346 1876; baseline 0 -24"><span class='ocrx_word' id='word_1_109' title='bbox 299 1797 435 1876; x_wconf 75' lang='lat' dir='ltr'><strong>portum</strong></span> <span class='ocrx_word' id='word_1_110' title='bbox 448 1795 481 1850; x_wconf 91' lang='lat' dir='ltr'><strong>et</strong></span> <span class='ocrx_word' id='word_1_111' title='bbox 494 1781 653 1850; x_wconf 79' lang='lat' dir='ltr'><strong>iluctiluis</strong></span> <span class='ocrx_word' id='word_1_112' title='bbox 666 1782 824 1870; x_wconf 81' lang='lat' dir='ltr'><strong>agitatum</strong></span> <span class='ocrx_word' id='word_1_113' title='bbox 841 1781 988 1873; x_wconf 83' lang='lat' dir='ltr'><strong>pelagus.</strong></span> <span class='ocrx_word' id='word_1_114' title='bbox 1006 1785 1057 1850; x_wconf 80' lang='lat' dir='ltr'><strong>Ex</strong></span> <span class='ocrx_word' id='word_1_115' title='bbox 1069 1781 1267 1852; x_wconf 69' lang='lat' dir='ltr'><strong>habitaculis</strong></span> <span class='ocrx_word' id='word_1_116' title='bbox 1275 1778 1346 1852; x_wconf 79' lang='lat' dir='ltr'><strong>sta-</strong></span> 
     </span>
     <span class='ocr_line' id='line_1_15' title="bbox 298 1885 1347 1980; baseline 0.001 -23"><span class='ocrx_word' id='word_1_117' title='bbox 298 1889 360 1958; x_wconf 80' lang='lat' dir='ltr'><strong>tim</strong></span> <span class='ocrx_word' id='word_1_118' title='bbox 373 1889 416 1957; x_wconf 86' lang='lat' dir='ltr'><strong>ab</strong></span> <span class='ocrx_word' id='word_1_119' title='bbox 425 1886 562 1956; x_wconf 85' lang='lat' dir='ltr'><strong>exordio</strong></span> <span class='ocrx_word' id='word_1_120' title='bbox 576 1889 696 1956; x_wconf 81' lang='lat' dir='ltr'><strong>borum</strong></span> <span class='ocrx_word' id='word_1_121' title='bbox 714 1885 903 1956; x_wconf 72' lang='lat' dir='ltr'><strong>felicitatem</strong></span> <span class='ocrx_word' id='word_1_122' title='bbox 916 1887 1105 1980; x_wconf 67' lang='lat' dir='ltr'><strong>considenaq</strong></span> <span class='ocrx_word' id='word_1_123' title='bbox 1123 1891 1195 1958; x_wconf 84' lang='lat' dir='ltr'><strong>l&#39;oea</strong></span> <span class='ocrx_word' id='word_1_124' title='bbox 1210 1891 1298 1958; x_wconf 87' lang='lat' dir='ltr'><strong>enim</strong></span> <span class='ocrx_word' id='word_1_125' title='bbox 1314 1900 1347 1958; x_wconf 84' lang='lat' dir='ltr'><strong>et</strong></span> 
     </span>
     <span class='ocr_line' id='line_1_16' title="bbox 301 1986 1347 2086; baseline 0.002 -23"><span class='ocrx_word' id='word_1_126' title='bbox 301 1986 417 2078; x_wconf 65' lang='lat' dir='ltr'><strong>uibe&#39;s,</strong></span> <span class='ocrx_word' id='word_1_127' title='bbox 435 1991 665 2084; x_wconf 74' lang='lat' dir='ltr'><strong>tumultusque</strong></span> <span class='ocrx_word' id='word_1_128' title='bbox 682 1993 717 2061; x_wconf 93' lang='lat' dir='ltr'><strong>in</strong></span> <span class='ocrx_word' id='word_1_129' title='bbox 732 1993 842 2062; x_wconf 86' lang='lat' dir='ltr'><strong>medio</strong></span> <span class='ocrx_word' id='word_1_130' title='bbox 854 1994 978 2086; x_wconf 73' lang='lat' dir='ltr'><strong>positus</strong></span> <span class='ocrx_word' id='word_1_131' title='bbox 994 1994 1175 2086; x_wconf 82' lang='lat' dir='ltr'><strong>fugientes,</strong></span> <span class='ocrx_word' id='word_1_132' title='bbox 1195 1997 1297 2065; x_wconf 87' lang='lat' dir='ltr'><strong>vitam</strong></span> <span class='ocrx_word' id='word_1_133' title='bbox 1312 1997 1347 2065; x_wconf 89' lang='lat' dir='ltr'><strong>in</strong></span> 
     </span>
     <span class='ocr_line' id='line_1_17' title="bbox 299 2098 1348 2196; baseline 0.003 -27"><span class='ocrx_word' id='word_1_134' title='bbox 299 2101 468 2170; x_wconf 87' lang='lat' dir='ltr'><strong>montibus</strong></span> <span class='ocrx_word' id='word_1_135' title='bbox 483 2098 690 2190; x_wconf 78' lang='lat' dir='ltr'><strong>delegenmt,</strong></span> <span class='ocrx_word' id='word_1_136' title='bbox 710 2116 786 2194; x_wconf 85' lang='lat' dir='ltr'><strong>quae</strong></span> <span class='ocrx_word' id='word_1_137' title='bbox 800 2099 885 2170; x_wconf 87' lang='lat' dir='ltr'><strong>nibil</strong></span> <span class='ocrx_word' id='word_1_138' title='bbox 900 2119 978 2172; x_wconf 87' lang='lat' dir='ltr'><strong>cum</strong></span> <span class='ocrx_word' id='word_1_139' title='bbox 999 2104 1155 2196; x_wconf 77' lang='lat' dir='ltr'><strong>piaesenti</strong></span> <span class='ocrx_word' id='word_1_140' title='bbox 1171 2105 1239 2174; x_wconf 71' lang='lat' dir='ltr'><strong>viti</strong></span> <span class='ocrx_word' id='word_1_141' title='bbox 1256 2125 1348 2173; x_wconf 86' lang='lat' dir='ltr'><strong>com·</strong></span> 
     </span>
     <span class='ocr_line' id='line_1_18' title="bbox 300 2205 1348 2306; baseline 0.004 -32"><span class='ocrx_word' id='word_1_142' title='bbox 300 2209 404 2274; x_wconf 83' lang='lat' dir='ltr'><strong>mune</strong></span> <span class='ocrx_word' id='word_1_143' title='bbox 423 2205 539 2290; x_wconf 92' lang='lat' dir='ltr'><strong>babet,</strong></span> <span class='ocrx_word' id='word_1_144' title='bbox 556 2221 634 2298; x_wconf 88' lang='lat' dir='ltr'><strong>quae</strong></span> <span class='ocrx_word' id='word_1_145' title='bbox 651 2206 733 2275; x_wconf 85' lang='lat' dir='ltr'><strong>nibil</strong></span> <span class='ocrx_word' id='word_1_146' title='bbox 750 2208 932 2276; x_wconf 84' lang='lat' dir='ltr'><strong>humanum</strong></span> <span class='ocrx_word' id='word_1_147' title='bbox 946 2210 1090 2300; x_wconf 73' lang='lat' dir='ltr'><strong>patitur,</strong></span> <span class='ocrx_word' id='word_1_148' title='bbox 1107 2233 1176 2280; x_wconf 90' lang='lat' dir='ltr'><strong>non</strong></span> <span class='ocrx_word' id='word_1_149' title='bbox 1196 2209 1348 2306; x_wconf 76' lang='lat' dir='ltr'><strong>dolonem</strong></span> 
     </span>
     <span class='ocr_line' id='line_1_19' title="bbox 299 2308 1345 2406; baseline 0.002 -24"><span class='ocrx_word' id='word_1_150' title='bbox 299 2321 364 2406; x_wconf 66' lang='lat' dir='ltr'><strong>bro</strong></span> <span class='ocrx_word' id='word_1_151' title='bbox 377 2310 476 2382; x_wconf 88' lang='lat' dir='ltr'><strong>rebus</strong></span> <span class='ocrx_word' id='word_1_152' title='bbox 492 2311 720 2397; x_wconf 72' lang='lat' dir='ltr'><strong>secularibus,</strong></span> <span class='ocrx_word' id='word_1_153' title='bbox 737 2335 806 2382; x_wconf 88' lang='grc'><strong>11011</strong></span> <span class='ocrx_word' id='word_1_154' title='bbox 820 2323 994 2384; x_wconf 79' lang='lat' dir='ltr'><strong>moeaerem</strong></span> <span class='ocrx_word' id='word_1_155' title='bbox 1007 2314 1063 2384; x_wconf 80' lang='lat' dir='ltr'><strong>&#39;vel</strong></span> <span class='ocrx_word' id='word_1_156' title='bbox 1078 2308 1345 2402; x_wconf 75' lang='lat' dir='ltr'><strong>sollicitudinem,</strong></span> 
     </span>
     <span class='ocr_line' id='line_1_20' title="bbox 298 2407 1345 2514; baseline 0.005 -24"><span class='ocrx_word' id='word_1_157' title='bbox 298 2442 373 2491; x_wconf 82' lang='lat' dir='ltr'><strong>non</strong></span> <span class='ocrx_word' id='word_1_158' title='bbox 388 2421 557 2514; x_wconf 80' lang='lat' dir='ltr'><strong>pericula,</strong></span> <span class='ocrx_word' id='word_1_159' title='bbox 576 2443 645 2492; x_wconf 85' lang='lat' dir='ltr'><strong>nen</strong></span> <span class='ocrx_word' id='word_1_160' title='bbox 661 2421 793 2490; x_wconf 76' lang='lat' dir='ltr'>insidias</span> <span class='ocrx_word' id='word_1_161' title='bbox 804 2475 813 2507; x_wconf 91' lang='lat'><strong>,</strong></span> <span class='ocrx_word' id='word_1_162' title='bbox 826 2433 894 2491; x_wconf 82' lang='lat' dir='ltr'><strong>nen</strong></span> <span class='ocrx_word' id='word_1_163' title='bbox 909 2407 1085 2509; x_wconf 73' lang='lat' dir='ltr'><strong>inuuidiam,</strong></span> <span class='ocrx_word' id='word_1_164' title='bbox 1106 2444 1176 2494; x_wconf 91' lang='lat' dir='ltr'><strong>non</strong></span> <span class='ocrx_word' id='word_1_165' title='bbox 1191 2424 1345 2512; x_wconf 76' lang='lat' dir='ltr'>livorem,</span> 
     </span>
     <span class='ocr_line' id='line_1_21' title="bbox 301 2518 1348 2621; baseline 0.004 -25"><span class='ocrx_word' id='word_1_166' title='bbox 301 2543 373 2596; x_wconf 81' lang='lat' dir='ltr'><strong>uon</strong></span> <span class='ocrx_word' id='word_1_167' title='bbox 380 2541 493 2619; x_wconf 88' lang='lat' dir='ltr'><strong>turpes</strong></span> <span class='ocrx_word' id='word_1_168' title='bbox 505 2545 641 2611; x_wconf 78' lang='lat' dir='ltr'><strong>ammes,</strong></span> <span class='ocrx_word' id='word_1_169' title='bbox 651 2536 722 2594; x_wconf 83' lang='lat' dir='ltr'><strong>non</strong></span> <span class='ocrx_word' id='word_1_170' title='bbox 734 2525 824 2594; x_wconf 82' lang='lat' dir='ltr'><strong>aliud</strong></span> <span class='ocrx_word' id='word_1_171' title='bbox 831 2519 1003 2621; x_wconf 58' lang='lat' dir='ltr'><strong>&#39;quidpiam</strong></span> <span class='ocrx_word' id='word_1_172' title='bbox 1014 2529 1128 2599; x_wconf 83' lang='lat' dir='ltr'><strong>simile.</strong></span> <span class='ocrx_word' id='word_1_173' title='bbox 1140 2532 1215 2599; x_wconf 81' lang='lat' dir='ltr'><strong>tam</strong></span> <span class='ocrx_word' id='word_1_174' title='bbox 1232 2518 1287 2600; x_wconf 88' lang='lat' dir='ltr'><strong>bic</strong></span> <span class='ocrx_word' id='word_1_175' title='bbox 1299 2529 1348 2600; x_wconf 87' lang='lat' dir='ltr'><strong>ilii</strong></span> 
     </span>
     <span class='ocr_line' id='line_1_22' title="bbox 300 2629 1349 2726; baseline 0.006 -26"><span class='ocrx_word' id='word_1_176' title='bbox 300 2654 381 2726; x_wconf 70' lang='lat' dir='ltr'><strong>‘quae</strong></span> <span class='ocrx_word' id='word_1_177' title='bbox 398 2632 440 2701; x_wconf 89' lang='lat' dir='ltr'><strong>ad</strong></span> <span class='ocrx_word' id='word_1_178' title='bbox 455 2647 593 2722; x_wconf 82' lang='lat' dir='ltr'><strong>regnum</strong></span> <span class='ocrx_word' id='word_1_179' title='bbox 608 2629 769 2700; x_wconf 83' lang='lat' dir='ltr'><strong>eoelerum</strong></span> <span class='ocrx_word' id='word_1_180' title='bbox 785 2633 952 2724; x_wconf 51' lang='lat' dir='ltr'><strong>¹pertinent</strong></span> <span class='ocrx_word' id='word_1_181' title='bbox 971 2636 1192 2722; x_wconf 80' lang='lat' dir='ltr'><strong>meditantur,</strong></span> <span class='ocrx_word' id='word_1_182' title='bbox 1210 2637 1247 2704; x_wconf 90' lang='lat' dir='ltr'><strong>in</strong></span> <span class='ocrx_word' id='word_1_183' title='bbox 1259 2636 1349 2706; x_wconf 88' lang='lat' dir='ltr'><strong>salti-</strong></span> 
     </span>
     <span class='ocr_line' id='line_1_23' title="bbox 303 2735 1418 2836; baseline 0.004 -28"><span class='ocrx_word' id='word_1_184' title='bbox 303 2739 368 2808; x_wconf 80' lang='lat' dir='ltr'><strong>bus</strong></span> <span class='ocrx_word' id='word_1_185' title='bbox 384 2753 548 2823; x_wconf 82' lang='lat' dir='ltr'><strong>versantes</strong></span> <span class='ocrx_word' id='word_1_186' title='bbox 559 2791 568 2818; x_wconf 91' lang='lat'><strong>,</strong></span> <span class='ocrx_word' id='word_1_187' title='bbox 579 2737 751 2834; x_wconf 79' lang='lat' dir='ltr'><strong>mentibus</strong></span> <span class='ocrx_word' id='word_1_188' title='bbox 763 2735 990 2834; x_wconf 77' lang='lat' dir='ltr'><strong>fontibusque,</strong></span> <span class='ocrx_word' id='word_1_189' title='bbox 1004 2757 1081 2812; x_wconf 83' lang='lat' dir='ltr'><strong>eum</strong></span> <span class='ocrx_word' id='word_1_190' title='bbox 1097 2743 1209 2836; x_wconf 89' lang='lat' dir='ltr'><strong>quiete</strong></span> <span class='ocrx_word' id='word_1_191' title='bbox 1222 2742 1346 2812; x_wconf 74' lang='lat' dir='ltr'><strong>multi:</strong></span> <span class='ocrx_word' id='word_1_192' title='bbox 1416 2749 1418 2756; x_wconf 67' lang='lat'>‘</span> 
     </span>
     <span class='ocr_line' id='line_1_24' title="bbox 303 2845 1348 2942; baseline 0.002 -27"><span class='ocrx_word' id='word_1_193' title='bbox 303 2847 472 2939; x_wconf 65' lang='lat' dir='ltr'><strong>precipue</strong></span> <span class='ocrx_word' id='word_1_194' title='bbox 488 2859 598 2914; x_wconf 85' lang='lat' dir='ltr'><strong>autem</strong></span> <span class='ocrx_word' id='word_1_195' title='bbox 613 2850 682 2914; x_wconf 82' lang='grc' dir='ltr'><strong>1)θο</strong></span> <span class='ocrx_word' id='word_1_196' title='bbox 697 2845 824 2914; x_wconf 86' lang='lat' dir='ltr'><strong>haerent</strong></span> <span class='ocrx_word' id='word_1_197' title='bbox 840 2848 1076 2942; x_wconf 83' lang='lat' dir='ltr'><strong>tuguriumque</strong></span> <span class='ocrx_word' id='word_1_198' title='bbox 1097 2849 1232 2920; x_wconf 86' lang='lat' dir='ltr'><strong>illerum</strong></span> <span class='ocrx_word' id='word_1_199' title='bbox 1256 2850 1348 2918; x_wconf 84' lang='lat' dir='ltr'><strong>omni</strong></span> 
     </span>
     <span class='ocr_line' id='line_1_25' title="bbox 302 2949 1348 3048; baseline 0.003 -27"><span class='ocrx_word' id='word_1_200' title='bbox 302 2949 454 3021; x_wconf 84' lang='lat' dir='ltr'><strong>tumultu</strong></span> <span class='ocrx_word' id='word_1_201' title='bbox 473 2970 615 3022; x_wconf 81' lang='lat' dir='ltr'><strong>vacuum</strong></span> <span class='ocrx_word' id='word_1_202' title='bbox 627 2964 686 3035; x_wconf 84' lang='lat' dir='ltr'><strong>est,</strong></span> <span class='ocrx_word' id='word_1_203' title='bbox 702 2949 814 3021; x_wconf 86' lang='lat' dir='ltr'><strong>anima</strong></span> <span class='ocrx_word' id='word_1_204' title='bbox 826 2953 916 3021; x_wconf 91' lang='lat' dir='ltr'><strong>omni</strong></span> <span class='ocrx_word' id='word_1_205' title='bbox 931 2955 1048 3023; x_wconf 84' lang='lat' dir='ltr'><strong>morbo</strong></span> <span class='ocrx_word' id='word_1_206' title='bbox 1057 2969 1094 3024; x_wconf 87' lang='lat' dir='ltr'><strong>et</strong></span> <span class='ocrx_word' id='word_1_207' title='bbox 1107 2978 1211 3048; x_wconf 87' lang='lat' dir='ltr'><strong>pravo</strong></span> <span class='ocrx_word' id='word_1_208' title='bbox 1226 2956 1348 3025; x_wconf 84' lang='lat' dir='ltr'><strong>affeetu</strong></span> 
     </span>
    </p>
   </div>
   <div class='ocr_carea' id='block_1_4' title="bbox 182 3053 1348 3154">
    <p class='ocr_par' dir='ltr' id='par_1_4' title="bbox 182 3053 1348 3154">
     <span class='ocr_line' id='line_1_26' title="bbox 182 3053 1348 3154; baseline 0.005 -31"><span class='ocrx_word' id='word_1_209' title='bbox 182 3137 183 3140; x_wconf 8' lang='grc' dir='ltr'><strong>Ἴ</strong></span> <span class='ocrx_word' id='word_1_210' title='bbox 306 3056 432 3142; x_wconf 86' lang='lat' dir='ltr'><strong>libera,</strong></span> <span class='ocrx_word' id='word_1_211' title='bbox 449 3055 549 3140; x_wconf 86' lang='lat' dir='ltr'><strong>levis,</strong></span> <span class='ocrx_word' id='word_1_212' title='bbox 567 3053 739 3145; x_wconf 85' lang='lat' dir='ltr'><strong>expedita,</strong></span> <span class='ocrx_word' id='word_1_213' title='bbox 758 3070 791 3124; x_wconf 92' lang='lat' dir='ltr'><strong>et</strong></span> <span class='ocrx_word' id='word_1_214' title='bbox 805 3059 994 3129; x_wconf 87' lang='lat' dir='ltr'><strong>tenuissimo</strong></span> <span class='ocrx_word' id='word_1_215' title='bbox 1016 3066 1090 3128; x_wconf 69' lang='lat' dir='ltr'><strong>aere</strong></span> <span class='ocrx_word' id='word_1_216' title='bbox 1109 3063 1234 3152; x_wconf 83' lang='lat' dir='ltr'><strong>purior.</strong></span> <span class='ocrx_word' id='word_1_217' title='bbox 1258 3061 1348 3154; x_wconf 87' lang='lat' dir='ltr'><strong>Opus</strong></span> 
     </span>
    </p>
   </div>
   <div class='ocr_carea' id='block_1_5' title="bbox 135 3159 1351 4010">
    <p class='ocr_par' dir='ltr' id='par_1_5' title="bbox 135 3159 1351 3905">
     <span class='ocr_line' id='line_1_27' title="bbox 308 3159 1349 3256; baseline 0.006 -26"><span class='ocrx_word' id='word_1_218' title='bbox 308 3160 420 3230; x_wconf 78' lang='lat' dir='ltr'><strong>autem</strong></span> <span class='ocrx_word' id='word_1_219' title='bbox 427 3161 559 3230; x_wconf 78' lang='lat' dir='ltr'><strong>illorum</strong></span> <span class='ocrx_word' id='word_1_220' title='bbox 567 3159 712 3252; x_wconf 76' lang='lat' dir='ltr'><strong>teipsum</strong></span> <span class='ocrx_word' id='word_1_221' title='bbox 724 3165 875 3256; x_wconf 79' lang='lat' dir='ltr'><strong>estquod</strong></span> <span class='ocrx_word' id='word_1_222' title='bbox 884 3165 991 3235; x_wconf 75' lang='lat' dir='ltr'><strong>Adam</strong></span> <span class='ocrx_word' id='word_1_223' title='bbox 1005 3167 1099 3237; x_wconf 82' lang='lat' dir='ltr'><strong>initio</strong></span> <span class='ocrx_word' id='word_1_224' title='bbox 1111 3169 1242 3255; x_wconf 82' lang='lat' dir='ltr'><strong>habuit,</strong></span> <span class='ocrx_word' id='word_1_225' title='bbox 1257 3183 1349 3239; x_wconf 87' lang='lat' dir='ltr'><strong>ante-</strong></span> 
     </span>
     <span class='ocr_line' id='line_1_28' title="bbox 307 3267 1349 3364; baseline 0.007 -27"><span class='ocrx_word' id='word_1_226' title='bbox 307 3271 410 3364; x_wconf 78' lang='lat' dir='ltr'><strong>qubm</strong></span> <span class='ocrx_word' id='word_1_227' title='bbox 424 3283 592 3362; x_wconf 81' lang='lat' dir='ltr'><strong>peccaret,</strong></span> <span class='ocrx_word' id='word_1_228' title='bbox 610 3267 756 3361; x_wconf 73' lang='lat' dir='ltr'><strong>quandia,</strong></span> <span class='ocrx_word' id='word_1_229' title='bbox 781 3269 883 3362; x_wconf 71' lang='lat' dir='ltr'><strong>glorie</strong></span> <span class='ocrx_word' id='word_1_230' title='bbox 898 3273 1045 3359; x_wconf 88' lang='lat' dir='ltr'><strong>indutus,</strong></span> <span class='ocrx_word' id='word_1_231' title='bbox 1060 3297 1138 3344; x_wconf 90' lang='lat' dir='ltr'><strong>cum</strong></span> <span class='ocrx_word' id='word_1_232' title='bbox 1157 3281 1226 3346; x_wconf 86' lang='lat' dir='ltr'><strong>Deo</strong></span> <span class='ocrx_word' id='word_1_233' title='bbox 1246 3275 1349 3345; x_wconf 81' lang='lat' dir='ltr'><strong>libere</strong></span> 
     </span>
     <span class='ocr_line' id='line_1_29' title="bbox 304 3375 1349 3470; baseline 0.003 -24"><span class='ocrx_word' id='word_1_234' title='bbox 304 3375 525 3470; x_wconf 76' lang='lat' dir='ltr'><strong>loquebatur,</strong></span> <span class='ocrx_word' id='word_1_235' title='bbox 548 3389 582 3444; x_wconf 91' lang='lat' dir='ltr'><strong>et</strong></span> <span class='ocrx_word' id='word_1_236' title='bbox 602 3375 714 3446; x_wconf 88' lang='lat' dir='ltr'><strong>locum</strong></span> <span class='ocrx_word' id='word_1_237' title='bbox 735 3377 831 3446; x_wconf 87' lang='lat' dir='ltr'><strong>illum</strong></span> <span class='ocrx_word' id='word_1_238' title='bbox 846 3377 950 3447; x_wconf 71' lang='lat' dir='ltr'><strong>multi</strong></span> <span class='ocrx_word' id='word_1_239' title='bbox 970 3379 1175 3450; x_wconf 83' lang='lat' dir='ltr'><strong>beatitudine</strong></span> <span class='ocrx_word' id='word_1_240' title='bbox 1190 3381 1349 3451; x_wconf 78' lang='lat' dir='ltr'><strong>refertum</strong></span> 
     </span>
     <span class='ocr_line' id='line_1_30' title="bbox 308 3475 1350 3580; baseline 0.003 -28"><span class='ocrx_word' id='word_1_241' title='bbox 308 3482 485 3555; x_wconf 82' lang='lat' dir='ltr'><strong>incolebat.</strong></span> <span class='ocrx_word' id='word_1_242' title='bbox 509 3487 549 3551; x_wconf 93' lang='lat' dir='ltr'><strong>ln</strong></span> <span class='ocrx_word' id='word_1_243' title='bbox 563 3498 631 3576; x_wconf 85' lang='lat' dir='ltr'><strong>quo</strong></span> <span class='ocrx_word' id='word_1_244' title='bbox 646 3475 789 3552; x_wconf 61' lang='lat' dir='ltr'><strong>enim&#39;bi</strong></span> <span class='ocrx_word' id='word_1_245' title='bbox 805 3486 895 3577; x_wconf 76' lang='lat' dir='ltr'><strong>pejus</strong></span> <span class='ocrx_word' id='word_1_246' title='bbox 906 3488 1011 3579; x_wconf 77' lang='lat' dir='ltr'><strong>quim</strong></span> <span class='ocrx_word' id='word_1_247' title='bbox 1029 3486 1089 3556; x_wconf 84' lang='lat' dir='ltr'><strong>ille</strong></span> <span class='ocrx_word' id='word_1_248' title='bbox 1111 3486 1256 3580; x_wconf 82' lang='lat' dir='ltr'><strong>degunt,</strong></span> <span class='ocrx_word' id='word_1_249' title='bbox 1273 3489 1350 3557; x_wconf 77' lang='lat' dir='ltr'><strong>caim</strong></span> 
     </span>
     <span class='ocr_line' id='line_1_31' title="bbox 300 3591 1350 3689; baseline 0.004 -29"><span class='ocrx_word' id='word_1_250' title='bbox 300 3592 385 3662; x_wconf 69' lang='lat' dir='ltr'><strong>⁴tutte</strong></span> <span class='ocrx_word' id='word_1_251' title='bbox 398 3591 654 3660; x_wconf 86' lang='lat' dir='ltr'><strong>inobedientiam</strong></span> <span class='ocrx_word' id='word_1_252' title='bbox 662 3592 847 3682; x_wconf 82' lang='lat' dir='ltr'><strong>pesitusest</strong></span> <span class='ocrx_word' id='word_1_253' title='bbox 857 3595 896 3662; x_wconf 85' lang='lat' dir='ltr'><strong>in</strong></span> <span class='ocrx_word' id='word_1_254' title='bbox 906 3593 1063 3686; x_wconf 68' lang='lat' dir='ltr'><strong>&#39;paradiso</strong></span> <span class='ocrx_word' id='word_1_255' title='bbox 1079 3609 1118 3664; x_wconf 89' lang='lat' dir='ltr'><strong>nt</strong></span> <span class='ocrx_word' id='word_1_256' title='bbox 1138 3597 1350 3689; x_wconf 54' lang='lat' dir='ltr'><strong>mentetua?</strong></span> 
     </span>
     <span class='ocr_line' id='line_1_32' title="bbox 309 3697 1351 3792; baseline 0.002 -21"><span class='ocrx_word' id='word_1_257' title='bbox 309 3698 407 3771; x_wconf 87' lang='lat' dir='ltr'><strong>Nulla</strong></span> <span class='ocrx_word' id='word_1_258' title='bbox 422 3699 487 3792; x_wconf 85' lang='lat' dir='ltr'><strong>ipsi</strong></span> <span class='ocrx_word' id='word_1_259' title='bbox 502 3698 664 3768; x_wconf 78' lang='lat' dir='ltr'><strong>saecularis</strong></span> <span class='ocrx_word' id='word_1_260' title='bbox 679 3697 864 3772; x_wconf 77' lang='lat' dir='ltr'><strong>sollicitudo</strong></span> <span class='ocrx_word' id='word_1_261' title='bbox 875 3703 996 3790; x_wconf 62' lang='lat' dir='ltr'><strong>ineiatq</strong></span> <span class='ocrx_word' id='word_1_262' title='bbox 1010 3704 1103 3773; x_wconf 91' lang='lat' dir='ltr'><strong>nulla</strong></span> <span class='ocrx_word' id='word_1_263' title='bbox 1112 3705 1217 3773; x_wconf 75' lang='lat' dir='ltr'><strong>etium</strong></span> <span class='ocrx_word' id='word_1_264' title='bbox 1233 3710 1351 3776; x_wconf 84' lang='lat' dir='ltr'><strong>Mona·</strong></span> 
     </span>
     <span class='ocr_line' id='line_1_33' title="bbox 135 3799 1351 3905; baseline 0.006 -29"><span class='ocrx_word' id='word_1_265' title='bbox 135 3852 139 3856; x_wconf 90' lang='lat'><em>-</em></span> <span class='ocrx_word' id='word_1_266' title='bbox 309 3807 454 3878; x_wconf 84' lang='lat' dir='ltr'><strong>chisillis</strong></span> <span class='ocrx_word' id='word_1_267' title='bbox 473 3837 480 3876; x_wconf 91' lang='lat'>:</span> <span class='ocrx_word' id='word_1_268' title='bbox 496 3819 581 3900; x_wconf 68' lang='lat' dir='ltr'><strong>pura</strong></span> <span class='ocrx_word' id='word_1_269' title='bbox 600 3799 1189 3905; x_wconf 59' lang='lat' dir='ltr'><strong>conscientia‘llettmallequebatum</strong></span> <span class='ocrx_word' id='word_1_270' title='bbox 1208 3815 1292 3886; x_wconf 84' lang='lat' dir='ltr'><strong>ethi</strong></span> <span class='ocrx_word' id='word_1_271' title='bbox 1309 3815 1351 3883; x_wconf 81' lang='lat' dir='ltr'><strong>si·</strong></span> 
     </span>
    </p>

    <p class='ocr_par' dir='ltr' id='par_1_6' title="bbox 224 3913 1348 4010">
     <span class='ocr_line' id='line_1_34' title="bbox 224 3913 1348 4010; baseline 0.006 -27"><span class='ocrx_word' id='word_1_272' title='bbox 224 3915 226 3920; x_wconf 83' lang='lat'>&#39;</span> <span class='ocrx_word' id='word_1_273' title='bbox 310 3914 431 3985; x_wconf 86' lang='lat' dir='ltr'><strong>militer</strong></span> <span class='ocrx_word' id='word_1_274' title='bbox 448 3944 456 3985; x_wconf 79' lang='lat' dir='ltr'><strong><em>z</em></strong></span> <span class='ocrx_word' id='word_1_275' title='bbox 473 3915 541 3984; x_wconf 80' lang='lat' dir='ltr'><strong>imb</strong></span> <span class='ocrx_word' id='word_1_276' title='bbox 555 3913 662 3985; x_wconf 86' lang='lat' dir='ltr'><strong>multb</strong></span> <span class='ocrx_word' id='word_1_277' title='bbox 676 3917 832 4010; x_wconf 82' lang='lat' dir='ltr'><strong>majorem</strong></span> <span class='ocrx_word' id='word_1_278' title='bbox 843 3917 947 4010; x_wconf 72' lang='lat' dir='ltr'><strong>quim</strong></span> <span class='ocrx_word' id='word_1_279' title='bbox 966 3915 1024 3989; x_wconf 89' lang='lat' dir='ltr'><strong>ille</strong></span> <span class='ocrx_word' id='word_1_280' title='bbox 1036 3920 1194 3990; x_wconf 83' lang='lat' dir='ltr'><strong>fiduciam</strong></span> <span class='ocrx_word' id='word_1_281' title='bbox 1205 3921 1348 4008; x_wconf 87' lang='lat' dir='ltr'><strong>babent,</strong></span> 
     </span>
    </p>
   </div>
   <div class='ocr_carea' id='block_1_6' title="bbox 0 0 1504 4580">
    <p class='ocr_par' dir='ltr' id='par_1_7' title="bbox 0 0 1504 4580">
     <span class='ocr_line' id='line_1_35' title="bbox 0 0 1504 4580; baseline 0 0"><span class='ocrx_word' id='word_1_282' title='bbox 0 0 1504 4580; x_wconf 95' lang='lat' dir='ltr'><strong> </strong></span> 
     </span>
    </p>
   </div>
  </div>
 </body>
</html>
