2982 4584
263 393 329 462 49⁰
411 407 641 461 rememoro.
666 406 821 471 romeu,
845 405 923 458 sim
945 411 996 470 11,
1017 409 1102 458 mor.
1126 412 1152 454 1.

263 516 434 588 reductam
453 513 575 598 babet,
598 525 634 582 et
657 526 810 584 naturam
826 512 932 605 ipsam
946 511 1134 584 effoemiust
1147 527 1305 606 aspectu,

262 621 391 707 babitu,
408 619 623 705 vestimentis,
640 617 953 705 demumomnibus,
966 616 1174 713 formamque
1185 625 1308 692 tenerae

262 726 384 822 puellm
397 726 543 800 affectat.
553 724 647 798 Alius
658 728 738 798 verb
752 726 916 820 quispiam
931 748 1044 812 senex,
1056 725 1251 798 econtrario
1259 753 1309 800 ca·

164 857 169 880 ¹
262 834 352 930 pillis
364 833 527 910 novacula
541 834 681 920 abrasis,
694 834 830 906 renibus
842 833 1042 920 succinctim,
1052 837 1230 928 postquem
1243 859 1309 928 pu·
1437 913 1442 921 ³

264 944 381 1019 dorem
392 942 469 1016 aute
483 940 619 1034 capillos
633 941 786 1028 succidit,
796 953 860 1012 stat
875 939 919 1010 od
933 939 1045 1033 alapas
1055 939 1261 1041 accipiendas
1276 956 1310 1013 et

265 1051 309 1126 ad
322 1053 433 1154 omnin
451 1049 591 1124 dicenda
607 1039 824 1144 faciendaque
842 1062 987 1142 paratus.
1006 1047 1161 1121 Mulieres
1176 1065 1305 1138 numm,

266 1159 359 1234 nudo
384 1157 514 1251 capite,
540 1158 632 1230 omui
652 1158 751 1230 misso
771 1157 910 1243 rubore,
935 1169 1022 1228 nont
1043 1155 1205 1249 populum
1230 1157 1311 1228 allo-

266 1280 425 1362 quentes,
442 1257 967 1364 nntnm'videbcetimpudmdae
978 1262 1129 1336 studium
1139 1263 1311 1352 habentes,

267 1397 468 1468 omnemque
483 1373 701 1467 petulantiam
711 1387 747 1446 et
756 1373 923 1446 lasciviam
936 1370 1175 1444 inauditorum
1189 1373 1315 1444 animos

267 1480 492 1556 intrudentes.
510 1479 601 1554 Illud
619 1504 724 1553 unum
741 1479 889 1552 studium
903 1478 1047 1565 babent,
1070 1492 1110 1550 ut
1132 1479 1317 1550 castitatem

268 1611 402 1664 omnent
417 1587 574 1660 radicitus
589 1584 753 1674 evellant,
772 1599 924 1658 naturam
937 1583 1134 1679 deturpent,
1153 1584 1234 1656 mali
1247 1584 1317 1656 dae·
1334 1658 1342 1669 Χ

268 1698 377 1793 monis
387 1697 686 1790 concupiscentiam
695 1695 858 1788 expleant.
869 1695 953 1768 Nem
965 1693 1020 1765 bic
1031 1695 1133 1767 verba
1144 1691 1316 1782 obscoena,

269 1805 403 1876 habitus
418 1803 565 1890 ridiculi,
582 1817 718 1876 tonsura
733 1801 846 1874 similis
856 1854 867 1888 ,
877 1802 1022 1874 incessus
1033 1853 1043 1890 ,
1054 1801 1214 1886 vestitus,
1230 1824 1316 1888 vox,

270 1913 497 1984 membrorum
507 1910 680 1996 mollities,
692 1907 865 1982 oculorum
879 1909 1099 1997 inversiones,
1115 1909 1256 1996 fistulm,
1272 1909 1319 1978 ti·

271 2020 353 2106 bine,
377 2018 546 2104 dramate,
568 2031 780 2108 argumenta,
809 2021 988 2111 omniaque
1010 2015 1150 2108 demum
1164 2030 1320 2086 ernemae

270 2124 518 2219 lasciviaeplena
533 2137 622 2194 sunt.
642 2123 882 2210 Quandonbm,
897 2145 1026 2216 quaeso,
1038 2123 1224 2218 resipisces,
1241 2122 1320 2193 crim

272 2247 403 2308 tantum
435 2233 498 2304 tibi
520 2230 747 2320 fornicationis
773 2229 934 2328 poculum
960 2228 1118 2314 infundat
1142 2230 1317 2320 diabolus,

273 2355 389 2436 totque
403 2339 664 2432 intemperantiae
683 2337 802 2431 calices
816 2337 974 2412 misceat?
994 2339 1078 2410 Nem
1093 2336 1161 2408 illic
1175 2337 1319 2408 fornica·

273 2449 398 2536 tiones,
413 2447 592 2534 adulteria,
609 2447 762 2520 mulieres
778 2447 975 2539 prostitutae,
992 2447 1054 2518 viri
1068 2444 1243 2518 muliebria
1259 2469 1317 2538 pa-

273 2556 402 2640 tientes,
412 2557 551 2646 juvenes
564 2553 692 2638 molles,
704 2553 814 2624 omnia
822 2553 996 2646 iniquitate
1002 2553 1113 2645 plena,
1123 2553 1320 2646 portentosis

273 2661 372 2733 rebus
393 2684 431 2732 ac
455 2658 624 2753 prodigiis.
644 2662 725 2753 ,Non
737 2660 817 2751 ergo
832 2655 876 2730 de'
896 2659 1090 2752 hujusmodi
1101 2661 1200 2732 rebus
1212 2661 1320 2730 ridere

274 2767 424 2842 sedentes
448 2779 634 2860 oporteret,
661 2765 719 2836 sed
742 2765 917 2856 lacrymari
933 2779 967 2838 et
986 2767 1212 2858 ingemiscere.
1230 2767 1321 2851 Quid

273 2877 397 2969 igitur?
421 2899 464 2946 an
478 2876 678 2946 orchestram
703 2873 908 2958 claudemus,
923 2875 1069 2970 inquies,
1087 2890 1122 2946 et
1141 2875 1236 2969 jussu
1258 2889 1321 2946 tuo
1346 2932 1356 2946 ,

275 2983 385 3056 omnia
412 2983 672 3054 subvertentur?
696 2984 793 3054 Nunc
813 2981 902 3052 certe
918 2982 1029 3052 omnia
1054 2977 1212 3055 subversa
1227 2996 1318 3052 sunt.

275 3091 449 3166 Undenlm
461 3090 484 3158 ii
499 3091 558 3182 qni
569 3088 693 3180 nuptiis
706 3087 839 3160 insidias
849 3091 986 3180 patant?
997 3092 1116 3162 Nonne
1126 3091 1170 3161 ab
1180 3092 1244 3162 haic
1253 3114 1323 3162 see·

202 3279 205 3285 ¹
275 3199 319 3270 nd
330 3200 345 3268 Ρ
358 3195 453 3270 Uudd
469 3197 492 3268 ii
508 3196 566 3290 qni
581 3191 744 3266 thalamos
754 3194 946 3270 effodiunt?
961 3199 1079 3268 Nonne
1094 3198 1138 3268 ab
1154 3198 1324 3269 orchestra

274 3303 350 3378 illd?
365 3327 477 3376 nonne
496 3304 574 3374 htuc
588 3303 651 3376 viri
670 3303 829 3383 uxoribus
853 3318 931 3376 sunt
948 3304 1101 3376 molesti?
1114 3327 1226 3376 noune
1240 3306 1322 3376 hinc

274 3414 295 3486 lt
310 3413 386 3486 viris
402 3435 520 3484 uxores
535 3410 783 3504 despiciuntur?
800 3430 912 3482 nonne
930 3411 1008 3482 hinc
1023 3412 1147 3482 moechi
1162 3411 1323 3504 plurimi?

275 3519 394 3613 Itaque
407 3519 466 3612 qui
487 3518 597 3590 omnia
613 3517 839 3617 snbvertit,·,is
855 3532 904 3590 est
919 3521 977 3613 qui
992 3517 1035 3589 ad
1048 3520 1229 3590 Theatrum
1244 3543 1323 3612 per-

275 3628 341 3717 git,
359 3625 484 3719 quique
502 3645 634 3716 gravent
650 3621 861 3711 tyrannidem
874 3624 1015 3696 inducit.
1033 3615 1262 3721 Nequaqu'bm,
1273 3627 1324 3696 in·

275 3733 388 3824 quies,
400 3731 463 3810 ,sed
477 3732 514 3802 in
529 3731 619 3804 bono
634 3730 745 3820 legum
760 3728 876 3802 ordine
891 3746 1051 3804 statutum
1067 3746 1129 3803 est.
1142 3735 1227 3806 Nlm
1242 3756 1323 3804 mu·

274 3839 377 3917 lieres,
398 3839 572 3933 abripere,
603 3861 722 3930 pueros
751 3838 959 3912 contumeliis
989 3839 1171 3930 adbibere,
1203 3840 1323 3914 domos

275 3959 433 4035 evertere,
441 3948 513 4019 haec
528 3945 571 4018 ad
585 3944 658 4023 illos
670 3947 888 4041 spectansqui
903 3971 992 4022 arces
1004 3964 1181 4046 occupant.
1191 3952 1236 4024 Et
1245 3935 1338 4046 quis
