2992 4590
272 409 374 460 orror
396 415 443 462 vr.
467 415 508 460 nn
524 413 680 461 naraono
696 413 733 458 m
755 411 962 460 cororonraus
985 406 1152 460 rnararrr.
1180 395 1243 459 153

208 512 312 584 tendit
323 547 332 605 3
345 515 447 618 hanc,
465 517 622 610 inquam,
643 513 805 583 illustrem
821 515 1007 601 civitatem,
1029 527 1063 584 et
1079 527 1241 601 nostram,

206 623 305 711 (n'am
313 645 461 692 meorum
474 621 609 718 quoque
621 619 807 723 studiorum
819 619 886 688 dux
899 635 933 690 et
940 621 1092 713 magistra
1104 623 1244 713 existit)

205 751 272 798 non
288 729 396 798 mimis
416 729 603 799 litterarum
629 741 728 820 atque
752 725 932 811 doctrinae,
965 730 1064 820 quhm
1090 730 1241 817 urbium,

205 837 325 928 quihus
337 837 496 930 praecellit
511 850 544 906 et
552 835 754 918 dominatur,
772 832 997 926 metropolim3
1015 859 1114 928 quarn
1131 837 1158 904 si
1172 837 1245 929 quis

205 941 362 1012 doctrinae
378 943 487 1035 palmi
507 941 715 1035 spoliaverit,
739 961 808 1007 rem
826 941 975 1008 omniurn
991 939 1246 1034 pulcherrimam

204 1049 331 1142 ipsique
358 1041 498 1118 maxime
523 1047 687 1149 propriam
707 1047 872 1137 eripuerit.
899 1048 982 1116 Nim
1006 1069 1083 1115 cum
1102 1046 1175 1115 aliae
1203 1049 1247 1116 oi·

203 1157 320 1227 vitates
340 1154 410 1226 aliis
426 1155 646 1241 ornamentis,
670 1153 722 1224 vel
736 1153 903 1246 antiquie,
922 1151 976 1223 vel
993 1155 1086 1224 novis
1101 1153 1246 1246 glorien-

203 1279 288 1351 tur,
308 1279 429 1358 prout,
456 1265 589 1356 opinor,
616 1261 669 1332 vel
699 1261 863 1347 historiis,
888 1261 942 1331 vel
971 1261 1069 1330 rebus
1106 1263 1247 1356 quibus-

203 1370 283 1439 dam
304 1369 445 1439 visendis
465 1383 587 1439 ornatae
609 1383 708 1456 sunt3
736 1369 823 1437 hano
845 1369 985 1453 contri,
1013 1381 1053 1436 ut
1080 1391 1169 1438 arma
1192 1369 1246 1438 vel

204 1475 379 1566 tragoedias
400 1491 488 1546 notae
506 1475 660 1570 quaedam
681 1490 781 1570 atque
805 1475 963 1565 insignia,
988 1475 1034 1544 sic
1061 1475 1245 1550 litterarum

205 1583 304 1674 gloria
324 1583 493 1669 nobilitat,
512 1583 739 1676 illustremque
760 1580 882 1652 reddit.
903 1583 987 1652 Sane
1003 1605 1079 1674 quae
1105 1607 1246 1677 sequun-

202 1703 273 1776 tur,
301 1689 324 1757 ii
349 1705 534 1782 exponant,
557 1691 666 1783 quiet
696 1713 773 1758 eum
800 1688 889 1782 apud
917 1713 951 1758 se
976 1689 1189 1776 erudierunt,
1212 1703 1247 1762 et

200 1793 347 1864 fructum
364 1820 403 1864 ex
414 1797 514 1888 ipsius
528 1795 712 1866 eruditione
728 1795 909 1888 ceperunt3
926 1809 1069 1889 quantus
1089 1795 1246 1866 videlicet

201 1902 375 1993 magistris,
390 1917 534 1996 quantus
545 1903 728 1996 aequalibus
741 1916 835 1988 esset,
845 1901 919 1972 illos
928 1902 1084 1970 nimirum
1096 1925 1243 1995 aequans,

199 2009 260 2078 hos
276 2011 383 2078 omnis
399 2009 557 2080 doctrinae
574 2033 693 2102 genere
707 2033 882 2102 superans3
899 2023 1059 2103 ¹quantam
1077 2009 1166 2102 apud
1179 2033 1247 2080 om·

200 2138 258 2184 nes
266 2114 339 2185 tium
349 2115 586 2208 plebeioS‚tlrm
595 2117 733 2188 civitatis
741 2117 912 2208 primarios
921 2115 1056 2207 gloriam
1066 2117 1157 2186 brevi
1166 2130 1247 2187 tern-

201 2245 280 2314 pore
293 2223 460 2291 assecutus
469 2221 580 2306 suerit,
593 2225 748 2315 majorem
759 2222 906 2316 quidem,
917 2225 1017 2316 quarn
1030 2222 1084 2292 illa
1101 2237 1178 2292 aetas
1197 2223 1247 2292 se-

201 2331 306 2415 rebat,
333 2329 569 2414 eruditionem‚
598 2333 755 2423 majorem
779 2330 890 2399 rursirs
912 2332 1097 2401 eruditione
1116 2353 1246 2400 morum

201 2437 418 2506 constantiam
428 2451 461 2504 et
470 2436 659 2527 gravitatem
671 2436 1243 2524 ostendens:rlretorinterrhetores,

202 2544 296 2613 etiarn
315 2543 391 2612 anth
402 2545 627 2636 sophistiscam
641 2545 816 2614 exhedram
831 2545 1065 2639 spbilosopbus
1076 2547 1162 2614 inter
1171 2545 1247 2640 phi-

116 2651 119 2658 ’
201 2649 368 2742 losophos,
388 2651 486 2720 etiarn
504 2653 579 2719 ante
592 2651 807 2743 philosophiae
818 2651 947 2721 decreta
968 2667 1035 2736 zet,
1047 2653 1247 2746 quodmaxi-

201 2782 293 2827 mum
303 2773 363 2844 est,
381 2759 531 2841 sacerdos
544 2758 747 2842 Christianis,
762 2759 861 2826 etiam
874 2759 950 2826 ante
962 2759 1081 2827 initum
1094 2760 1247 2831 sacerdo-

200 2869 296 2934 tium.
318 2867 460 2935 Tantum
473 2865 534 2958 ipsi
549 2887 663 2934 omnes
675 2864 709 2933 in
724 2865 878 2933 omnibus
891 2865 989 2932 rebus
1005 2866 1244 2937 concedebant.

202 2975 374 3066 lpsiporrb
386 2973 583 3066 eloquentiae
593 2971 956 3056 studium,aocessionis
966 2970 1137 3057 duntaxat,
1149 2997 1249 3046 acve·

110 3103 113 3110 ·
171 3065 251 3154 'lut
260 3081 601 3175 corollariieujusdam
612 3082 772 3150 rationem
782 3080 1007 3166 habebat,hoc
1017 3081 1147 3150 tantirm
1157 3080 1246 3151 seili-

201 3188 253 3256 cet
268 3195 309 3256 ex'
319 3189 388 3280 ipsd
404 3187 531 3257 sruetris
548 3186 757 3279 decerpenti,
771 3187 932 3279 quantiam
950 3185 1083 3273 auxilii,
1098 3203 1136 3258 ut
1151 3190 1189 3258 ed
1205 3187 1247 3258 ad

200 3311 345 3366 nostram
367 3297 608 3388 philosophiam
634 3309 806 3382 uteretur3
834 3294 1104 3388 quanddquidem
1126 3297 1169 3368 ad
1192 3322 1248 3366 ex-

199 3403 352 3497 plicanda
366 3403 465 3472 animi
481 3427 572 3471 sensa
583 3403 683 3494 ipsius
693 3403 739 3471 vis
753 3426 789 3470 ac
803 3399 940 3470 facultas
949 3403 1138 3496 requiritur.
1154 3410 1247 3474 Mens

200 3512 300 3596 enirn,
316 3535 392 3603 quae
404 3509 452 3612 id,
467 3510 558 3604 q'uod
574 3510 694 3595 sentit,
708 3509 817 3577 verbis
833 3509 1014 3601 exprimere
1031 3511 1165 3603 nequit,
1183 3512 1248 3580 ho·
1340 3506 1341 3510 ¹

200 3618 329 3684 minum
345 3630 477 3709 torpore
493 3615 715 3684 laborantium
734 3615 875 3684 incessui
890 3615 1148 3708 haudquaquhm
1178 3615 1247 3686 dis-

200 3721 311 3792 similis
328 3738 387 3792 est.
410 3727 451 3792 ht
475 3726 552 3792 verb
575 3723 698 3792 serium
721 3737 755 3792 et
774 3725 980 3815 praecipuum
995 3721 1083 3792 illius
1099 3723 1246 3796 studium

200 3830 234 3898 in
247 3853 287 3900 eo
299 3831 507 3914 versabatur,
524 3845 562 3899 ut
573 3853 657 3899 verae
671 3829 888 3922 philosophiae
904 3851 1037 3922 operam
1047 3829 1152 3918 daret,
1165 3855 1249 3901 sese·

202 3959 266 4028 que
281 3933 428 4006 amundi
440 3937 634 4024 contagione
650 3936 872 4029 abrumperet,
890 3941 1024 4030 Deoque
1040 3939 1244 4030 adjungeret,
