2984 4580
291 371 357 434 384
447 383 625 432 narnorrct
648 389 675 432 s.
701 383 850 446 sarnum,
877 383 953 432 rans
976 388 1022 446 rr,
1038 387 1125 434 saror.
1149 389 1175 430 r.

255 482 257 486 ’
287 485 511 571 turbationes,
528 485 638 555 omnia
653 481 789 554 demum
799 481 879 553 inde
891 483 984 576 pulsa
998 497 1095 568 sunt,
1113 482 1186 554 thm
1201 486 1336 577 trogo--

286 593 349 679 rio,
368 593 472 662 rtmt
491 612 641 682 corpore,
657 609 798 681 magnus
813 589 861 658 ihi
872 604 987 682 portus
1002 619 1011 662 ι
1029 590 1121 684 apud
1134 591 1209 662 illos
1220 605 1332 662 autem

285 698 428 794 plurima
449 711 632 792 tempestas.
656 694 818 766 Rescinde
841 696 942 788 igitur
960 698 1159 789 cogitatione
1182 713 1332 768 ventrem

77 771 80 778 ι
165 879 170 886 ,
251 828 418 893 eorum,
431 804 491 899 qui
503 803 625 876 talibus
640 802 721 874 cibis
734 802 1137 896 ingurgitantur,ridebis
1145 797 1332 896 congeriem

285 933 457 1006 magnam,
474 912 622 1005 impuros
651 909 800 998 canales,
826 907 1039 1002 Sepulcrum
1064 906 1329 982 dealbatum:

285 1045 361 1114 quae
376 1031 562 1114 sequuntur
575 1019 655 1088 rerd
676 1017 782 1111 pudet
797 1015 925 1103 dicere,
943 1031 1057 1088 ructus
1079 1017 1251 1104 insuaves,
1269 1043 1333 1090 vo·

284 1127 406 1214 mitur,
423 1126 606 1220 egestiones
621 1123 751 1195 sursum
759 1123 925 1194 deorsum.
939 1127 984 1194 At
995 1124 1031 1192 in
1042 1117 1219 1194 solitudine
1233 1125 1330 1198 hasce

284 1233 564 1326 concupiscentias
590 1245 737 1302 mortuas
772 1228 873 1316 vide,
904 1251 1036 1300 necnon
1068 1230 1330 1302 vehementiores

283 1339 362 1412 inde
378 1353 467 1411 ortos
481 1361 625 1424 amores,
637 1359 793 1408 venereos
804 1335 878 1406 dico
892 1336 976 1406 rhos
988 1335 1113 1429 quippe
1125 1359 1240 1408 omnes
1249 1362 1329 1432 pro-

279 1444 532 1542 jectosvidehis,
549 1467 627 1514 curn
636 1442 742 1536 equis,
753 1465 829 1511 cum
836 1441 1034 1534 jumentini
1037 1457 1210 1514 umentum
1226 1445 1327 1534 enim,

283 1554 407 1634 telum,
425 1573 530 1646 equus
542 1549 585 1620 ad
600 1549 891 1646 obscoenum-opus
906 1547 1152 1637 exprimendum
1168 1550 1329 1622 adhiben-

283 1676 349 1732 tur.
373 1658 438 1732 Sed
461 1657 587 1729 videbis
608 1653 708 1726 simul
726 1666 849 1748 equum
875 1668 909 1724 et
928 1677 1131 1726 ascensorem
1155 1657 1277 1746 talem,
1295 1674 1329 1730 et

281 1768 347 1840 tela
357 1766 499 1862 jacentia
514 1794 522 1836 ε
536 1763 604 1834 illic
618 1764 698 1833 vero
712 1761 874 1833 contraria
890 1761 1021 1848 omnia,
1039 1763 1164 1834 animas
1182 1780 1328 1838 mortuas

281 1877 436 1970 dejectas.
462 1876 578 1965 Neque
607 1871 643 1940 in
672 1871 785 1938 mensa
800 1868 932 1938 tanthm
952 1869 1087 1941 victoria
1110 1873 1236 1961 Sanctis
1260 1873 1326 1944 illis

281 1985 469 2076 conspicua,
485 1981 544 2050 sed
558 1977 642 2050 etin
657 1977 739 2062 aliis,
754 1977 789 2046 in
804 1977 961 2070 pecuniis,
979 1976 1141 2070 ingloria,
1159 1981 1195 2048 in
1209 1976 1323 2070 livore,

280 2094 316 2162 in
331 2086 580 2182 aegritudinibus
606 2084 771 2154 omnihus.
790 2087 911 2155 Annon
937 2085 1016 2177 ergo
1036 2084 1168 2156 videtur
1193 2088 1255 2158 tibi
1270 2091 1325 2162 hic

246 2229 250 2239 ·
279 2197 442 2269 exercitus
456 2191 571 2272 fortior
587 2188 665 2276 illo,
677 2203 711 2259 et
725 2190 798 2258 haec
813 2212 926 2259 mensa
940 2189 1080 2261 melior?
1096 2193 1176 2276 Quis
1190 2209 1325 2267 contra·

279 2304 389 2377 dicat‘t
404 2303 530 2386 Nemo,
544 2297 722 2394 nequidem
735 2320 776 2366 ex
787 2295 865 2383 illis,
879 2298 1003 2368 etiamsi
1020 2299 1199 2370 admodum
1211 2301 1325 2375 furens

278 2414 331 2484 sit.
351 2417 430 2482 Haec
445 2407 569 2505 quippe
592 2407 628 2476 in
643 2404 767 2475 coelum
786 2403 905 2491 mittit,
921 2403 978 2474 illa
995 2405 1039 2476 ad
1054 2407 1322 2497 gehennam'tra.

277 2519 328 2588 hit
345 2519 452 2588 :hanc
468 2515 619 2600 diabolus
634 2525 747 2605 parat,
769 2509 861 2580 illam
877 2512 1026 2584 Christus
1041 2541 1049 2584 ι
1066 2515 1153 2586 hanc
1169 2517 1322 2612 voluptas

277 2639 311 2694 et
325 2623 422 2694 luxus
435 2619 601 2714 disponit,
619 2617 710 2689 illam
730 2617 937 2712 philosophia
951 2633 985 2689 et
1003 2626 1232 2716 temperantia.
1258 2629 1321 2699 Hic

276 2732 424 2805 Christus
440 2728 551 2814 adest,
569 2725 636 2797 illic
648 2724 800 2796 diabolus
818 2726 900 2796 :ubi
914 2726 1003 2796 enim
1018 2729 1169 2818 ebrietas,
1186 2734 1235 2803 ibi
1246 2734 1319 2805 dia-

275 2839 373 2911 bolus
384 2851 433 2908 est
451 2865 459 2907 ι
477 2836 537 2906 uhi
559 2834 716 2905 ohscoena
729 2833 851 2920 verba,
867 2833 926 2902 uhi
941 2836 1092 2908 saturitas
1105 2889 1115 2924 ,
1128 2839 1177 2908 ibi
1192 2839 1318 2914 daemo-

275 2947 475 3017 neschoreas
487 2954 602 3034 agunt.
619 2939 731 3008 Talem
742 2939 1014 3012 hahuitmensam
1022 2945 1119 3016 Dives
1133 2945 1191 3016 itte
1203 2977 1213 3039 ;
1224 2947 1316 3022 ided-

117 3061 121 3069 '
242 3079 245 3086 ·
274 3076 340 3148 que
350 3075 411 3122 nec
426 3049 547 3120 stillam
562 3071 656 3141 aquae
672 3045 828 3115 habebat.

321 3185 338 3226 o
356 3163 400 3228 tt
415 3153 570 3228 Monachi
581 3175 650 3223 non
661 3150 759 3221 talem
776 3151 917 3240 habent,
935 3154 993 3226 sed
1005 3157 1199 3249 angelorurn
1214 3161 1315 3232 vitam

220 3292 223 3300 ’
273 3264 496 3352 meditantur3
512 3283 574 3330 nec
582 3273 698 3329 uxores
707 3257 847 3344 ducunt,
859 3283 967 3355 neque
979 3262 1038 3338 dih
1045 3263 1236 3354 dormiunt,
1254 3291 1315 3339 nec

272 3371 396 3445 deliciis
418 3367 570 3458 student,
590 3365 649 3436 sed
671 3368 891 3460 praeterquhm
910 3367 945 3438 in
961 3371 1072 3462 paucis
1091 3373 1311 3466 quibusdam,

271 3477 457 3573 incorporei
471 3475 638 3547 ridentur.
656 3473 737 3555 Quis
750 3473 853 3566 igitur
867 3489 916 3545 est
928 3477 987 3569 qui
1001 3490 1069 3560 tam
1089 3479 1187 3550 facite
1202 3482 1314 3554 hostes

270 3585 411 3658 sundere
425 3582 546 3678 possit,
562 3593 602 3650 ut
616 3578 792 3672 prandium
806 3580 984 3669 sumendo,
1010 3597 1174 3679 tropaeum
1189 3589 1313 3680 erigat?

271 3693 418 3786 Ideoque
436 3691 482 3762 ait
494 3687 658 3778 Propheta
668 3684 845 3756 rParcistt'
857 3689 895 3757 in
907 3706 1102 3782 conspectu
1117 3717 1199 3764 meo
1211 3719 1312 3766 men-

183 3882 191 3895 ,
270 3821 353 3870 sam
359 3795 532 3868 adversus
548 3815 609 3863 eos
619 3789 864 3882 quitribulant
875 3800 969 3896 me?-
980 3800 1055 3872 Non
1069 3802 1158 3872 enim
1168 3804 1308 3892 errabit,

307 3927 411 3980 rnrrth.
426 3942 493 3992 amr,
504 3937 545 3991 27.
555 3947 587 3962 ·-
606 3923 691 3976 ²Psal.
704 3941 763 3989 xm,
777 3924 801 3976 5.
864 3906 868 3914 ¹
