2984 4580
237 368 301 432 346
390 383 570 432 ansanum
593 383 619 430 s.
645 385 796 447 aaaron,
820 385 897 434 rana
919 389 969 448 ιι,
993 383 1079 432 secr.
1104 389 1128 430 r.

235 486 279 556 ad
288 485 480 556 altissimum
496 485 619 555 eoelum
633 509 693 556 nos
705 484 829 554 ducens
844 517 851 556 :
864 485 1038 560 cherubim
1050 509 1087 556 ac
1099 486 1275 578 seraphim,

236 595 305 662 sine
320 591 389 661 utts
404 593 648 684 comparatione
662 593 827 684 superior,
845 617 883 662 ac
899 592 997 681 longe
1014 591 1202 682 gloriosior,
1217 615 1278 660 am

236 699 385 791 gelorum
400 699 572 792 splendor,
589 701 763 770 hominum
779 699 901 786 tutela,
918 699 1018 770 clavis
1033 700 1068 768 in
1080 699 1205 770 coelum
1219 717 1279 770 nos

236 805 472 890 introducens,
497 820 602 874 mater
628 820 661 876 et
687 807 806 876 ancilla
835 830 902 876 non
930 804 1109 878 occidentis
1139 805 1243 876 stellae
1269 833 1277 878 t

237 913 393 1006 splendor
409 913 478 982 veri
499 914 693 1007 mysticique
708 913 790 1000 diei,
809 912 1080 1006 ininvestigabilis
1103 913 1164 983 uei
1184 904 1281 983 brini-

237 1024 313 1093 tatis
338 1023 493 1112 abyssus,
519 1046 635 1092 currus
656 1020 788 1092 divinus
816 1009 970 1092 etmulti
1004 1022 1171 1108 nominis,
1195 1036 1281 1092 verae

237 1129 316 1198 fidei
332 1129 549 1199 firmissimum
565 1128 819 1199 fundamentum
839 1159 847 1200 ι
864 1133 947 1224 ejus,
963 1129 1022 1223 qui
1044 1130 1117 1221 capi
1137 1153 1207 1198 non
1221 1153 1283 1221 po-

238 1250 318 1321 test,
336 1236 428 1304 locus
448 1235 665 1327 amplissimus
684 1237 780 1306 :ritis
795 1259 884 1322 vera,
907 1237 983 1332 vitae
1012 1235 1156 1304 fructum
1172 1233 1252 1326 pros
1267 1275 1283 1288 ·

238 1365 329 1428 rens,
343 1341 429 1412 oliva
444 1340 612 1412 fructifera
625 1341 772 1412 fidelium
788 1345 911 1412 animas
927 1341 1130 1427 exhilarans,
1147 1343 1283 1412 univer-

239 1448 313 1518 salis
331 1449 492 1540 protectio
514 1449 648 1534 mundi,
671 1464 765 1541 porta
793 1450 939 1540 mysterii
956 1451 1054 1540 suprt
1078 1447 1284 1517 intellectum

239 1555 450 1646 venerahilis,
472 1556 749 1648 complementum
775 1558 952 1648 gratiarum
971 1556 1159 1640 Trinitatis,
1181 1555 1284 1626 veluti

239 1661 398 1732 secundas
410 1677 518 1756 partes
534 1673 648 1732 tenens
664 1676 736 1754 post
758 1663 968 1732 Divinitatem
986 1690 994 1731 :
1010 1659 1121 1750 fulgur
1135 1660 1284 1730 fidelium

241 1771 365 1840 animas
388 1768 595 1855 illuminans,
622 1785 831 1860 peccatorum
854 1767 1096 1848 reconciliatio,
1125 1768 1283 1836 stantium

212 1870 408 1962 '‘securitas,
430 1877 599 1971 lapsorum
614 1878 799 1962 revocatio,
822 1878 973 1948 excitatio
994 1874 1201 1960 socordiam,
1223 1876 1283 1944 be-

178 2017 184 2024 *
239 1985 464 2056 noralentium
486 1986 606 2070 robur,
629 1985 838 2054 ecclesiarum
857 1986 1052 2070 concordia,
1081 1984 1283 2054 exercituum

158 2087 160 2090 ’
240 2091 396 2174 felicitas,
417 2093 582 2162 bonorum
605 2093 754 2161 omnium
777 2093 1014 2186 suppeditatio,
1039 2091 1175 2160 urbium
1196 2091 1284 2161 bona

241 2197 421 2283 institutio,
451 2199 551 2268 totius
580 2199 697 2268 mundi
717 2224 796 2292 pax,
825 2199 1280 2285 tolerantiamonaohorum,

241 2305 401 2376 fortitudo
418 2307 615 2374 athletarum
635 2336 642 2376 :
662 2309 834 2378 thesaurus
849 2308 926 2379 ritae
940 2309 1162 2400 incorruptae,
1179 2306 1284 2375 nubes

241 2411 384 2482 lundens
401 2413 568 2482 coelestem
579 2437 687 2483 rorem
699 2415 733 2482 in
748 2429 869 2483 terram
888 2415 1008 2500 :scala,
1024 2437 1196 2508 perquam
1211 2437 1282 2482 coe-

240 2518 336 2590 lestes
352 2517 458 2607 angeli
482 2520 525 2586 ad
544 2542 603 2589 nos
619 2521 825 2588 descendunt
844 2525 984 2612 :portus
1006 2533 1200 2613 tempestate
1211 2523 1282 2612 jac-

240 2623 333 2705 tatis,
351 2624 548 2692 afflictorum
563 2625 734 2716 gaudium,
752 2626 1010 2722 affectisinjnrirt
1021 2641 1176 2720 patrona,
1190 2625 1281 2694 dere·

240 2729 395 2800 lictorum
411 2729 580 2814 auxilium,
598 2733 803 2803 intirmorum
818 2735 1034 2819 confirmatio,
1052 2755 1280 2826 oppressorum

241 2840 417 2924 recreatio,
432 2863 601 2910 coecorum
614 2841 734 2933 scipio,
749 2842 970 2912 aberrantium
985 2840 1133 2912 salutaris
1148 2841 1227 2926 dux,
1246 2841 1280 2915 in

240 2948 460 3016 necessatibus
481 2947 653 3015 auxiliator
673 2969 817 3016 securus.
844 2953 927 3017 hrca
951 2963 1077 3032 sancta,
1101 2967 1280 3040 perquam

241 3053 283 3122 ab
297 3053 478 3144 iniquitatis
492 3051 617 3120 diluvio
633 3051 746 3120 salvati
762 3076 874 3122 sumus
889 3083 897 3122 ι
915 3054 1018 3123 rubus
1030 3053 1276 3139 incombustus,

239 3181 340 3250 quem
373 3157 455 3226 vidit
479 3162 609 3248 Moyses
637 3159 819 3228 Divinitatis
844 3175 1007 3252 spectator
1033 3185 1041 3226 ι
1070 3159 1279 3230 thuribulum

240 3285 392 3349 aureum,
416 3265 452 3333 in
476 3289 546 3358 quo
571 3266 715 3334 Verbum
744 3290 875 3335 carnem
891 3269 1089 3353 incendens,
1116 3266 1279 3336 mundum

239 3371 340 3442 odore
364 3371 519 3464 replevit,
542 3388 641 3468 atque
661 3373 894 3442 inobedientiae
919 3373 1090 3444 combusta
1114 3387 1192 3444 sunt
1216 3374 1279 3444 cri·

238 3479 353 3550 mina:
379 3479 492 3548 tahula
508 3482 526 3548 h
543 3485 610 3548 Deo
631 3493 777 3565 exarata,
796 3495 919 3573 septem
942 3482 1106 3550 luminum
1122 3481 1278 3551 candela-

238 3589 353 3671 hrum,
368 3588 460 3680 cujus
480 3585 635 3678 splendor
649 3587 768 3655 solares
790 3589 897 3657 radios
913 3589 1078 3680 superavit
1097 3618 1104 3659 ε
1122 3589 1277 3657 taberna-

238 3693 526 3779 culumsanctum,
538 3692 630 3786 quod
641 3693 792 3786 spiritalis
800 3695 942 3764 Beseleel
953 3695 1140 3779 aedificarit,
1150 3695 1276 3786 regium

238 3799 446 3884 vehiculum,
464 3823 519 3870 vas
535 3801 656 3869 manni
671 3799 854 3893 repletum,
871 3802 986 3869 hortus
998 3799 1189 3887 conclusus,
1203 3800 1278 3870 fons

123 3921 133 3944 ⁴
238 3907 400 3998 signatus,
422 3907 515 3999 eujus
538 3906 599 3977 rivi
621 3907 783 3999 purissimi
804 3907 939 3998 irrigant
958 3923 1066 3980 totum
1088 3908 1275 3992 mundum,
