2996 4598
1124 335 1130 371 l

240 418 242 423 ⁵
297 435 339 496 72
452 445 634 494 nnuuomct
656 443 684 492 s.
709 444 858 507 strauit,
882 443 958 492 rans
980 450 1023 508 11,
1047 449 1133 492 sacr.
1158 449 1182 490 1.

293 554 392 642 turpe
412 547 513 619 fuerit
532 571 626 632 eum,
644 547 702 640 qui
716 546 827 616 cibum
843 549 938 618 anteh
954 547 1094 639 accepit,
1113 545 1222 616 adesse
1237 547 1333 639 spiri-

182 729 184 742 ,
292 654 376 726 tuali
390 654 559 740 doctrinae,
576 651 633 722 sed
644 652 763 742 ignavo
780 653 889 722 animo
905 652 1027 739 adesse,
1040 667 1074 722 et
1089 655 1131 722 ab
1149 653 1334 722 affectioni-

292 764 357 833 bus
382 761 492 832 vexari
503 773 536 828 et
559 759 665 828 carnis
690 757 836 838 lascivias
850 782 918 829 non
933 760 1148 852 comprimere
1161 763 1193 828 ¹.
1215 765 1335 829 a-Et

291 867 392 962 paulo
410 880 485 960 post
503 895 510 938 :
531 894 548 932 e
566 869 695 934 Fratres
714 863 849 958 quoque
861 879 1002 952 vestros,
1020 879 1187 960 quotquot
1202 866 1246 935 ob
1259 889 1335 934 cor-

290 976 379 1069 poris
392 971 617 1044 valetudinem
624 972 775 1064 jejunare
787 987 977 1066 nequeunt,
992 973 1209 1043 exhortemini
1218 997 1260 1041 ne
1275 973 1336 1065 spi·

291 1077 443 1153 ritualem
458 1083 545 1148 hanc
556 1101 703 1148 mensam
715 1078 921 1172 relinquant3
939 1094 972 1150 et
987 1079 1029 1150 ad
1040 1080 1112 1151 illos
1129 1077 1248 1150 referte
1261 1103 1337 1172 quae

290 1189 424 1258 anobis
447 1187 641 1270 didiceritis,
663 1185 845 1266 indicantes
865 1209 942 1256 eurn
962 1189 1020 1281 qui
1036 1186 1204 1258 moderate
1225 1209 1337 1256 eome-

291 1296 392 1365 ditet
413 1294 499 1362 bibit
517 1315 587 1362 non
608 1292 783 1383 indignum
805 1293 869 1364 hoc
890 1293 1053 1364 auditorio
1072 1317 1157 1379 esse,
1180 1291 1238 1362 sed
1259 1301 1338 1362 eum

292 1403 350 1496 qui
361 1402 453 1470 deses
467 1414 500 1470 et
509 1399 685 1468 dissolutus
705 1399 780 1466 sit2.
801 1426 816 1463 a
838 1440 880 1452 -
892 1403 935 1469 Et
944 1399 1064 1469 deinde
1080 1428 1087 1470 :
1101 1429 1117 1465 «ι
1131 1405 1210 1469 Haeo
1225 1401 1338 1469 omnia

291 1509 448 1580 fratribus
464 1507 577 1578 vestris
592 1505 703 1592 dicite,
725 1520 759 1574 ct
778 1505 917 1576 suadete
928 1506 992 1576 illis
1011 1531 1052 1576 ne
1071 1509 1220 1600 unquam
1241 1507 1338 1599 spiri·

292 1616 376 1686 tuali
388 1617 452 1686 hoo
467 1613 625 1683 alimento
636 1634 670 1681 se
682 1612 832 1704 privent,
850 1613 910 1683 sed·
917 1615 978 1682 etsi
989 1614 1098 1706 pransi
1109 1615 1190 1698 sint,
1202 1615 1338 1684 veniant

292 1722 384 1792 omni
407 1743 484 1792 cum
506 1719 690 1804 alacritate,
707 1731 746 1786 ut
761 1720 894 1810 accepti
914 1719 968 1788 hic
992 1717 1155 1813 spirituali
1168 1721 1335 1806 doctrina,

293 1823 596 1898 diabolicisiusidiis
605 1822 735 1894 sortiter
746 1825 892 1894 resistere
900 1825 1079 1916 possint³.»
1087 1825 1260 1908 -Quibus
1268 1849 1339 1916 ver·

291 1935 344 2004 bis
356 1933 433 2004 etim
447 1945 617 2025 permotus
633 1932 747 2024 majori
763 1954 902 2001 numero
917 1932 1101 2001 conflueret
1112 1931 1272 2028 populus,
1292 1935 1338 2004 sic

291 2041 388 2110 laetus
401 2038 465 2108 illis
482 2035 775 2128 congratulabatur
794 2065 802 2106 :
816 2065 831 2102 α
845 2035 988 2120 Quando
997 2061 1109 2132 quaeso
1122 2063 1195 2124 vos,
1207 2039 1336 2126 dilecti,

292 2147 410 2218 mcliirs
425 2145 564 2216 fecistis?
575 2153 618 2214 an
633 2143 797 2238 praeteriti
811 2145 937 2235 synaxi,
952 2145 1088 2240 quandd
1103 2161 1178 2240 post
1192 2171 1337 2218 mensam

292 2253 335 2324 ad
358 2273 511 2322 somnum
526 2251 824 2322 convertebaminiP
839 2275 882 2322 an
900 2239 991 2322 nunc
1007 2253 1084 2324 ciam
1102 2264 1176 2346 post
1190 2277 1339 2323 mensam

293 2361 337 2432 ad
361 2359 489 2431 divinas
509 2357 597 2452 leges
619 2355 797 2428 audiendas
813 2360 1033 2429 convenistis?
1051 2359 1187 2453 quandh
1208 2361 1244 2430 in
1264 2359 1338 2432 loro

293 2467 598 2552 commorabamini,
608 2479 642 2534 et
655 2488 866 2534 consessuum
878 2465 960 2536 nihil
973 2466 1052 2536 boni
1062 2467 1258 2538 habentium
1266 2491 1338 2561 par·

292 2575 407 2666 tioipes
419 2572 534 2642 eratis?
554 2595 597 2640 an
612 2591 702 2640 nuno
720 2570 856 2664 quandd
876 2569 1125 2642 cumfratribus
1142 2574 1254 2643 vestris
1271 2589 1338 2644 ste-

292 2681 389 2766 tistis,
400 2693 434 2749 et
441 2677 649 2772 propheticos
661 2673 825 2749 sermones
838 2675 1001 2748 audistist.
1012 2670 1279 2764 »-'Quodide1n
1290 2706 1338 2754 as·

293 2811 402 2859 serens
424 2785 488 2857 alio
503 2786 538 2855 in
552 2785 626 2856 loeo
645 2815 653 2856 ε
675 2814 692 2852 o
708 2789 737 2856 Α
752 2787 883 2872 mensal,
904 2786 1029 2880 inquit,
1047 2810 1115 2860 non
1135 2786 1335 2876 adlectum,

293 2894 350 2966 sed
380 2893 423 2966 ad
447 2893 669 2987 precationem
696 2905 881 2979 vertamur,
908 2916 951 2962 ne
978 2893 1085 2963 brutis
1119 2895 1340 2964 animantibus

292 3005 393 3073 simus
407 3001 509 3091 magis
521 2999 623 3070 bruti.
638 2999 722 3069 Novi
733 2996 805 3068 lore
820 2998 958 3086 multos,
972 3000 1032 3094 qui
1042 2998 1202 3070 damnent
1212 3024 1251 3071 ea
1263 3025 1340 3095 quae

294 3133 385 3179 nunc
408 3107 577 3191 dicuntur,
598 3106 702 3176 veluti
728 3129 804 3199 quae
822 3129 942 3176 novam
966 3105 1144 3200 quamdam
1165 3121 1200 3176 et
1222 3109 1339 3178 miram

293 3217 369 3287 vitae
379 3212 652 3286 consuetudinem
667 3213 844 3302 invehant,
858 3227 892 3284 at
905 3237 967 3306 ego
975 3214 1254 3306 magisdamnabo
1264 3240 1340 3309 pra-

295 3346 370 3393 vam
380 3318 738 3412 consuetudinemquee
755 3343 845 3390 nunc
855 3320 1152 3392 obtinuit.Etenim
1163 3321 1255 3417 quod
1267 3338 1340 3417 post

201 3443 205 3462 ‘
295 3431 407 3500 cibum
423 3451 461 3498 ao
485 3449 632 3496 mensam
649 3449 717 3496 non
733 3427 776 3496 ad
796 3448 949 3497 somnum
965 3442 1115 3521 oporteat
1133 3431 1197 3514 ire,
1219 3426 1281 3499 nec
1297 3431 1339 3500 ad

295 3535 421 3620 cubile,
441 3533 499 3603 sed
514 3546 663 3626 oporteat
676 3533 752 3604 cibo
768 3556 880 3626 preces
895 3557 932 3604 ao
951 3534 1136 3604 divinarum
1152 3537 1338 3629 Scriptura-

272 3667 370 3735 ⁵rum
400 3641 575 3710 lectionem
607 3641 801 3725 succedere,
828 3637 1030 3710 manifestius
1064 3641 1241 3711 declaravit
1270 3644 1337 3736 ipse

295 3747 463 3832 Christus,
486 3747 545 3839 qui
569 3746 651 3816 crim·
668 3747 860 3816 immensam
889 3745 1137 3817 multitudinem
1161 3749 1337 3841 excepisset

333 3905 339 3931 ¹
353 3898 378 3946 S.
393 3895 474 3961 Chrys.
487 3893 575 3947 Homil.
588 3911 612 3960 x,
625 3894 650 3944 in
660 3897 746 3946 Genea.
762 3911 848 3965 n.1,-
863 3904 874 3932 ¹
887 3895 924 3947 td.
937 3893 998 3948 ibid.
1009 3913 1033 3948 rr.
1046 3909 1106 3948 2.-
1121 3893 1182 3948 ²1d.
1197 3895 1257 3949 ibid.
1273 3913 1298 3950 u.
1309 3897 1331 3948 ³.

299 4005 329 4016 -
345 3977 407 4036 ttd.
424 3979 511 4033 homil.
526 3995 539 4032 x
552 3979 582 4031 ad
597 3978 678 4046 popul.
693 3977 805 4031 Antioch.
817 3995 842 4032 u.
858 3994 880 4032 1.
