<?xml version="1.0" encoding="UTF-8"?>
<!DOCTYPE html PUBLIC "-//W3C//DTD XHTML 1.0 Transitional//EN"
    "http://www.w3.org/TR/xhtml1/DTD/xhtml1-transitional.dtd">
<html xmlns="http://www.w3.org/1999/xhtml" xml:lang="en" lang="en">
 <head>
  <title>
</title>
<meta http-equiv="Content-Type" content="text/html;charset=utf-8" />
  <meta name='ocr-system' content='tesseract 3.04.00' />
  <meta name='ocr-capabilities' content='ocr_page ocr_carea ocr_par ocr_line ocrx_word'/>
</head>
<body>
  <div class='ocr_page' id='page_1' title='image "./rhetoricasancto00cailgoog_0444.png"; bbox 0 0 2982 4584; ppageno 0'>
   <div class='ocr_carea' id='block_1_1' title="bbox 115 373 1198 442">
    <p class='ocr_par' dir='ltr' id='par_1_1' title="bbox 115 373 1198 442">
     <span class='ocr_line' id='line_1_1' title="bbox 115 373 1198 442; baseline -0.002 -2"><span class='ocrx_word' id='word_1_1' title='bbox 115 409 117 414; x_wconf 90' lang='lat'>·</span> <span class='ocrx_word' id='word_1_2' title='bbox 227 391 328 440; x_wconf 69' lang='lat' dir='ltr'><strong>eleut*</strong></span> <span class='ocrx_word' id='word_1_3' title='bbox 351 396 396 440; x_wconf 88' lang='lat' dir='ltr'><strong>vt.</strong></span> <span class='ocrx_word' id='word_1_4' title='bbox 414 395 456 438; x_wconf 77' lang='lat' dir='ltr'><strong>DE</strong></span> <span class='ocrx_word' id='word_1_5' title='bbox 479 392 632 442; x_wconf 70' lang='lat' dir='ltr'><strong>ultflono</strong></span> <span class='ocrx_word' id='word_1_6' title='bbox 654 391 690 436; x_wconf 75' lang='lat' dir='ltr'><strong>IN</strong></span> <span class='ocrx_word' id='word_1_7' title='bbox 711 393 918 440; x_wconf 66' lang='lat' dir='ltr'><strong>conmordent</strong></span> <span class='ocrx_word' id='word_1_8' title='bbox 940 388 1107 440; x_wconf 72' lang='lat' dir='ltr'><strong>Anulum.</strong></span> <span class='ocrx_word' id='word_1_9' title='bbox 1133 373 1198 440; x_wconf 66' lang='lat'><strong>“7</strong></span> 
     </span>
    </p>
   </div>
   <div class='ocr_carea' id='block_1_2' title="bbox 198 489 1308 588">
    <p class='ocr_par' dir='ltr' id='par_1_2' title="bbox 198 489 1308 588">
     <span class='ocr_line' id='line_1_2' title="bbox 198 489 1308 588; baseline 0.003 -26"><span class='ocrx_word' id='word_1_10' title='bbox 198 493 251 562; x_wconf 83' lang='lat' dir='ltr'><strong>Ad</strong></span> <span class='ocrx_word' id='word_1_11' title='bbox 262 491 354 586; x_wconf 91' lang='lat' dir='ltr'><strong>quod</strong></span> <span class='ocrx_word' id='word_1_12' title='bbox 370 493 494 562; x_wconf 87' lang='lat' dir='ltr'><strong>accedit</strong></span> <span class='ocrx_word' id='word_1_13' title='bbox 513 494 610 560; x_wconf 89' lang='lat' dir='ltr'><strong>etiam</strong></span> <span class='ocrx_word' id='word_1_14' title='bbox 626 489 682 560; x_wconf 89' lang='lat' dir='ltr'><strong>illa</strong></span> <span class='ocrx_word' id='word_1_15' title='bbox 697 491 801 580; x_wconf 86' lang='lat' dir='ltr'><strong>ignoti</strong></span> <span class='ocrx_word' id='word_1_16' title='bbox 814 493 989 578; x_wconf 75' lang='lat' dir='ltr'><strong>Auctoris,</strong></span> <span class='ocrx_word' id='word_1_17' title='bbox 1005 497 1199 588; x_wconf 72' lang='lat' dir='ltr'><strong>quanquam</strong></span> <span class='ocrx_word' id='word_1_18' title='bbox 1303 513 1308 518; x_wconf 83' lang='lat'>&#39;</span> 
     </span>
    </p>
   </div>
   <div class='ocr_carea' id='block_1_3' title="bbox 98 593 1279 3880">
    <p class='ocr_par' dir='ltr' id='par_1_3' title="bbox 121 593 1199 780">
     <span class='ocr_line' id='line_1_3' title="bbox 153 593 1199 691; baseline 0.004 -23"><span class='ocrx_word' id='word_1_19' title='bbox 153 598 322 669; x_wconf 86' lang='lat' dir='ltr'><strong>evidenter</strong></span> <span class='ocrx_word' id='word_1_20' title='bbox 337 597 520 683; x_wconf 89' lang='lat' dir='ltr'><strong>orientalis,</strong></span> <span class='ocrx_word' id='word_1_21' title='bbox 533 593 723 684; x_wconf 75' lang='lat' dir='ltr'><strong>Peroratio,</strong></span> <span class='ocrx_word' id='word_1_22' title='bbox 738 600 805 691; x_wconf 79' lang='lat' dir='ltr'><strong>qut</strong></span> <span class='ocrx_word' id='word_1_23' title='bbox 818 602 850 670; x_wconf 90' lang='lat' dir='ltr'><strong>S.</strong></span> <span class='ocrx_word' id='word_1_24' title='bbox 870 601 1016 690; x_wconf 82' lang='lat' dir='ltr'>Gregorii</span> <span class='ocrx_word' id='word_1_25' title='bbox 1026 602 1199 672; x_wconf 90' lang='lat' dir='ltr'><strong>lllumina-</strong></span> 
     </span>
     <span class='ocr_line' id='line_1_4' title="bbox 121 697 645 780; baseline 0 -8"><span class='ocrx_word' id='word_1_26' title='bbox 121 751 124 757; x_wconf 84' lang='lat'><em>·</em></span> <span class='ocrx_word' id='word_1_27' title='bbox 154 703 234 773; x_wconf 88' lang='lat' dir='ltr'><strong>toris</strong></span> <span class='ocrx_word' id='word_1_28' title='bbox 242 704 287 772; x_wconf 89' lang='lat' dir='ltr'><strong>sic</strong></span> <span class='ocrx_word' id='word_1_29' title='bbox 299 703 422 772; x_wconf 75' lang='lat' dir='ltr'><strong>claudit</strong></span> <span class='ocrx_word' id='word_1_30' title='bbox 436 697 623 780; x_wconf 81' lang='lat' dir='ltr'><strong>encomium</strong></span> <span class='ocrx_word' id='word_1_31' title='bbox 638 730 645 772; x_wconf 80' lang='grc' dir='ltr'><strong>Γ</strong></span> 
     </span>
    </p>

    <p class='ocr_par' dir='ltr' id='par_1_4' title="bbox 154 808 1202 1115">
     <span class='ocr_line' id='line_1_5' title="bbox 202 808 1200 900; baseline 0.006 -26"><span class='ocrx_word' id='word_1_32' title='bbox 202 837 219 876; x_wconf 83' lang='lat' dir='ltr'><strong>u</strong></span> <span class='ocrx_word' id='word_1_33' title='bbox 240 812 393 893; x_wconf 82' lang='lat' dir='ltr'><strong>Jamverb</strong></span> <span class='ocrx_word' id='word_1_34' title='bbox 413 811 504 878; x_wconf 88' lang='lat' dir='ltr'><strong>Beati</strong></span> <span class='ocrx_word' id='word_1_35' title='bbox 520 808 656 894; x_wconf 93' lang='lat' dir='ltr'><strong>laudes,</strong></span> <span class='ocrx_word' id='word_1_36' title='bbox 686 832 757 900; x_wconf 93' lang='lat' dir='ltr'><strong>pro·</strong></span> <span class='ocrx_word' id='word_1_37' title='bbox 770 808 871 900; x_wconf 90' lang='lat' dir='ltr'><strong>ipsius</strong></span> <span class='ocrx_word' id='word_1_38' title='bbox 887 808 1033 896; x_wconf 78' lang='lat' dir='ltr'><strong>meritis,</strong></span> <span class='ocrx_word' id='word_1_39' title='bbox 1050 813 1200 880; x_wconf 91' lang='lat' dir='ltr'><strong>encomio</strong></span> 
     </span>
     <span class='ocr_line' id='line_1_6' title="bbox 154 913 1202 1010; baseline -0.002 -24"><span class='ocrx_word' id='word_1_40' title='bbox 154 938 309 1010; x_wconf 83' lang='lat' dir='ltr'><strong>prosequt</strong></span> <span class='ocrx_word' id='word_1_41' title='bbox 300 917 426 1008; x_wconf 72' lang='lat' dir='ltr'><strong>penes</strong></span> <span class='ocrx_word' id='word_1_42' title='bbox 442 937 495 982; x_wconf 88' lang='lat' dir='ltr'><strong>me</strong></span> <span class='ocrx_word' id='word_1_43' title='bbox 516 937 585 982; x_wconf 89' lang='lat' dir='ltr'><strong>non</strong></span> <span class='ocrx_word' id='word_1_44' title='bbox 607 927 678 998; x_wconf 90' lang='lat' dir='ltr'><strong>est,</strong></span> <span class='ocrx_word' id='word_1_45' title='bbox 704 913 781 984; x_wconf 72' lang='lat' dir='ltr'><strong>licet</strong></span> <span class='ocrx_word' id='word_1_46' title='bbox 805 913 841 982; x_wconf 92' lang='lat' dir='ltr'><strong>id</strong></span> <span class='ocrx_word' id='word_1_47' title='bbox 859 915 940 982; x_wconf 90' lang='lat' dir='ltr'><strong>mihi</strong></span> <span class='ocrx_word' id='word_1_48' title='bbox 956 915 1095 984; x_wconf 78' lang='lat' dir='ltr'><strong>maxime</strong></span> <span class='ocrx_word' id='word_1_49' title='bbox 1111 917 1202 986; x_wconf 89' lang='lat' dir='ltr'><strong>sitin</strong></span> 
     </span>
     <span class='ocr_line' id='line_1_7' title="bbox 155 1019 1201 1115; baseline 0 -23"><span class='ocrx_word' id='word_1_50' title='bbox 155 1025 250 1092; x_wconf 87' lang='lat' dir='ltr'><strong>votis.</strong></span> <span class='ocrx_word' id='word_1_51' title='bbox 270 1023 384 1092; x_wconf 88' lang='lat' dir='ltr'><strong>Dicam</strong></span> <span class='ocrx_word' id='word_1_52' title='bbox 402 1020 502 1110; x_wconf 85' lang='lat' dir='ltr'><strong>igitur</strong></span> <span class='ocrx_word' id='word_1_53' title='bbox 517 1021 617 1112; x_wconf 75' lang='lat' dir='ltr'><strong>quam</strong></span> <span class='ocrx_word' id='word_1_54' title='bbox 636 1019 823 1090; x_wconf 79' lang='lat' dir='ltr'><strong>brevissime</strong></span> <span class='ocrx_word' id='word_1_55' title='bbox 847 1044 885 1090; x_wconf 88' lang='lat' dir='ltr'><strong>ea</strong></span> <span class='ocrx_word' id='word_1_56' title='bbox 899 1045 976 1115; x_wconf 88' lang='lat' dir='ltr'><strong>quae</strong></span> <span class='ocrx_word' id='word_1_57' title='bbox 991 1025 1104 1114; x_wconf 74' lang='lat' dir='ltr'><strong>postea</strong></span> <span class='ocrx_word' id='word_1_58' title='bbox 1121 1045 1201 1115; x_wconf 91' lang='lat' dir='ltr'><strong>pro·</strong></span> 
     </span>
    </p>

    <p class='ocr_par' dir='ltr' id='par_1_5' title="bbox 98 1127 529 1198">
     <span class='ocr_line' id='line_1_8' title="bbox 98 1127 529 1198; baseline -0.01 0"><span class='ocrx_word' id='word_1_59' title='bbox 98 1141 99 1148; x_wconf 78' lang='grc'>’</span> <span class='ocrx_word' id='word_1_60' title='bbox 155 1127 245 1198; x_wconf 85' lang='lat' dir='ltr'><strong>sectb</strong></span> <span class='ocrx_word' id='word_1_61' title='bbox 261 1140 457 1197; x_wconf 85' lang='lat' dir='ltr'><strong>concentus</strong></span> <span class='ocrx_word' id='word_1_62' title='bbox 469 1139 529 1194; x_wconf 90' lang='lat' dir='ltr'><strong>est</strong></span> 
     </span>
    </p>

    <p class='ocr_par' dir='ltr' id='par_1_6' title="bbox 157 1230 1203 1539">
     <span class='ocr_line' id='line_1_9' title="bbox 203 1230 1203 1353; baseline 0 -51"><span class='ocrx_word' id='word_1_63' title='bbox 203 1233 383 1302; x_wconf 79' lang='lat' dir='ltr'>«Fidelem</span> <span class='ocrx_word' id='word_1_64' title='bbox 395 1255 525 1302; x_wconf 89' lang='lat' dir='ltr'><strong>servum</strong></span> <span class='ocrx_word' id='word_1_65' title='bbox 535 1254 632 1300; x_wconf 92' lang='lat' dir='ltr'><strong>suum</strong></span> <span class='ocrx_word' id='word_1_66' title='bbox 648 1233 692 1301; x_wconf 90' lang='lat' dir='ltr'><strong>sic</strong></span> <span class='ocrx_word' id='word_1_67' title='bbox 708 1230 869 1301; x_wconf 88' lang='lat' dir='ltr'><strong>allocutus</strong></span> <span class='ocrx_word' id='word_1_68' title='bbox 884 1248 932 1302; x_wconf 91' lang='lat' dir='ltr'><strong>est</strong></span> <span class='ocrx_word' id='word_1_69' title='bbox 945 1237 1098 1305; x_wconf 82' lang='lat' dir='ltr'><strong>Creator.</strong></span> <span class='ocrx_word' id='word_1_70' title='bbox 1109 1238 1203 1353; x_wconf 83' lang='lat' dir='ltr'><strong>Euge</strong></span> 
     </span>
     <span class='ocr_line' id='line_1_10' title="bbox 157 1337 1203 1431; baseline 0 -21"><span class='ocrx_word' id='word_1_71' title='bbox 157 1363 249 1410; x_wconf 83' lang='lat' dir='ltr'><strong>serre</strong></span> <span class='ocrx_word' id='word_1_72' title='bbox 264 1341 352 1408; x_wconf 90' lang='lat' dir='ltr'><strong>bone</strong></span> <span class='ocrx_word' id='word_1_73' title='bbox 367 1352 401 1408; x_wconf 92' lang='lat' dir='ltr'><strong>et</strong></span> <span class='ocrx_word' id='word_1_74' title='bbox 419 1338 555 1410; x_wconf 86' lang='lat' dir='ltr'><strong>fidelis:</strong></span> <span class='ocrx_word' id='word_1_75' title='bbox 541 1361 608 1406; x_wconf 90' lang='lat' dir='ltr'><strong>·ne</strong></span> <span class='ocrx_word' id='word_1_76' title='bbox 621 1339 703 1431; x_wconf 92' lang='lat' dir='ltr'><strong>quid</strong></span> <span class='ocrx_word' id='word_1_77' title='bbox 719 1337 911 1408; x_wconf 89' lang='lat' dir='ltr'><strong>sollicitus</strong></span> <span class='ocrx_word' id='word_1_78' title='bbox 889 1363 929 1408; x_wconf 91' lang='lat' dir='ltr'><strong>srs</strong></span> <span class='ocrx_word' id='word_1_79' title='bbox 945 1340 987 1408; x_wconf 91' lang='lat' dir='ltr'><strong>de</strong></span> <span class='ocrx_word' id='word_1_80' title='bbox 1003 1344 1060 1408; x_wconf 75' lang='lat' dir='ltr'><strong>tut</strong></span> <span class='ocrx_word' id='word_1_81' title='bbox 1071 1341 1203 1410; x_wconf 90' lang='lat' dir='ltr'><strong>seminis</strong></span> 
     </span>
     <span class='ocr_line' id='line_1_11' title="bbox 158 1443 1203 1539; baseline -0.001 -24"><span class='ocrx_word' id='word_1_82' title='bbox 158 1447 195 1515; x_wconf 91' lang='lat' dir='ltr'><strong>in</strong></span> <span class='ocrx_word' id='word_1_83' title='bbox 214 1445 548 1538; x_wconf 87' lang='lat' dir='ltr'><strong>terrasprojeetione.</strong></span> <span class='ocrx_word' id='word_1_84' title='bbox 571 1449 620 1512; x_wconf 92' lang='lat' dir='ltr'><strong>Tu</strong></span> <span class='ocrx_word' id='word_1_85' title='bbox 636 1443 809 1536; x_wconf 81' lang='lat' dir='ltr'><strong>plantasti,</strong></span> <span class='ocrx_word' id='word_1_86' title='bbox 829 1444 929 1513; x_wconf 90' lang='lat' dir='ltr'><strong>Paule</strong></span> <span class='ocrx_word' id='word_1_87' title='bbox 945 1445 1048 1539; x_wconf 73' lang='lat' dir='ltr'><strong>alter,</strong></span> <span class='ocrx_word' id='word_1_88' title='bbox 1066 1469 1126 1536; x_wconf 85' lang='lat' dir='ltr'><strong>ego</strong></span> <span class='ocrx_word' id='word_1_89' title='bbox 1142 1470 1203 1514; x_wconf 90' lang='lat' dir='ltr'><strong>au-</strong></span> 
     </span>
    </p>

    <p class='ocr_par' dir='ltr' id='par_1_7' title="bbox 98 1550 1205 2046">
     <span class='ocr_line' id='line_1_12' title="bbox 159 1550 1204 1640; baseline 0.002 -20"><span class='ocrx_word' id='word_1_90' title='bbox 159 1565 227 1620; x_wconf 89' lang='lat' dir='ltr'><strong>tem</strong></span> <span class='ocrx_word' id='word_1_91' title='bbox 251 1552 490 1621; x_wconf 88' lang='lat' dir='ltr'><strong>incrementum</strong></span> <span class='ocrx_word' id='word_1_92' title='bbox 512 1550 568 1622; x_wconf 86' lang='lat' dir='ltr'><strong>do.</strong></span> <span class='ocrx_word' id='word_1_93' title='bbox 596 1551 701 1638; x_wconf 88' lang='lat' dir='ltr'><strong>Veni,</strong></span> <span class='ocrx_word' id='word_1_94' title='bbox 728 1550 814 1618; x_wconf 89' lang='lat' dir='ltr'><strong>intra</strong></span> <span class='ocrx_word' id='word_1_95' title='bbox 840 1551 875 1618; x_wconf 93' lang='lat' dir='ltr'><strong>in</strong></span> <span class='ocrx_word' id='word_1_96' title='bbox 897 1552 1055 1640; x_wconf 88' lang='lat' dir='ltr'><strong>gaudium</strong></span> <span class='ocrx_word' id='word_1_97' title='bbox 1072 1553 1204 1622; x_wconf 88' lang='lat' dir='ltr'>Domini</span> 
     </span>
     <span class='ocr_line' id='line_1_13' title="bbox 98 1649 1204 1749; baseline 0.002 -24"><span class='ocrx_word' id='word_1_98' title='bbox 98 1649 102 1654; x_wconf 63' lang='grc'><strong>’</strong></span> <span class='ocrx_word' id='word_1_99' title='bbox 159 1658 219 1725; x_wconf 91' lang='lat' dir='ltr'><strong>tui.</strong></span> <span class='ocrx_word' id='word_1_100' title='bbox 245 1661 292 1726; x_wconf 90' lang='lat' dir='ltr'><strong>Ne</strong></span> <span class='ocrx_word' id='word_1_101' title='bbox 309 1657 443 1742; x_wconf 90' lang='lat' dir='ltr'><strong>timeas,</strong></span> <span class='ocrx_word' id='word_1_102' title='bbox 468 1662 574 1727; x_wconf 89' lang='lat' dir='ltr'><strong>Moses</strong></span> <span class='ocrx_word' id='word_1_103' title='bbox 600 1656 703 1740; x_wconf 86' lang='lat' dir='ltr'><strong>alter,</strong></span> <span class='ocrx_word' id='word_1_104' title='bbox 728 1655 821 1749; x_wconf 86' lang='lat' dir='ltr'><strong>qubd</strong></span> <span class='ocrx_word' id='word_1_105' title='bbox 842 1657 903 1724; x_wconf 91' lang='lat' dir='ltr'><strong>tibi</strong></span> <span class='ocrx_word' id='word_1_106' title='bbox 919 1681 987 1726; x_wconf 91' lang='lat' dir='ltr'><strong>non</strong></span> <span class='ocrx_word' id='word_1_107' title='bbox 1013 1657 1204 1728; x_wconf 69' lang='lat' dir='ltr'><strong>nisi‘recens</strong></span> 
     </span>
     <span class='ocr_line' id='line_1_14' title="bbox 160 1761 1205 1856; baseline -0.002 -22"><span class='ocrx_word' id='word_1_108' title='bbox 160 1761 361 1834; x_wconf 85' lang='lat' dir='ltr'><strong>crediderint</strong></span> <span class='ocrx_word' id='word_1_109' title='bbox 384 1763 533 1856; x_wconf 87' lang='lat' dir='ltr'><strong>populi:</strong></span> <span class='ocrx_word' id='word_1_110' title='bbox 557 1776 597 1832; x_wconf 86' lang='lat' dir='ltr'><strong>tu</strong></span> <span class='ocrx_word' id='word_1_111' title='bbox 624 1762 714 1828; x_wconf 91' lang='lat' dir='ltr'><strong>enim</strong></span> <span class='ocrx_word' id='word_1_112' title='bbox 740 1772 793 1828; x_wconf 90' lang='lat' dir='ltr'><strong>me</strong></span> <span class='ocrx_word' id='word_1_113' title='bbox 814 1763 926 1852; x_wconf 85' lang='lat' dir='ltr'><strong>magis</strong></span> <span class='ocrx_word' id='word_1_114' title='bbox 956 1765 1056 1855; x_wconf 77' lang='lat' dir='ltr'><strong>quam</strong></span> <span class='ocrx_word' id='word_1_115' title='bbox 1086 1787 1205 1856; x_wconf 88' lang='lat' dir='ltr'><strong>corpus</strong></span> 
     </span>
     <span class='ocr_line' id='line_1_15' title="bbox 160 1866 1205 1978; baseline 0.004 -42"><span class='ocrx_word' id='word_1_116' title='bbox 160 1885 254 1938; x_wconf 92' lang='lat' dir='ltr'><strong>tuum</strong></span> <span class='ocrx_word' id='word_1_117' title='bbox 279 1867 433 1946; x_wconf 77' lang='lat' dir='ltr'><strong>dilexisti</strong></span> <span class='ocrx_word' id='word_1_118' title='bbox 459 1869 563 1978; x_wconf 73' lang='lat' dir='ltr'><strong>Veni,</strong></span> <span class='ocrx_word' id='word_1_119' title='bbox 588 1867 755 1960; x_wconf 76' lang='lat' dir='ltr'><strong>requiesce</strong></span> <span class='ocrx_word' id='word_1_120' title='bbox 776 1869 796 1936; x_wconf 72' lang='lat' dir='ltr'><strong>a</strong></span> <span class='ocrx_word' id='word_1_121' title='bbox 819 1866 989 1963; x_wconf 88' lang='lat' dir='ltr'><strong>laboribus</strong></span> <span class='ocrx_word' id='word_1_122' title='bbox 1014 1871 1099 1956; x_wconf 88' lang='lat' dir='ltr'><strong>tuis,</strong></span> <span class='ocrx_word' id='word_1_123' title='bbox 1120 1895 1205 1944; x_wconf 83' lang='lat' dir='ltr'><strong>nove</strong></span> 
     </span>
     <span class='ocr_line' id='line_1_16' title="bbox 161 1975 289 2046; baseline -0.017 0"><span class='ocrx_word' id='word_1_124' title='bbox 161 1975 289 2046; x_wconf 89' lang='lat' dir='ltr'><strong>Daniel.</strong></span> 
     </span>
    </p>

    <p class='ocr_par' dir='ltr' id='par_1_8' title="bbox 161 2080 1279 2919">
     <span class='ocr_line' id='line_1_17' title="bbox 208 2080 1208 2176; baseline 0.007 -29"><span class='ocrx_word' id='word_1_125' title='bbox 208 2080 424 2174; x_wconf 72' lang='lat' dir='ltr'><strong>»Nuptialem</strong></span> <span class='ocrx_word' id='word_1_126' title='bbox 440 2081 611 2174; x_wconf 83' lang='lat' dir='ltr'><strong>ingredere</strong></span> <span class='ocrx_word' id='word_1_127' title='bbox 627 2081 823 2168; x_wconf 81' lang='lat' dir='ltr'><strong>thalamum,</strong></span> <span class='ocrx_word' id='word_1_128' title='bbox 836 2105 935 2174; x_wconf 91' lang='lat' dir='ltr'><strong>quem</strong></span> <span class='ocrx_word' id='word_1_129' title='bbox 952 2082 1012 2150; x_wconf 91' lang='lat' dir='ltr'><strong>tibi</strong></span> <span class='ocrx_word' id='word_1_130' title='bbox 1022 2085 1117 2154; x_wconf 75' lang='lat' dir='ltr'><strong>antea</strong></span> <span class='ocrx_word' id='word_1_131' title='bbox 1134 2084 1208 2176; x_wconf 87' lang='lat' dir='ltr'><strong>pol-</strong></span> 
     </span>
     <span class='ocr_line' id='line_1_18' title="bbox 161 2189 1233 2282; baseline 0.003 -24"><span class='ocrx_word' id='word_1_132' title='bbox 161 2189 270 2258; x_wconf 90' lang='lat' dir='ltr'><strong>licitus</strong></span> <span class='ocrx_word' id='word_1_133' title='bbox 285 2213 387 2258; x_wconf 89' lang='lat' dir='ltr'><strong>cram.</strong></span> <span class='ocrx_word' id='word_1_134' title='bbox 396 2189 491 2274; x_wconf 89' lang='lat' dir='ltr'><strong>Veni,</strong></span> <span class='ocrx_word' id='word_1_135' title='bbox 510 2189 619 2258; x_wconf 90' lang='lat' dir='ltr'><strong>sedem</strong></span> <span class='ocrx_word' id='word_1_136' title='bbox 632 2189 741 2280; x_wconf 88' lang='lat' dir='ltr'><strong>accipe</strong></span> <span class='ocrx_word' id='word_1_137' title='bbox 751 2189 837 2264; x_wconf 81' lang='lat' dir='ltr'><strong>inter</strong></span> <span class='ocrx_word' id='word_1_138' title='bbox 853 2189 1038 2280; x_wconf 76' lang='lat' dir='ltr'><strong>Apostolos,</strong></span> <span class='ocrx_word' id='word_1_139' title='bbox 1052 2193 1208 2282; x_wconf 79' lang='lat' dir='ltr'><strong>Apostole</strong></span> <span class='ocrx_word' id='word_1_140' title='bbox 1230 2197 1233 2204; x_wconf 91' lang='grc'><strong>’</strong></span> 
     </span>
     <span class='ocr_line' id='line_1_19' title="bbox 163 2243 1205 2388; baseline 0.002 -24"><span class='ocrx_word' id='word_1_141' title='bbox 163 2297 267 2380; x_wconf 89' lang='lat' dir='ltr'><strong>alter,</strong></span> <span class='ocrx_word' id='word_1_142' title='bbox 293 2297 352 2388; x_wconf 89' lang='lat' dir='ltr'><strong>qui</strong></span> <span class='ocrx_word' id='word_1_143' title='bbox 375 2243 514 2362; x_wconf 82' lang='lat' dir='ltr'><strong>verbuln</strong></span> <span class='ocrx_word' id='word_1_144' title='bbox 536 2293 680 2362; x_wconf 87' lang='lat' dir='ltr'><strong>veritatis</strong></span> <span class='ocrx_word' id='word_1_145' title='bbox 704 2294 793 2386; x_wconf 89' lang='lat' dir='ltr'><strong>genti</strong></span> <span class='ocrx_word' id='word_1_146' title='bbox 818 2295 969 2386; x_wconf 86' lang='lat' dir='ltr'><strong>superbae</strong></span> <span class='ocrx_word' id='word_1_147' title='bbox 992 2299 1205 2366; x_wconf 77' lang='lat' dir='ltr'><strong>annuntiasti.</strong></span> 
     </span>
     <span class='ocr_line' id='line_1_20' title="bbox 164 2397 1210 2492; baseline 0.003 -21"><span class='ocrx_word' id='word_1_148' title='bbox 164 2407 256 2471; x_wconf 89' lang='lat' dir='ltr'><strong>Inter</strong></span> <span class='ocrx_word' id='word_1_149' title='bbox 270 2399 473 2492; x_wconf 76' lang='lat' dir='ltr'><strong>Angelorum</strong></span> <span class='ocrx_word' id='word_1_150' title='bbox 487 2399 615 2490; x_wconf 84' lang='lat' dir='ltr'><strong>agmina</strong></span> <span class='ocrx_word' id='word_1_151' title='bbox 626 2397 820 2486; x_wconf 88' lang='lat' dir='ltr'><strong>colloceris,</strong></span> <span class='ocrx_word' id='word_1_152' title='bbox 838 2400 897 2491; x_wconf 92' lang='lat' dir='ltr'><strong>qui</strong></span> <span class='ocrx_word' id='word_1_153' title='bbox 912 2401 1013 2469; x_wconf 89' lang='lat' dir='ltr'><strong>vitam</strong></span> <span class='ocrx_word' id='word_1_154' title='bbox 1026 2401 1156 2470; x_wconf 92' lang='lat' dir='ltr'><strong>illorum</strong></span> <span class='ocrx_word' id='word_1_155' title='bbox 1174 2404 1210 2474; x_wconf 90' lang='lat' dir='ltr'><strong>in</strong></span> 
     </span>
     <span class='ocr_line' id='line_1_21' title="bbox 164 2509 1279 2604; baseline -0.004 -24"><span class='ocrx_word' id='word_1_156' title='bbox 164 2510 257 2580; x_wconf 90' lang='lat' dir='ltr'><strong>terris</strong></span> <span class='ocrx_word' id='word_1_157' title='bbox 280 2509 453 2582; x_wconf 81' lang='lat' dir='ltr'><strong>aemulatus</strong></span> <span class='ocrx_word' id='word_1_158' title='bbox 478 2531 522 2578; x_wconf 92' lang='lat' dir='ltr'><strong>es.</strong></span> <span class='ocrx_word' id='word_1_159' title='bbox 554 2509 661 2594; x_wconf 88' lang='lat' dir='ltr'><strong>Veni,</strong></span> <span class='ocrx_word' id='word_1_160' title='bbox 688 2521 722 2576; x_wconf 90' lang='lat' dir='ltr'><strong>ct</strong></span> <span class='ocrx_word' id='word_1_161' title='bbox 744 2531 819 2578; x_wconf 90' lang='lat' dir='ltr'><strong>curn</strong></span> <span class='ocrx_word' id='word_1_162' title='bbox 839 2509 1034 2578; x_wconf 87' lang='lat' dir='ltr'><strong>Patriarchis</strong></span> <span class='ocrx_word' id='word_1_163' title='bbox 1058 2511 1210 2604; x_wconf 86' lang='lat' dir='ltr'><strong>princeps</strong></span> <span class='ocrx_word' id='word_1_164' title='bbox 1274 2568 1279 2576; x_wconf 94' lang='lat'><strong>.</strong></span> 
     </span>
     <span class='ocr_line' id='line_1_22' title="bbox 165 2613 1211 2704; baseline 0.003 -20"><span class='ocrx_word' id='word_1_165' title='bbox 165 2629 246 2684; x_wconf 90' lang='lat' dir='ltr'><strong>esto.</strong></span> <span class='ocrx_word' id='word_1_166' title='bbox 265 2614 425 2683; x_wconf 86' lang='lat' dir='ltr'><strong>Planteris</strong></span> <span class='ocrx_word' id='word_1_167' title='bbox 452 2631 491 2682; x_wconf 93' lang='lat' dir='ltr'><strong>ut</strong></span> <span class='ocrx_word' id='word_1_168' title='bbox 506 2613 616 2704; x_wconf 87' lang='lat' dir='ltr'><strong>palma</strong></span> <span class='ocrx_word' id='word_1_169' title='bbox 644 2628 754 2683; x_wconf 90' lang='lat' dir='ltr'><strong>sancta</strong></span> <span class='ocrx_word' id='word_1_170' title='bbox 770 2615 806 2682; x_wconf 92' lang='lat' dir='ltr'><strong>in</strong></span> <span class='ocrx_word' id='word_1_171' title='bbox 822 2613 922 2684; x_wconf 89' lang='lat' dir='ltr'><strong>domo</strong></span> <span class='ocrx_word' id='word_1_172' title='bbox 949 2617 1105 2702; x_wconf 82' lang='lat' dir='ltr'><strong>Domini,</strong></span> <span class='ocrx_word' id='word_1_173' title='bbox 1125 2617 1211 2688; x_wconf 89' lang='lat' dir='ltr'><strong>etin</strong></span> 
     </span>
     <span class='ocr_line' id='line_1_23' title="bbox 166 2718 1210 2810; baseline 0.004 -22"><span class='ocrx_word' id='word_1_174' title='bbox 166 2719 256 2788; x_wconf 90' lang='lat' dir='ltr'><strong>atriis</strong></span> <span class='ocrx_word' id='word_1_175' title='bbox 268 2722 327 2788; x_wconf 89' lang='lat' dir='ltr'><strong>Dei</strong></span> <span class='ocrx_word' id='word_1_176' title='bbox 343 2719 470 2786; x_wconf 85' lang='lat' dir='ltr'><strong>floreas.</strong></span> <span class='ocrx_word' id='word_1_177' title='bbox 485 2718 586 2802; x_wconf 84' lang='lat' dir='ltr'><strong>Veni,</strong></span> <span class='ocrx_word' id='word_1_178' title='bbox 605 2719 812 2786; x_wconf 84' lang='lat' dir='ltr'><strong>coronaberis</strong></span> <span class='ocrx_word' id='word_1_179' title='bbox 827 2741 903 2786; x_wconf 90' lang='lat' dir='ltr'><strong>curn</strong></span> <span class='ocrx_word' id='word_1_180' title='bbox 916 2723 1134 2810; x_wconf 87' lang='lat' dir='ltr'><strong>Martyribus,</strong></span> <span class='ocrx_word' id='word_1_181' title='bbox 1152 2723 1210 2792; x_wconf 86' lang='lat' dir='ltr'><strong>lae-</strong></span> 
     </span>
     <span class='ocr_line' id='line_1_24' title="bbox 167 2817 1211 2919; baseline 0.004 -24"><span class='ocrx_word' id='word_1_182' title='bbox 167 2827 355 2919; x_wconf 89' lang='lat' dir='ltr'><strong>taberisque</strong></span> <span class='ocrx_word' id='word_1_183' title='bbox 375 2849 452 2894; x_wconf 90' lang='lat' dir='ltr'><strong>cum</strong></span> <span class='ocrx_word' id='word_1_184' title='bbox 468 2827 506 2894; x_wconf 90' lang='lat' dir='ltr'><strong>iis</strong></span> <span class='ocrx_word' id='word_1_185' title='bbox 522 2827 580 2918; x_wconf 90' lang='lat' dir='ltr'><strong>qui</strong></span> <span class='ocrx_word' id='word_1_186' title='bbox 594 2849 655 2917; x_wconf 88' lang='lat' dir='ltr'><strong>pro</strong></span> <span class='ocrx_word' id='word_1_187' title='bbox 670 2848 723 2894; x_wconf 89' lang='lat' dir='ltr'><strong>me</strong></span> <span class='ocrx_word' id='word_1_188' title='bbox 738 2817 902 2894; x_wconf 86' lang='lat' dir='ltr'><strong>tormenta</strong></span> <span class='ocrx_word' id='word_1_189' title='bbox 924 2828 1007 2918; x_wconf 89' lang='lat' dir='ltr'><strong>passi</strong></span> <span class='ocrx_word' id='word_1_190' title='bbox 1023 2845 1100 2902; x_wconf 92' lang='lat' dir='ltr'><strong>sunt</strong></span> <span class='ocrx_word' id='word_1_191' title='bbox 1111 2883 1121 2916; x_wconf 98' lang='lat'><strong>,</strong></span> <span class='ocrx_word' id='word_1_192' title='bbox 1134 2833 1211 2900; x_wconf 90' lang='lat' dir='ltr'><strong>veni</strong></span> 
     </span>
    </p>

    <p class='ocr_par' dir='ltr' id='par_1_9' title="bbox 124 2931 1216 3667">
     <span class='ocr_line' id='line_1_25' title="bbox 168 2931 1212 3024; baseline 0.007 -24"><span class='ocrx_word' id='word_1_193' title='bbox 168 2933 204 3002; x_wconf 90' lang='lat' dir='ltr'><strong>in</strong></span> <span class='ocrx_word' id='word_1_194' title='bbox 221 2932 331 3002; x_wconf 91' lang='lat' dir='ltr'><strong>aulam</strong></span> <span class='ocrx_word' id='word_1_195' title='bbox 346 2931 537 3024; x_wconf 87' lang='lat' dir='ltr'><strong>nuptiarum</strong></span> <span class='ocrx_word' id='word_1_196' title='bbox 556 2954 714 3000; x_wconf 91' lang='lat' dir='ltr'><strong>mearum.</strong></span> <span class='ocrx_word' id='word_1_197' title='bbox 730 2931 831 3016; x_wconf 81' lang='lat' dir='ltr'><strong>Veni,</strong></span> <span class='ocrx_word' id='word_1_198' title='bbox 846 2932 982 3022; x_wconf 90' lang='lat' dir='ltr'><strong>gaudio,</strong></span> <span class='ocrx_word' id='word_1_199' title='bbox 995 2935 1079 3002; x_wconf 91' lang='lat' dir='ltr'><strong>inter</strong></span> <span class='ocrx_word' id='word_1_200' title='bbox 1097 2959 1212 3006; x_wconf 87' lang='lat' dir='ltr'><strong>coeno·</strong></span> 
     </span>
     <span class='ocr_line' id='line_1_26' title="bbox 137 3031 1212 3132; baseline 0.006 -23"><span class='ocrx_word' id='word_1_201' title='bbox 137 3031 139 3033; x_wconf 30' lang='lat'><strong><em>¹</em></strong></span> <span class='ocrx_word' id='word_1_202' title='bbox 169 3041 312 3110; x_wconf 90' lang='lat' dir='ltr'><strong>bitarum</strong></span> <span class='ocrx_word' id='word_1_203' title='bbox 326 3041 460 3120; x_wconf 86' lang='lat' dir='ltr'><strong>choros,</strong></span> <span class='ocrx_word' id='word_1_204' title='bbox 479 3038 640 3108; x_wconf 83' lang='lat' dir='ltr'><strong>exultabis</strong></span> <span class='ocrx_word' id='word_1_205' title='bbox 655 3040 713 3132; x_wconf 88' lang='lat' dir='ltr'><strong>qui</strong></span> <span class='ocrx_word' id='word_1_206' title='bbox 733 3062 801 3107; x_wconf 90' lang='lat' dir='ltr'><strong>non</strong></span> <span class='ocrx_word' id='word_1_207' title='bbox 816 3039 917 3110; x_wconf 88' lang='lat' dir='ltr'><strong>modd</strong></span> <span class='ocrx_word' id='word_1_208' title='bbox 933 3039 1072 3110; x_wconf 84' lang='lat' dir='ltr'><strong>dilexisti</strong></span> <span class='ocrx_word' id='word_1_209' title='bbox 1086 3059 1212 3114; x_wconf 90' lang='lat' dir='ltr'><strong>montes</strong></span> 
     </span>
     <span class='ocr_line' id='line_1_27' title="bbox 170 3145 1213 3242; baseline 0.003 -27"><span class='ocrx_word' id='word_1_210' title='bbox 170 3161 204 3215; x_wconf 90' lang='lat' dir='ltr'><strong>et</strong></span> <span class='ocrx_word' id='word_1_211' title='bbox 216 3145 360 3224; x_wconf 90' lang='lat' dir='ltr'><strong>deserta,</strong></span> <span class='ocrx_word' id='word_1_212' title='bbox 375 3145 431 3228; x_wconf 84' lang='lat' dir='ltr'><strong>sed</strong></span> <span class='ocrx_word' id='word_1_213' title='bbox 446 3145 537 3214; x_wconf 88' lang='lat' dir='ltr'><strong>cruci</strong></span> <span class='ocrx_word' id='word_1_214' title='bbox 549 3145 645 3213; x_wconf 92' lang='lat' dir='ltr'><strong>ctiam</strong></span> <span class='ocrx_word' id='word_1_215' title='bbox 659 3145 783 3238; x_wconf 84' lang='lat' dir='ltr'><strong>jugiter</strong></span> <span class='ocrx_word' id='word_1_216' title='bbox 794 3146 941 3214; x_wconf 83' lang='lat' dir='ltr'><strong>confixus</strong></span> <span class='ocrx_word' id='word_1_217' title='bbox 955 3146 1046 3217; x_wconf 84' lang='lat' dir='ltr'><strong>fuisti</strong></span> <span class='ocrx_word' id='word_1_218' title='bbox 1062 3173 1213 3242; x_wconf 67' lang='lat' dir='ltr'><strong>mecum,</strong></span> 
     </span>
     <span class='ocr_line' id='line_1_28' title="bbox 170 3251 1215 3352; baseline 0.004 -28"><span class='ocrx_word' id='word_1_219' title='bbox 170 3254 294 3324; x_wconf 85' lang='lat' dir='ltr'><strong>idcircb</strong></span> <span class='ocrx_word' id='word_1_220' title='bbox 309 3251 511 3342; x_wconf 76' lang='lat' dir='ltr'><strong>Angelorum</strong></span> <span class='ocrx_word' id='word_1_221' title='bbox 528 3276 676 3322; x_wconf 91' lang='lat' dir='ltr'><strong>meorum</strong></span> <span class='ocrx_word' id='word_1_222' title='bbox 697 3254 740 3320; x_wconf 90' lang='lat' dir='ltr'><strong>ad</strong></span> <span class='ocrx_word' id='word_1_223' title='bbox 762 3266 794 3321; x_wconf 91' lang='lat' dir='ltr'><strong>tc</strong></span> <span class='ocrx_word' id='word_1_224' title='bbox 808 3256 935 3322; x_wconf 87' lang='lat' dir='ltr'><strong>mittam</strong></span> <span class='ocrx_word' id='word_1_225' title='bbox 955 3257 1097 3345; x_wconf 83' lang='lat' dir='ltr'><strong>agmina,</strong></span> <span class='ocrx_word' id='word_1_226' title='bbox 1116 3273 1215 3352; x_wconf 87' lang='lat' dir='ltr'><strong>teque</strong></span> 
     </span>
     <span class='ocr_line' id='line_1_29' title="bbox 124 3357 1216 3452; baseline 0.008 -27"><span class='ocrx_word' id='word_1_227' title='bbox 124 3419 132 3425; x_wconf 78' lang='grc'>,</span> <span class='ocrx_word' id='word_1_228' title='bbox 173 3361 215 3431; x_wconf 85' lang='lat' dir='ltr'><strong>ad</strong></span> <span class='ocrx_word' id='word_1_229' title='bbox 240 3385 293 3430; x_wconf 90' lang='lat' dir='ltr'><strong>me</strong></span> <span class='ocrx_word' id='word_1_230' title='bbox 311 3359 477 3452; x_wconf 88' lang='lat' dir='ltr'><strong>recipiam.</strong></span> <span class='ocrx_word' id='word_1_231' title='bbox 496 3363 540 3428; x_wconf 87' lang='lat' dir='ltr'><strong>Et</strong></span> <span class='ocrx_word' id='word_1_232' title='bbox 554 3357 629 3452; x_wconf 87' lang='lat' dir='ltr'><strong>quia</strong></span> <span class='ocrx_word' id='word_1_233' title='bbox 646 3359 780 3448; x_wconf 65' lang='lat' dir='ltr'><strong>portasti</strong></span> <span class='ocrx_word' id='word_1_234' title='bbox 792 3359 916 3451; x_wconf 85' lang='lat' dir='ltr'><strong>jugiter</strong></span> <span class='ocrx_word' id='word_1_235' title='bbox 931 3383 1061 3430; x_wconf 90' lang='lat' dir='ltr'><strong>crucem</strong></span> <span class='ocrx_word' id='word_1_236' title='bbox 1077 3378 1168 3432; x_wconf 93' lang='lat' dir='ltr'><strong>tuam</strong></span> <span class='ocrx_word' id='word_1_237' title='bbox 1182 3379 1216 3434; x_wconf 88' lang='lat' dir='ltr'><strong>et</strong></span> 
     </span>
     <span class='ocr_line' id='line_1_30' title="bbox 173 3463 1214 3559; baseline 0.001 -20"><span class='ocrx_word' id='word_1_238' title='bbox 173 3468 290 3540; x_wconf 87' lang='lat' dir='ltr'><strong>venisti</strong></span> <span class='ocrx_word' id='word_1_239' title='bbox 314 3485 386 3559; x_wconf 88' lang='lat' dir='ltr'><strong>post</strong></span> <span class='ocrx_word' id='word_1_240' title='bbox 406 3488 479 3551; x_wconf 88' lang='lat' dir='ltr'><strong>me,</strong></span> <span class='ocrx_word' id='word_1_241' title='bbox 505 3487 567 3556; x_wconf 85' lang='lat' dir='ltr'><strong>ego</strong></span> <span class='ocrx_word' id='word_1_242' title='bbox 591 3463 798 3534; x_wconf 89' lang='lat' dir='ltr'><strong>introducam</strong></span> <span class='ocrx_word' id='word_1_243' title='bbox 825 3479 858 3534; x_wconf 92' lang='lat' dir='ltr'><strong>te</strong></span> <span class='ocrx_word' id='word_1_244' title='bbox 881 3467 916 3534; x_wconf 92' lang='lat' dir='ltr'><strong>in</strong></span> <span class='ocrx_word' id='word_1_245' title='bbox 942 3467 1149 3559; x_wconf 84' lang='lat' dir='ltr'><strong>paradisum,</strong></span> <span class='ocrx_word' id='word_1_246' title='bbox 1177 3471 1214 3540; x_wconf 92' lang='lat' dir='ltr'><strong>in</strong></span> 
     </span>
     <span class='ocr_line' id='line_1_31' title="bbox 175 3570 880 3667; baseline 0.003 -25"><span class='ocrx_word' id='word_1_247' title='bbox 175 3597 274 3667; x_wconf 91' lang='lat' dir='ltr'><strong>quem</strong></span> <span class='ocrx_word' id='word_1_248' title='bbox 288 3578 387 3666; x_wconf 84' lang='lat' dir='ltr'><strong>Latro</strong></span> <span class='ocrx_word' id='word_1_249' title='bbox 401 3596 459 3666; x_wconf 87' lang='lat' dir='ltr'><strong>per</strong></span> <span class='ocrx_word' id='word_1_250' title='bbox 470 3594 601 3645; x_wconf 84' lang='lat' dir='ltr'><strong>crucem</strong></span> <span class='ocrx_word' id='word_1_251' title='bbox 615 3593 707 3639; x_wconf 85' lang='lat' dir='ltr'><strong>suam</strong></span> <span class='ocrx_word' id='word_1_252' title='bbox 722 3570 880 3645; x_wconf 82' lang='lat' dir='ltr'><strong>introivit.</strong></span> 
     </span>
    </p>

    <p class='ocr_par' dir='ltr' id='par_1_10' title="bbox 177 3667 1220 3880">
     <span class='ocr_line' id='line_1_32' title="bbox 223 3667 1220 3766; baseline 0.011 -22"><span class='ocrx_word' id='word_1_253' title='bbox 223 3708 239 3744; x_wconf 73' lang='lat' dir='ltr'><strong>n</strong></span> <span class='ocrx_word' id='word_1_254' title='bbox 257 3685 376 3750; x_wconf 90' lang='lat' dir='ltr'><strong>Beatus</strong></span> <span class='ocrx_word' id='word_1_255' title='bbox 386 3705 419 3750; x_wconf 91' lang='lat' dir='ltr'><strong>cs</strong></span> <span class='ocrx_word' id='word_1_256' title='bbox 430 3696 480 3762; x_wconf 91' lang='lat' dir='ltr'><strong>tu,</strong></span> <span class='ocrx_word' id='word_1_257' title='bbox 491 3680 577 3750; x_wconf 91' lang='lat' dir='ltr'><strong>inter</strong></span> <span class='ocrx_word' id='word_1_258' title='bbox 593 3667 746 3748; x_wconf 82' lang='lat' dir='ltr'><strong>Ecclesiae</strong></span> <span class='ocrx_word' id='word_1_259' title='bbox 758 3679 971 3766; x_wconf 84' lang='lat' dir='ltr'><strong>Patriarchas,</strong></span> <span class='ocrx_word' id='word_1_260' title='bbox 983 3675 1079 3752; x_wconf 75' lang='lat' dir='ltr'><strong>Pater</strong></span> <span class='ocrx_word' id='word_1_261' title='bbox 1090 3675 1220 3755; x_wconf 50' lang='lat' dir='ltr'><strong>sanctes</strong></span> 
     </span>
     <span class='ocr_line' id='line_1_33' title="bbox 177 3785 1218 3880; baseline 0.005 -22"><span class='ocrx_word' id='word_1_262' title='bbox 177 3786 268 3858; x_wconf 90' lang='lat' dir='ltr'><strong>Olim</strong></span> <span class='ocrx_word' id='word_1_263' title='bbox 281 3785 416 3880; x_wconf 85' lang='lat' dir='ltr'><strong>angelus</strong></span> <span class='ocrx_word' id='word_1_264' title='bbox 431 3788 466 3856; x_wconf 88' lang='lat' dir='ltr'><strong>in</strong></span> <span class='ocrx_word' id='word_1_265' title='bbox 481 3809 636 3880; x_wconf 77' lang='lat' dir='ltr'><strong>corpore,</strong></span> <span class='ocrx_word' id='word_1_266' title='bbox 661 3809 751 3855; x_wconf 87' lang='lat' dir='ltr'><strong>nune</strong></span> <span class='ocrx_word' id='word_1_267' title='bbox 777 3787 988 3880; x_wconf 88' lang='lat' dir='ltr'><strong>incorporeus</strong></span> <span class='ocrx_word' id='word_1_268' title='bbox 1008 3788 1094 3858; x_wconf 86' lang='lat' dir='ltr'><strong>inter</strong></span> <span class='ocrx_word' id='word_1_269' title='bbox 1109 3793 1218 3862; x_wconf 87' lang='lat' dir='ltr'><strong>incor-</strong></span> 
     </span>
    </p>
   </div>
   <div class='ocr_carea' id='block_1_4' title="bbox 178 3892 1218 4002">
    <p class='ocr_par' dir='ltr' id='par_1_11' title="bbox 178 3892 1218 4002">
     <span class='ocr_line' id='line_1_34' title="bbox 178 3892 1218 4002; baseline 0.002 -34"><span class='ocrx_word' id='word_1_270' title='bbox 178 3917 296 3990; x_wconf 87' lang='lat' dir='ltr'><strong>poreos</strong></span> <span class='ocrx_word' id='word_1_271' title='bbox 319 3894 467 4002; x_wconf 80' lang='lat' dir='ltr'><strong>versaris.</strong></span> <span class='ocrx_word' id='word_1_272' title='bbox 486 3899 624 3985; x_wconf 84' lang='lat' dir='ltr'><strong>Beatus,</strong></span> <span class='ocrx_word' id='word_1_273' title='bbox 648 3892 772 3988; x_wconf 89' lang='lat' dir='ltr'><strong>optimc</strong></span> <span class='ocrx_word' id='word_1_274' title='bbox 798 3893 943 3985; x_wconf 80' lang='lat' dir='ltr'><strong>Praestri,</strong></span> <span class='ocrx_word' id='word_1_275' title='bbox 962 3895 1115 3991; x_wconf 79' lang='lat' dir='ltr'><strong>quiores</strong></span> <span class='ocrx_word' id='word_1_276' title='bbox 1135 3896 1218 3992; x_wconf 82' lang='lat' dir='ltr'><strong>regis</strong></span> 
     </span>
    </p>
   </div>
   <div class='ocr_carea' id='block_1_5' title="bbox 0 0 1523 4584">
    <p class='ocr_par' dir='ltr' id='par_1_12' title="bbox 0 0 1523 4584">
     <span class='ocr_line' id='line_1_35' title="bbox 0 0 1523 4584; baseline 0 0"><span class='ocrx_word' id='word_1_277' title='bbox 0 0 1523 4584; x_wconf 95' lang='lat' dir='ltr'><strong> </strong></span> 
     </span>
    </p>
   </div>
  </div>
 </body>
</html>
