<?xml version="1.0" encoding="UTF-8"?>
<!DOCTYPE html PUBLIC "-//W3C//DTD XHTML 1.0 Transitional//EN"
    "http://www.w3.org/TR/xhtml1/DTD/xhtml1-transitional.dtd">
<html xmlns="http://www.w3.org/1999/xhtml" xml:lang="en" lang="en">
 <head>
  <title>
</title>
<meta http-equiv="Content-Type" content="text/html;charset=utf-8" />
  <meta name='ocr-system' content='tesseract 3.04.00' />
  <meta name='ocr-capabilities' content='ocr_page ocr_carea ocr_par ocr_line ocrx_word'/>
</head>
<body>
  <div class='ocr_page' id='page_1' title='image "./rhetoricasancto00cailgoog_0368.png"; bbox 0 0 2984 4580; ppageno 0'>
   <div class='ocr_carea' id='block_1_1' title="bbox 214 363 1189 432">
    <p class='ocr_par' dir='ltr' id='par_1_1' title="bbox 214 363 1189 432">
     <span class='ocr_line' id='line_1_1' title="bbox 214 363 1189 432; baseline 0.001 -5"><span class='ocrx_word' id='word_1_1' title='bbox 214 378 315 428; x_wconf 74' lang='lat' dir='ltr'><strong>curua</strong></span> <span class='ocrx_word' id='word_1_2' title='bbox 338 384 384 426; x_wconf 88' lang='lat' dir='ltr'><strong>vr.</strong></span> <span class='ocrx_word' id='word_1_3' title='bbox 409 383 452 426; x_wconf 83' lang='lat' dir='ltr'><strong>ns</strong></span> <span class='ocrx_word' id='word_1_4' title='bbox 474 383 630 428; x_wconf 78' lang='lat' dir='ltr'><strong>urrunnu</strong></span> <span class='ocrx_word' id='word_1_5' title='bbox 645 382 681 428; x_wconf 84' lang='lat' dir='ltr'><strong>ru</strong></span> <span class='ocrx_word' id='word_1_6' title='bbox 700 381 908 428; x_wconf 79' lang='lat' dir='ltr'><strong>coucrournus</strong></span> <span class='ocrx_word' id='word_1_7' title='bbox 930 375 1097 432; x_wconf 76' lang='lat' dir='ltr'><strong>tuarum.</strong></span> <span class='ocrx_word' id='word_1_8' title='bbox 1123 363 1189 428; x_wconf 78' lang='grc'><strong>369</strong></span> 
     </span>
    </p>
   </div>
   <div class='ocr_carea' id='block_1_2' title="bbox 142 479 1290 1637">
    <p class='ocr_par' dir='ltr' id='par_1_2' title="bbox 142 479 1290 1637">
     <span class='ocr_line' id='line_1_2' title="bbox 147 479 1190 576; baseline 0 -22"><span class='ocrx_word' id='word_1_9' title='bbox 147 483 269 576; x_wconf 84' lang='lat' dir='ltr'><strong>gaudio</strong></span> <span class='ocrx_word' id='word_1_10' title='bbox 284 481 450 554; x_wconf 88' lang='lat' dir='ltr'><strong>coelestem</strong></span> <span class='ocrx_word' id='word_1_11' title='bbox 465 482 561 554; x_wconf 89' lang='lat' dir='ltr'><strong>illum</strong></span> <span class='ocrx_word' id='word_1_12' title='bbox 576 495 793 576; x_wconf 89' lang='lat' dir='ltr'><strong>sanctumque</strong></span> <span class='ocrx_word' id='word_1_13' title='bbox 807 479 996 573; x_wconf 80' lang='lat' dir='ltr'><strong>thalamum</strong></span> <span class='ocrx_word' id='word_1_14' title='bbox 1001 505 1071 554; x_wconf 90' lang='lat' dir='ltr'><strong>non</strong></span> <span class='ocrx_word' id='word_1_15' title='bbox 1084 483 1190 576; x_wconf 79' lang='lat' dir='ltr'><strong>ingre·</strong></span> 
     </span>
     <span class='ocr_line' id='line_1_3' title="bbox 147 588 1190 683; baseline 0.002 -25"><span class='ocrx_word' id='word_1_16' title='bbox 147 588 258 658; x_wconf 80' lang='lat' dir='ltr'><strong>deris?</strong></span> <span class='ocrx_word' id='word_1_17' title='bbox 272 591 376 675; x_wconf 84' lang='lat' dir='ltr'><strong>cur,d</strong></span> <span class='ocrx_word' id='word_1_18' title='bbox 393 589 521 676; x_wconf 75' lang='lat' dir='ltr'><strong>Anima,</strong></span> <span class='ocrx_word' id='word_1_19' title='bbox 536 613 589 659; x_wconf 91' lang='lat' dir='ltr'><strong>mc</strong></span> <span class='ocrx_word' id='word_1_20' title='bbox 601 590 660 683; x_wconf 90' lang='lat' dir='ltr'><strong>qui</strong></span> <span class='ocrx_word' id='word_1_21' title='bbox 670 589 778 658; x_wconf 89' lang='lat' dir='ltr'><strong>bonus</strong></span> <span class='ocrx_word' id='word_1_22' title='bbox 791 609 878 675; x_wconf 91' lang='lat' dir='ltr'><strong>sum,</strong></span> <span class='ocrx_word' id='word_1_23' title='bbox 890 590 1021 682; x_wconf 77' lang='lat' dir='ltr'><strong>tequea</strong></span> <span class='ocrx_word' id='word_1_24' title='bbox 1036 603 1143 676; x_wconf 84' lang='lat' dir='ltr'><strong>morte</strong></span> <span class='ocrx_word' id='word_1_25' title='bbox 1153 589 1190 660; x_wconf 89' lang='lat' dir='ltr'><strong>irt</strong></span> 
     </span>
     <span class='ocr_line' id='line_1_4' title="bbox 145 693 1192 789; baseline 0.001 -24"><span class='ocrx_word' id='word_1_26' title='bbox 145 695 249 765; x_wconf 88' lang='lat' dir='ltr'><strong>vitam</strong></span> <span class='ocrx_word' id='word_1_27' title='bbox 260 696 393 783; x_wconf 89' lang='lat' dir='ltr'><strong>asserui,</strong></span> <span class='ocrx_word' id='word_1_28' title='bbox 404 694 521 766; x_wconf 75' lang='lat' dir='ltr'><strong>oclisti?</strong></span> <span class='ocrx_word' id='word_1_29' title='bbox 533 699 618 787; x_wconf 84' lang='lat' dir='ltr'><strong>Ego,</strong></span> <span class='ocrx_word' id='word_1_30' title='bbox 632 693 794 781; x_wconf 73' lang='lat' dir='ltr'><strong>tauma,</strong></span> <span class='ocrx_word' id='word_1_31' title='bbox 807 694 857 766; x_wconf 86' lang='lat' dir='ltr'><strong>tui</strong></span> <span class='ocrx_word' id='word_1_32' title='bbox 868 696 1115 766; x_wconf 79' lang='lat' dir='ltr'><strong>causdmortem</strong></span> <span class='ocrx_word' id='word_1_33' title='bbox 1129 718 1192 789; x_wconf 90' lang='lat' dir='ltr'><strong>op·</strong></span> 
     </span>
     <span class='ocr_line' id='line_1_5' title="bbox 145 799 1189 896; baseline 0 -24"><span class='ocrx_word' id='word_1_34' title='bbox 145 803 244 896; x_wconf 90' lang='lat' dir='ltr'><strong>petii,</strong></span> <span class='ocrx_word' id='word_1_35' title='bbox 269 817 309 888; x_wconf 91' lang='lat' dir='ltr'><strong>ut</strong></span> <span class='ocrx_word' id='word_1_36' title='bbox 332 817 366 874; x_wconf 93' lang='lat' dir='ltr'><strong>te</strong></span> <span class='ocrx_word' id='word_1_37' title='bbox 385 799 538 896; x_wconf 86' lang='lat' dir='ltr'><strong>sponsam</strong></span> <span class='ocrx_word' id='word_1_38' title='bbox 564 801 648 872; x_wconf 90' lang='lat' dir='ltr'><strong>mihi</strong></span> <span class='ocrx_word' id='word_1_39' title='bbox 671 799 896 892; x_wconf 73' lang='lat' dir='ltr'><strong>conciliarem,</strong></span> <span class='ocrx_word' id='word_1_40' title='bbox 919 802 1037 892; x_wconf 78' lang='lat' dir='ltr'><strong>ego,d</strong></span> <span class='ocrx_word' id='word_1_41' title='bbox 1061 801 1189 889; x_wconf 89' lang='lat' dir='ltr'><strong>anima,</strong></span> 
     </span>
     <span class='ocr_line' id='line_1_6' title="bbox 144 892 1290 1002; baseline -0.003 -22"><span class='ocrx_word' id='word_1_42' title='bbox 144 932 287 1002; x_wconf 83' lang='lat' dir='ltr'><strong>regnum</strong></span> <span class='ocrx_word' id='word_1_43' title='bbox 301 909 364 982; x_wconf 92' lang='lat' dir='ltr'><strong>tibi</strong></span> <span class='ocrx_word' id='word_1_44' title='bbox 378 909 414 980; x_wconf 93' lang='lat' dir='ltr'><strong>in</strong></span> <span class='ocrx_word' id='word_1_45' title='bbox 429 905 657 978; x_wconf 77' lang='lat' dir='ltr'><strong>haereditatem</strong></span> <span class='ocrx_word' id='word_1_46' title='bbox 677 907 746 984; x_wconf 79' lang='lat' dir='ltr'><strong>sine</strong></span> <span class='ocrx_word' id='word_1_47' title='bbox 765 905 889 978; x_wconf 81' lang='lat' dir='ltr'><strong>invidit</strong></span> <span class='ocrx_word' id='word_1_48' title='bbox 906 907 1061 1000; x_wconf 72' lang='lat' dir='ltr'><strong>praestiti,</strong></span> <span class='ocrx_word' id='word_1_49' title='bbox 1075 929 1153 1000; x_wconf 82' lang='lat' dir='ltr'><strong>ego,</strong></span> <span class='ocrx_word' id='word_1_50' title='bbox 1169 909 1191 979; x_wconf 85' lang='grc' dir='ltr'><em>ὃ</em></span> <span class='ocrx_word' id='word_1_51' title='bbox 1269 892 1290 976; x_wconf 63' lang='grc'><strong>’,</strong></span> 
     </span>
     <span class='ocr_line' id='line_1_7' title="bbox 143 1012 1190 1108; baseline -0.001 -21"><span class='ocrx_word' id='word_1_52' title='bbox 143 1016 278 1103; x_wconf 78' lang='lat' dir='ltr'><strong>Anima,</strong></span> <span class='ocrx_word' id='word_1_53' title='bbox 293 1027 413 1088; x_wconf 88' lang='lat' dir='ltr'><strong>cuncta</strong></span> <span class='ocrx_word' id='word_1_54' title='bbox 428 1014 517 1086; x_wconf 90' lang='lat' dir='ltr'><strong>bona</strong></span> <span class='ocrx_word' id='word_1_55' title='bbox 533 1035 606 1084; x_wconf 91' lang='lat' dir='ltr'><strong>rnea</strong></span> <span class='ocrx_word' id='word_1_56' title='bbox 622 1012 780 1108; x_wconf 72' lang='lat' dir='ltr'><strong>tanquam</strong></span> <span class='ocrx_word' id='word_1_57' title='bbox 798 1035 855 1082; x_wconf 86' lang='lat' dir='ltr'><strong>rex</strong></span> <span class='ocrx_word' id='word_1_58' title='bbox 869 1013 929 1084; x_wconf 88' lang='lat' dir='ltr'><strong>tibi</strong></span> <span class='ocrx_word' id='word_1_59' title='bbox 943 1012 1082 1107; x_wconf 83' lang='lat' dir='ltr'><strong>largitus</strong></span> <span class='ocrx_word' id='word_1_60' title='bbox 1096 1037 1190 1107; x_wconf 71' lang='lat' dir='ltr'><strong>sum,</strong></span> 
     </span>
     <span class='ocr_line' id='line_1_8' title="bbox 143 1119 1192 1216; baseline 0.001 -23"><span class='ocrx_word' id='word_1_61' title='bbox 143 1145 218 1216; x_wconf 81' lang='lat' dir='ltr'><strong>ego,</strong></span> <span class='ocrx_word' id='word_1_62' title='bbox 233 1123 398 1208; x_wconf 78' lang='lat' dir='ltr'><strong>dlnirna,</strong></span> <span class='ocrx_word' id='word_1_63' title='bbox 412 1122 514 1192; x_wconf 91' lang='lat' dir='ltr'><strong>horno</strong></span> <span class='ocrx_word' id='word_1_64' title='bbox 529 1134 664 1215; x_wconf 90' lang='lat' dir='ltr'><strong>propter</strong></span> <span class='ocrx_word' id='word_1_65' title='bbox 673 1134 708 1192; x_wconf 82' lang='lat' dir='ltr'><strong>te</strong></span> <span class='ocrx_word' id='word_1_66' title='bbox 718 1119 826 1194; x_wconf 85' lang='lat' dir='ltr'><strong>lactus</strong></span> <span class='ocrx_word' id='word_1_67' title='bbox 836 1143 923 1208; x_wconf 91' lang='lat' dir='ltr'><strong>sum,</strong></span> <span class='ocrx_word' id='word_1_68' title='bbox 935 1135 974 1192; x_wconf 95' lang='lat' dir='ltr'><strong>ut</strong></span> <span class='ocrx_word' id='word_1_69' title='bbox 982 1121 1084 1194; x_wconf 88' lang='lat' dir='ltr'><strong>vitam</strong></span> <span class='ocrx_word' id='word_1_70' title='bbox 1099 1136 1192 1194; x_wconf 87' lang='lat' dir='ltr'><strong>tuam</strong></span> 
     </span>
     <span class='ocr_line' id='line_1_9' title="bbox 142 1225 1194 1322; baseline 0.002 -23"><span class='ocrx_word' id='word_1_71' title='bbox 142 1232 163 1299; x_wconf 76' lang='lat' dir='ltr'><strong>t</strong></span> <span class='ocrx_word' id='word_1_72' title='bbox 178 1229 394 1322; x_wconf 80' lang='lat' dir='ltr'>corruptione</span> <span class='ocrx_word' id='word_1_73' title='bbox 405 1225 597 1318; x_wconf 74' lang='lat' dir='ltr'><strong>liberarem,</strong></span> <span class='ocrx_word' id='word_1_74' title='bbox 609 1251 682 1320; x_wconf 82' lang='lat' dir='ltr'><strong>ego,</strong></span> <span class='ocrx_word' id='word_1_75' title='bbox 695 1229 716 1298; x_wconf 85' lang='grc' dir='ltr'><em>ὃ</em></span> <span class='ocrx_word' id='word_1_76' title='bbox 727 1228 859 1315; x_wconf 76' lang='lat' dir='ltr'><strong>Anima,</strong></span> <span class='ocrx_word' id='word_1_77' title='bbox 869 1228 971 1300; x_wconf 91' lang='lat' dir='ltr'><strong>vitam</strong></span> <span class='ocrx_word' id='word_1_78' title='bbox 986 1242 1080 1300; x_wconf 85' lang='lat' dir='ltr'><strong>tuan</strong></span> <span class='ocrx_word' id='word_1_79' title='bbox 1089 1252 1194 1302; x_wconf 91' lang='lat' dir='ltr'><strong>cunc·</strong></span> 
     </span>
     <span class='ocr_line' id='line_1_10' title="bbox 142 1333 1193 1428; baseline 0.002 -23"><span class='ocrx_word' id='word_1_80' title='bbox 142 1337 185 1406; x_wconf 92' lang='lat' dir='ltr'><strong>tis</strong></span> <span class='ocrx_word' id='word_1_81' title='bbox 201 1335 360 1428; x_wconf 88' lang='lat' dir='ltr'>operibus</span> <span class='ocrx_word' id='word_1_82' title='bbox 376 1333 457 1406; x_wconf 88' lang='lat' dir='ltr'><strong>meis</strong></span> <span class='ocrx_word' id='word_1_83' title='bbox 479 1333 631 1428; x_wconf 78' lang='lat' dir='ltr'><strong>praetuli,</strong></span> <span class='ocrx_word' id='word_1_84' title='bbox 648 1357 728 1426; x_wconf 84' lang='lat' dir='ltr'><strong>ego,</strong></span> <span class='ocrx_word' id='word_1_85' title='bbox 745 1333 912 1421; x_wconf 77' lang='lat' dir='ltr'><strong>dlnima,</strong></span> <span class='ocrx_word' id='word_1_86' title='bbox 930 1333 1113 1406; x_wconf 80' lang='lat' dir='ltr'><strong>thalamum</strong></span> <span class='ocrx_word' id='word_1_87' title='bbox 1130 1336 1193 1408; x_wconf 83' lang='lat' dir='ltr'><strong>ubi</strong></span> 
     </span>
     <span class='ocr_line' id='line_1_11' title="bbox 142 1438 1194 1534; baseline 0.002 -22"><span class='ocrx_word' id='word_1_88' title='bbox 142 1441 300 1512; x_wconf 83' lang='lat' dir='ltr'><strong>in&#39;coelis</strong></span> <span class='ocrx_word' id='word_1_89' title='bbox 319 1440 500 1534; x_wconf 83' lang='lat' dir='ltr'><strong>praeparavi</strong></span> <span class='ocrx_word' id='word_1_90' title='bbox 516 1440 706 1534; x_wconf 81' lang='lat' dir='ltr'>angelisque</span> <span class='ocrx_word' id='word_1_91' title='bbox 728 1438 882 1510; x_wconf 84' lang='lat' dir='ltr'><strong>mandavi</strong></span> <span class='ocrx_word' id='word_1_92' title='bbox 902 1453 941 1510; x_wconf 91' lang='lat' dir='ltr'><strong>ut</strong></span> <span class='ocrx_word' id='word_1_93' title='bbox 959 1440 996 1510; x_wconf 91' lang='lat' dir='ltr'><strong>in</strong></span> <span class='ocrx_word' id='word_1_94' title='bbox 1018 1464 1057 1512; x_wconf 89' lang='lat' dir='ltr'><strong>eo</strong></span> <span class='ocrx_word' id='word_1_95' title='bbox 1082 1444 1194 1514; x_wconf 82' lang='lat' dir='ltr'><strong>corlm</strong></span> 
     </span>
     <span class='ocr_line' id='line_1_12' title="bbox 144 1541 1195 1637; baseline 0.001 -18"><span class='ocrx_word' id='word_1_96' title='bbox 144 1563 178 1619; x_wconf 92' lang='lat' dir='ltr'><strong>te</strong></span> <span class='ocrx_word' id='word_1_97' title='bbox 200 1548 437 1632; x_wconf 84' lang='lat' dir='ltr'><strong>ministrarent,</strong></span> <span class='ocrx_word' id='word_1_98' title='bbox 451 1559 490 1616; x_wconf 92' lang='lat' dir='ltr'><strong>ut</strong></span> <span class='ocrx_word' id='word_1_99' title='bbox 505 1568 582 1616; x_wconf 89' lang='lat' dir='ltr'><strong>cum</strong></span> <span class='ocrx_word' id='word_1_100' title='bbox 597 1543 719 1636; x_wconf 81' lang='lat' dir='ltr'><strong>gaudio</strong></span> <span class='ocrx_word' id='word_1_101' title='bbox 733 1543 813 1616; x_wconf 85' lang='lat' dir='ltr'><strong>illirc</strong></span> <span class='ocrx_word' id='word_1_102' title='bbox 826 1545 976 1618; x_wconf 81' lang='lat' dir='ltr'><strong>intrares.</strong></span> <span class='ocrx_word' id='word_1_103' title='bbox 997 1541 1048 1616; x_wconf 83' lang='lat' dir='ltr'><strong>Tu</strong></span> <span class='ocrx_word' id='word_1_104' title='bbox 1061 1551 1157 1637; x_wconf 81' lang='lat' dir='ltr'><strong>vero,</strong></span> <span class='ocrx_word' id='word_1_105' title='bbox 1173 1550 1195 1620; x_wconf 83' lang='grc' dir='ltr'><strong>ὀ</strong></span> 
     </span>
    </p>
   </div>
   <div class='ocr_carea' id='block_1_3' title="bbox 142 1653 1307 1752">
    <p class='ocr_par' dir='ltr' id='par_1_3' title="bbox 142 1653 1307 1752">
     <span class='ocr_line' id='line_1_13' title="bbox 142 1653 1307 1752; baseline 0.002 -26"><span class='ocrx_word' id='word_1_106' title='bbox 142 1658 278 1742; x_wconf 74' lang='lat' dir='ltr'><strong>Anima,</strong></span> <span class='ocrx_word' id='word_1_107' title='bbox 294 1678 348 1724; x_wconf 83' lang='lat' dir='ltr'><strong>ure</strong></span> <span class='ocrx_word' id='word_1_108' title='bbox 362 1653 529 1724; x_wconf 83' lang='lat' dir='ltr'><strong>coelestem</strong></span> <span class='ocrx_word' id='word_1_109' title='bbox 545 1677 703 1747; x_wconf 87' lang='lat' dir='ltr'><strong>sponsum</strong></span> <span class='ocrx_word' id='word_1_110' title='bbox 719 1667 753 1724; x_wconf 90' lang='lat' dir='ltr'><strong>et</strong></span> <span class='ocrx_word' id='word_1_111' title='bbox 767 1653 948 1726; x_wconf 81' lang='lat' dir='ltr'><strong>ineffabilia</strong></span> <span class='ocrx_word' id='word_1_112' title='bbox 964 1679 1040 1749; x_wconf 85' lang='lat' dir='ltr'><strong>quae</strong></span> <span class='ocrx_word' id='word_1_113' title='bbox 1056 1657 1117 1728; x_wconf 90' lang='lat' dir='ltr'><strong>tibi</strong></span> <span class='ocrx_word' id='word_1_114' title='bbox 1131 1682 1194 1752; x_wconf 90' lang='lat' dir='ltr'><strong>pa·</strong></span> <span class='ocrx_word' id='word_1_115' title='bbox 1295 1724 1307 1751; x_wconf 50' lang='grc' dir='ltr'>τ</span> 
     </span>
    </p>
   </div>
   <div class='ocr_carea' id='block_1_4' title="bbox 98 1762 1217 3773">
    <p class='ocr_par' dir='ltr' id='par_1_4' title="bbox 98 1762 1217 2184">
     <span class='ocr_line' id='line_1_14' title="bbox 141 1762 1194 1858; baseline -0.003 -22"><span class='ocrx_word' id='word_1_116' title='bbox 141 1766 215 1836; x_wconf 88' lang='lat' dir='ltr'><strong>ravi</strong></span> <span class='ocrx_word' id='word_1_117' title='bbox 240 1764 329 1836; x_wconf 86' lang='lat' dir='ltr'><strong>bona</strong></span> <span class='ocrx_word' id='word_1_118' title='bbox 343 1763 503 1857; x_wconf 84' lang='lat' dir='ltr'><strong>sprevisti.</strong></span> <span class='ocrx_word' id='word_1_119' title='bbox 529 1763 595 1834; x_wconf 89' lang='lat' dir='ltr'><strong>Sed</strong></span> <span class='ocrx_word' id='word_1_120' title='bbox 612 1762 708 1856; x_wconf 89' lang='lat' dir='ltr'><strong>quis,</strong></span> <span class='ocrx_word' id='word_1_121' title='bbox 726 1785 851 1856; x_wconf 83' lang='lat' dir='ltr'><strong>quaeso,</strong></span> <span class='ocrx_word' id='word_1_122' title='bbox 868 1762 1018 1854; x_wconf 82' lang='lat' dir='ltr'><strong>praeferri</strong></span> <span class='ocrx_word' id='word_1_123' title='bbox 1032 1764 1114 1838; x_wconf 89' lang='lat' dir='ltr'><strong>mihi</strong></span> <span class='ocrx_word' id='word_1_124' title='bbox 1130 1788 1194 1858; x_wconf 90' lang='lat' dir='ltr'><strong>po·</strong></span> 
     </span>
     <span class='ocr_line' id='line_1_15' title="bbox 131 1867 1217 1967; baseline 0.002 -32"><span class='ocrx_word' id='word_1_125' title='bbox 131 1887 225 1960; x_wconf 86' lang='lat' dir='ltr'><strong>test,</strong></span> <span class='ocrx_word' id='word_1_126' title='bbox 240 1873 300 1967; x_wconf 91' lang='lat' dir='ltr'><strong>qui</strong></span> <span class='ocrx_word' id='word_1_127' title='bbox 309 1895 360 1940; x_wconf 90' lang='lat' dir='ltr'><strong>res</strong></span> <span class='ocrx_word' id='word_1_128' title='bbox 375 1893 490 1941; x_wconf 90' lang='lat' dir='ltr'><strong>omnes</strong></span> <span class='ocrx_word' id='word_1_129' title='bbox 501 1882 625 1940; x_wconf 89' lang='lat' dir='ltr'><strong>creatas</strong></span> <span class='ocrx_word' id='word_1_130' title='bbox 637 1869 719 1938; x_wconf 90' lang='lat' dir='ltr'><strong>meis</strong></span> <span class='ocrx_word' id='word_1_131' title='bbox 738 1867 1002 1940; x_wconf 84' lang='lat' dir='ltr'><strong>miserationibus</strong></span> <span class='ocrx_word' id='word_1_132' title='bbox 1016 1875 1195 1944; x_wconf 80' lang='lat' dir='ltr'><strong>conservet</strong></span> <span class='ocrx_word' id='word_1_133' title='bbox 1215 1927 1217 1937; x_wconf 88' lang='grc'>,</span> 
     </span>
     <span class='ocr_line' id='line_1_16' title="bbox 140 1975 1194 2072; baseline -0.002 -22"><span class='ocrx_word' id='word_1_134' title='bbox 140 1981 226 2065; x_wconf 86' lang='lat' dir='ltr'><strong>Quis</strong></span> <span class='ocrx_word' id='word_1_135' title='bbox 248 1993 348 2072; x_wconf 89' lang='lat' dir='ltr'><strong>pater</strong></span> <span class='ocrx_word' id='word_1_136' title='bbox 363 1977 464 2050; x_wconf 91' lang='lat' dir='ltr'><strong>vitam</strong></span> <span class='ocrx_word' id='word_1_137' title='bbox 486 1975 589 2046; x_wconf 92' lang='lat' dir='ltr'><strong>donat</strong></span> <span class='ocrx_word' id='word_1_138' title='bbox 603 1989 643 2046; x_wconf 90' lang='lat' dir='ltr'><strong>ut</strong></span> <span class='ocrx_word' id='word_1_139' title='bbox 662 1997 740 2068; x_wconf 85' lang='lat' dir='ltr'><strong>ego,</strong></span> <span class='ocrx_word' id='word_1_140' title='bbox 762 1996 862 2068; x_wconf 90' lang='lat' dir='ltr'><strong>quem</strong></span> <span class='ocrx_word' id='word_1_141' title='bbox 884 1987 939 2062; x_wconf 92' lang='lat' dir='ltr'><strong>tu,</strong></span> <span class='ocrx_word' id='word_1_142' title='bbox 957 1976 1096 2063; x_wconf 82' lang='lat' dir='ltr'><strong>Anima,</strong></span> <span class='ocrx_word' id='word_1_143' title='bbox 1114 1977 1194 2048; x_wconf 87' lang='lat' dir='ltr'><strong>reli-</strong></span> 
     </span>
     <span class='ocr_line' id='line_1_17' title="bbox 98 2081 1192 2184; baseline -0.006 -25"><span class='ocrx_word' id='word_1_144' title='bbox 98 2093 103 2099; x_wconf 86' lang='lat'><em>&#39;</em></span> <span class='ocrx_word' id='word_1_145' title='bbox 139 2087 267 2184; x_wconf 82' lang='lat' dir='ltr'><strong>quisti,</strong></span> <span class='ocrx_word' id='word_1_146' title='bbox 285 2101 319 2158; x_wconf 89' lang='lat' dir='ltr'><strong>et</strong></span> <span class='ocrx_word' id='word_1_147' title='bbox 334 2081 478 2156; x_wconf 84' lang='lat' dir='ltr'><strong>alienum</strong></span> <span class='ocrx_word' id='word_1_148' title='bbox 494 2081 638 2177; x_wconf 92' lang='lat' dir='ltr'><strong>odioque</strong></span> <span class='ocrx_word' id='word_1_149' title='bbox 649 2081 878 2184; x_wconf 77' lang='lat' dir='ltr'><strong>dignissimum</strong></span> <span class='ocrx_word' id='word_1_150' title='bbox 888 2083 1108 2175; x_wconf 86' lang='lat' dir='ltr'><strong>concupivisti</strong></span> <span class='ocrx_word' id='word_1_151' title='bbox 1124 2086 1192 2152; x_wconf 73' lang='lat'><strong>¹2»</strong></span> 
     </span>
    </p>

    <p class='ocr_par' dir='ltr' id='par_1_5' title="bbox 133 2187 1195 3124">
     <span class='ocr_line' id='line_1_18' title="bbox 187 2187 1195 2286; baseline -0.005 -21"><span class='ocrx_word' id='word_1_152' title='bbox 187 2198 249 2265; x_wconf 79' lang='lat'><strong>34⁰</strong></span> <span class='ocrx_word' id='word_1_153' title='bbox 273 2193 474 2286; x_wconf 66' lang='lat' dir='ltr'><strong>adjiciamus</strong></span> <span class='ocrx_word' id='word_1_154' title='bbox 487 2190 542 2260; x_wconf 89' lang='lat' dir='ltr'><strong>hic</strong></span> <span class='ocrx_word' id='word_1_155' title='bbox 554 2189 666 2274; x_wconf 86' lang='lat' dir='ltr'><strong>etiam,</strong></span> <span class='ocrx_word' id='word_1_156' title='bbox 684 2188 711 2257; x_wconf 91' lang='lat' dir='ltr'><strong>si</strong></span> <span class='ocrx_word' id='word_1_157' title='bbox 726 2187 836 2276; x_wconf 92' lang='lat' dir='ltr'><strong>vultis,</strong></span> <span class='ocrx_word' id='word_1_158' title='bbox 854 2188 1006 2282; x_wconf 86' lang='lat' dir='ltr'><strong>quaedam</strong></span> <span class='ocrx_word' id='word_1_159' title='bbox 1023 2188 1066 2260; x_wconf 91' lang='lat' dir='ltr'><strong>de</strong></span> <span class='ocrx_word' id='word_1_160' title='bbox 1086 2190 1195 2260; x_wconf 83' lang='lat' dir='ltr'><strong>Conr-</strong></span> 
     </span>
     <span class='ocr_line' id='line_1_19' title="bbox 137 2291 1194 2396; baseline -0.004 -24"><span class='ocrx_word' id='word_1_161' title='bbox 137 2296 415 2396; x_wconf 81' lang='lat' dir='ltr'><strong>pa&#39;ratiom&#39;bus,</strong></span> <span class='ocrx_word' id='word_1_162' title='bbox 426 2320 503 2392; x_wconf 82' lang='lat' dir='ltr'><strong>quae</strong></span> <span class='ocrx_word' id='word_1_163' title='bbox 515 2295 620 2387; x_wconf 75' lang='lat' dir='ltr'><strong>graece</strong></span> <span class='ocrx_word' id='word_1_164' title='bbox 634 2291 830 2366; x_wconf 83' lang='lat' dir='ltr'><strong>Parallela</strong></span> <span class='ocrx_word' id='word_1_165' title='bbox 841 2293 1009 2380; x_wconf 87' lang='lat' dir='ltr'><strong>dicuntur,</strong></span> <span class='ocrx_word' id='word_1_166' title='bbox 1024 2295 1146 2387; x_wconf 87' lang='lat' dir='ltr'><strong>quibus</strong></span> <span class='ocrx_word' id='word_1_167' title='bbox 1155 2297 1194 2368; x_wconf 86' lang='lat' dir='ltr'><strong>tit</strong></span> 
     </span>
     <span class='ocr_line' id='line_1_20' title="bbox 139 2398 1195 2493; baseline -0.006 -13"><span class='ocrx_word' id='word_1_168' title='bbox 139 2424 181 2480; x_wconf 93' lang='lat' dir='ltr'><strong>ut</strong></span> <span class='ocrx_word' id='word_1_169' title='bbox 204 2407 341 2478; x_wconf 91' lang='lat' dir='ltr'><strong>duabus</strong></span> <span class='ocrx_word' id='word_1_170' title='bbox 364 2405 451 2475; x_wconf 86' lang='lat' dir='ltr'><strong>inter</strong></span> <span class='ocrx_word' id='word_1_171' title='bbox 470 2425 505 2474; x_wconf 90' lang='lat' dir='ltr'><strong>se</strong></span> <span class='ocrx_word' id='word_1_172' title='bbox 526 2402 625 2472; x_wconf 88' lang='lat' dir='ltr'><strong>rebus</strong></span> <span class='ocrx_word' id='word_1_173' title='bbox 646 2399 791 2486; x_wconf 78' lang='lat' dir='ltr'><strong>adflatis,</strong></span> <span class='ocrx_word' id='word_1_174' title='bbox 818 2401 924 2493; x_wconf 86' lang='lat' dir='ltr'><strong>major</strong></span> <span class='ocrx_word' id='word_1_175' title='bbox 947 2398 1076 2470; x_wconf 87' lang='lat' dir='ltr'><strong>elicitur</strong></span> <span class='ocrx_word' id='word_1_176' title='bbox 1095 2401 1195 2474; x_wconf 88' lang='lat' dir='ltr'><strong>unius</strong></span> 
     </span>
     <span class='ocr_line' id='line_1_21' title="bbox 137 2504 1195 2608; baseline -0.003 -24"><span class='ocrx_word' id='word_1_177' title='bbox 137 2513 354 2608; x_wconf 83' lang='lat' dir='ltr'><strong>praestantia,</strong></span> <span class='ocrx_word' id='word_1_178' title='bbox 380 2525 415 2581; x_wconf 92' lang='lat' dir='ltr'><strong>et</strong></span> <span class='ocrx_word' id='word_1_179' title='bbox 437 2509 569 2580; x_wconf 85' lang='lat' dir='ltr'><strong>alterius</strong></span> <span class='ocrx_word' id='word_1_180' title='bbox 589 2504 749 2578; x_wconf 86' lang='lat' dir='ltr'><strong>defectus.</strong></span> <span class='ocrx_word' id='word_1_181' title='bbox 771 2505 930 2578; x_wconf 87' lang='lat' dir='ltr'><strong>Mirabilis</strong></span> <span class='ocrx_word' id='word_1_182' title='bbox 955 2507 1135 2599; x_wconf 88' lang='lat' dir='ltr'><strong>praesertim</strong></span> <span class='ocrx_word' id='word_1_183' title='bbox 1157 2507 1195 2580; x_wconf 89' lang='lat' dir='ltr'><strong>in</strong></span> 
     </span>
     <span class='ocr_line' id='line_1_22' title="bbox 135 2614 1194 2722; baseline -0.006 -30"><span class='ocrx_word' id='word_1_184' title='bbox 135 2623 203 2692; x_wconf 74' lang='lat' dir='ltr'><strong>hle</strong></span> <span class='ocrx_word' id='word_1_185' title='bbox 226 2633 324 2714; x_wconf 89' lang='lat' dir='ltr'><strong>parte</strong></span> <span class='ocrx_word' id='word_1_186' title='bbox 343 2616 475 2722; x_wconf 80' lang='lat' dir='ltr'><strong>videtur</strong></span> <span class='ocrx_word' id='word_1_187' title='bbox 494 2614 590 2685; x_wconf 89' lang='lat' dir='ltr'><strong>divus</strong></span> <span class='ocrx_word' id='word_1_188' title='bbox 608 2614 881 2703; x_wconf 85' lang='lat' dir='ltr'><strong>Chrysostomus,</strong></span> <span class='ocrx_word' id='word_1_189' title='bbox 902 2627 942 2684; x_wconf 90' lang='lat' dir='ltr'><strong>ut</strong></span> <span class='ocrx_word' id='word_1_190' title='bbox 963 2627 1054 2706; x_wconf 89' lang='lat' dir='ltr'><strong>patet</strong></span> <span class='ocrx_word' id='word_1_191' title='bbox 1071 2637 1110 2685; x_wconf 91' lang='lat' dir='ltr'><strong>ex</strong></span> <span class='ocrx_word' id='word_1_192' title='bbox 1131 2615 1194 2686; x_wconf 75' lang='lat' dir='ltr'><strong>hic</strong></span> 
     </span>
     <span class='ocr_line' id='line_1_23' title="bbox 134 2718 1194 2810; baseline -0.007 -10"><span class='ocrx_word' id='word_1_193' title='bbox 134 2727 299 2810; x_wconf 82' lang='lat' dir='ltr'><strong>homilia,</strong></span> <span class='ocrx_word' id='word_1_194' title='bbox 317 2723 377 2795; x_wconf 91' lang='lat' dir='ltr'><strong>ubi</strong></span> <span class='ocrx_word' id='word_1_195' title='bbox 391 2734 485 2792; x_wconf 88' lang='lat' dir='ltr'><strong>tauto</strong></span> <span class='ocrx_word' id='word_1_196' title='bbox 501 2741 578 2789; x_wconf 90' lang='lat' dir='ltr'><strong>cum</strong></span> <span class='ocrx_word' id='word_1_197' title='bbox 594 2718 727 2809; x_wconf 86' lang='lat' dir='ltr'><strong>ingenio</strong></span> <span class='ocrx_word' id='word_1_198' title='bbox 744 2719 844 2788; x_wconf 89' lang='lat' dir='ltr'><strong>vitam</strong></span> <span class='ocrx_word' id='word_1_199' title='bbox 859 2720 1099 2792; x_wconf 83' lang='lat' dir='ltr'><strong>Monachorum</strong></span> <span class='ocrx_word' id='word_1_200' title='bbox 1116 2744 1194 2793; x_wconf 88' lang='lat' dir='ltr'><strong>cum</strong></span> 
     </span>
     <span class='ocr_line' id='line_1_24' title="bbox 135 2815 1193 2916; baseline -0.011 -7"><span class='ocrx_word' id='word_1_201' title='bbox 135 2831 364 2910; x_wconf 84' lang='lat' dir='ltr'><strong>Saecularium</strong></span> <span class='ocrx_word' id='word_1_202' title='bbox 384 2827 451 2896; x_wconf 81' lang='lat' dir='ltr'><strong>vita</strong></span> <span class='ocrx_word' id='word_1_203' title='bbox 467 2822 615 2912; x_wconf 80' lang='lat' dir='ltr'><strong>confert,</strong></span> <span class='ocrx_word' id='word_1_204' title='bbox 634 2837 673 2895; x_wconf 93' lang='lat' dir='ltr'><strong>ut</strong></span> <span class='ocrx_word' id='word_1_205' title='bbox 688 2824 783 2894; x_wconf 91' lang='lat' dir='ltr'><strong>beata</strong></span> <span class='ocrx_word' id='word_1_206' title='bbox 795 2815 913 2915; x_wconf 89' lang='lat' dir='ltr'><strong>prior,</strong></span> <span class='ocrx_word' id='word_1_207' title='bbox 931 2825 1092 2916; x_wconf 84' lang='lat' dir='ltr'><strong>posterior</strong></span> <span class='ocrx_word' id='word_1_208' title='bbox 1113 2830 1193 2898; x_wconf 82' lang='lat' dir='ltr'><strong>verd</strong></span> 
     </span>
     <span class='ocr_line' id='line_1_25' title="bbox 133 2928 1192 3024; baseline -0.011 -10"><span class='ocrx_word' id='word_1_209' title='bbox 133 2944 265 3014; x_wconf 88' lang='lat' dir='ltr'><strong>misera</strong></span> <span class='ocrx_word' id='word_1_210' title='bbox 279 2933 460 3009; x_wconf 80' lang='lat' dir='ltr'><strong>admodum</strong></span> <span class='ocrx_word' id='word_1_211' title='bbox 480 2931 633 3003; x_wconf 90' lang='lat' dir='ltr'><strong>omnibus</strong></span> <span class='ocrx_word' id='word_1_212' title='bbox 647 2928 857 3001; x_wconf 87' lang='lat' dir='ltr'><strong>audientibus</strong></span> <span class='ocrx_word' id='word_1_213' title='bbox 872 2943 1039 3024; x_wconf 87' lang='lat' dir='ltr'><strong>appareat.</strong></span> <span class='ocrx_word' id='word_1_214' title='bbox 1059 2930 1112 3004; x_wconf 90' lang='lat' dir='ltr'><strong>Sic</strong></span> <span class='ocrx_word' id='word_1_215' title='bbox 1129 2955 1192 3002; x_wconf 88' lang='lat' dir='ltr'><strong>au·</strong></span> 
     </span>
     <span class='ocr_line' id='line_1_26' title="bbox 133 3045 308 3124; baseline -0.063 0"><span class='ocrx_word' id='word_1_216' title='bbox 133 3067 206 3124; x_wconf 89' lang='lat' dir='ltr'><strong>tem</strong></span> <span class='ocrx_word' id='word_1_217' title='bbox 219 3045 282 3118; x_wconf 92' lang='lat' dir='ltr'><strong>ille</strong></span> <span class='ocrx_word' id='word_1_218' title='bbox 301 3072 308 3114; x_wconf 92' lang='lat'><strong>:</strong></span> 
     </span>
    </p>

    <p class='ocr_par' dir='ltr' id='par_1_6' title="bbox 135 3139 1208 3773">
     <span class='ocr_line' id='line_1_27' title="bbox 185 3139 1208 3238; baseline -0.004 -16"><span class='ocrx_word' id='word_1_219' title='bbox 185 3185 203 3222; x_wconf 79' lang='lat' dir='ltr'><strong>a</strong></span> <span class='ocrx_word' id='word_1_220' title='bbox 218 3151 326 3235; x_wconf 38' lang='lat' dir='ltr'><strong>*Quid</strong></span> <span class='ocrx_word' id='word_1_221' title='bbox 347 3146 444 3218; x_wconf 92' lang='lat' dir='ltr'><strong>dulce</strong></span> <span class='ocrx_word' id='word_1_222' title='bbox 464 3147 501 3214; x_wconf 90' lang='lat' dir='ltr'><strong>in</strong></span> <span class='ocrx_word' id='word_1_223' title='bbox 525 3139 677 3238; x_wconf 84' lang='lat' dir='ltr'><strong>praesenti</strong></span> <span class='ocrx_word' id='word_1_224' title='bbox 703 3143 771 3212; x_wconf 81' lang='lat' dir='ltr'><strong>virt</strong></span> <span class='ocrx_word' id='word_1_225' title='bbox 793 3145 861 3214; x_wconf 76' lang='lat' dir='ltr'><strong>esti</strong></span> <span class='ocrx_word' id='word_1_226' title='bbox 883 3141 965 3236; x_wconf 90' lang='lat' dir='ltr'><strong>quid</strong></span> <span class='ocrx_word' id='word_1_227' title='bbox 981 3143 1208 3238; x_wconf 53' lang='lat' dir='ltr'><strong>jucundum?</strong></span> 
     </span>
     <span class='ocr_line' id='line_1_28' title="bbox 136 3249 1192 3348; baseline -0.009 -14"><span class='ocrx_word' id='word_1_228' title='bbox 136 3267 227 3338; x_wconf 77' lang='lat' dir='ltr'><strong>Nlm</strong></span> <span class='ocrx_word' id='word_1_229' title='bbox 251 3281 328 3329; x_wconf 90' lang='lat' dir='ltr'><strong>cum</strong></span> <span class='ocrx_word' id='word_1_230' title='bbox 348 3256 470 3348; x_wconf 84' lang='lat' dir='ltr'><strong>majore</strong></span> <span class='ocrx_word' id='word_1_231' title='bbox 481 3251 604 3321; x_wconf 81' lang='lat' dir='ltr'><strong>fiducid</strong></span> <span class='ocrx_word' id='word_1_232' title='bbox 619 3273 676 3322; x_wconf 91' lang='lat' dir='ltr'><strong>vos</strong></span> <span class='ocrx_word' id='word_1_233' title='bbox 692 3249 816 3342; x_wconf 89' lang='lat' dir='ltr'><strong>alloqui</strong></span> <span class='ocrx_word' id='word_1_234' title='bbox 831 3250 931 3320; x_wconf 76' lang='lat' dir='ltr'><strong>hodie</strong></span> <span class='ocrx_word' id='word_1_235' title='bbox 943 3249 1020 3321; x_wconf 90' lang='lat' dir='ltr'><strong>volo</strong></span> <span class='ocrx_word' id='word_1_236' title='bbox 1037 3279 1045 3322; x_wconf 81' lang='lat' dir='ltr'><strong>r</strong></span> <span class='ocrx_word' id='word_1_237' title='bbox 1061 3251 1119 3322; x_wconf 91' lang='lat' dir='ltr'><strong>sed</strong></span> <span class='ocrx_word' id='word_1_238' title='bbox 1137 3275 1192 3324; x_wconf 90' lang='lat' dir='ltr'><strong>me</strong></span> 
     </span>
     <span class='ocr_line' id='line_1_29' title="bbox 136 3356 1193 3456; baseline -0.017 -13"><span class='ocrx_word' id='word_1_239' title='bbox 136 3370 243 3456; x_wconf 88' lang='lat' dir='ltr'><strong>ferte,</strong></span> <span class='ocrx_word' id='word_1_240' title='bbox 258 3379 298 3438; x_wconf 91' lang='lat' dir='ltr'><strong>ut</strong></span> <span class='ocrx_word' id='word_1_241' title='bbox 313 3361 443 3434; x_wconf 88' lang='lat' dir='ltr'><strong>discatis</strong></span> <span class='ocrx_word' id='word_1_242' title='bbox 455 3359 556 3440; x_wconf 81' lang='lat' dir='ltr'><strong>vitam</strong></span> <span class='ocrx_word' id='word_1_243' title='bbox 567 3380 643 3450; x_wconf 87' lang='lat' dir='ltr'><strong>quae</strong></span> <span class='ocrx_word' id='word_1_244' title='bbox 656 3356 740 3426; x_wconf 90' lang='lat' dir='ltr'><strong>dura</strong></span> <span class='ocrx_word' id='word_1_245' title='bbox 752 3369 786 3424; x_wconf 87' lang='lat' dir='ltr'><strong>et</strong></span> <span class='ocrx_word' id='word_1_246' title='bbox 800 3377 935 3424; x_wconf 88' lang='lat' dir='ltr'><strong>onerosa</strong></span> <span class='ocrx_word' id='word_1_247' title='bbox 951 3356 1101 3443; x_wconf 90' lang='lat' dir='ltr'><strong>videtur,</strong></span> <span class='ocrx_word' id='word_1_248' title='bbox 1117 3363 1193 3432; x_wconf 83' lang='grc' dir='ltr'><strong>Μο-</strong></span> 
     </span>
     <span class='ocr_line' id='line_1_30' title="bbox 137 3460 1191 3556; baseline -0.013 -5"><span class='ocrx_word' id='word_1_249' title='bbox 137 3479 333 3550; x_wconf 88' lang='lat' dir='ltr'><strong>uachorum</strong></span> <span class='ocrx_word' id='word_1_250' title='bbox 357 3467 481 3542; x_wconf 76' lang='lat' dir='ltr'><strong>scilicet</strong></span> <span class='ocrx_word' id='word_1_251' title='bbox 503 3479 538 3536; x_wconf 90' lang='lat' dir='ltr'><strong>et</strong></span> <span class='ocrx_word' id='word_1_252' title='bbox 561 3485 676 3534; x_wconf 88' lang='lat' dir='ltr'><strong>eorum</strong></span> <span class='ocrx_word' id='word_1_253' title='bbox 691 3462 750 3556; x_wconf 91' lang='lat' dir='ltr'><strong>qui</strong></span> <span class='ocrx_word' id='word_1_254' title='bbox 773 3460 913 3555; x_wconf 86' lang='lat' dir='ltr'><strong>seipsos</strong></span> <span class='ocrx_word' id='word_1_255' title='bbox 937 3463 1191 3554; x_wconf 81' lang='lat' dir='ltr'><strong>crucifixerunt,</strong></span> 
     </span>
     <span class='ocr_line' id='line_1_31' title="bbox 135 3569 1195 3680; baseline -0.018 -18"><span class='ocrx_word' id='word_1_256' title='bbox 135 3587 247 3680; x_wconf 74' lang='lat' dir='ltr'><strong>longe</strong></span> <span class='ocrx_word' id='word_1_257' title='bbox 268 3580 452 3653; x_wconf 89' lang='lat' dir='ltr'><strong>dulciorem</strong></span> <span class='ocrx_word' id='word_1_258' title='bbox 467 3570 833 3662; x_wconf 77' lang='lat' dir='ltr'><strong>desiderabilioremque</strong></span> <span class='ocrx_word' id='word_1_259' title='bbox 847 3591 916 3640; x_wconf 88' lang='lat' dir='ltr'><strong>esse</strong></span> <span class='ocrx_word' id='word_1_260' title='bbox 931 3569 993 3638; x_wconf 70' lang='lat' dir='ltr'><strong>hic</strong></span> <span class='ocrx_word' id='word_1_261' title='bbox 1014 3570 1081 3640; x_wconf 81' lang='lat' dir='ltr'><strong>vira</strong></span> <span class='ocrx_word' id='word_1_262' title='bbox 1094 3623 1104 3658; x_wconf 90' lang='lat'><strong>,</strong></span> <span class='ocrx_word' id='word_1_263' title='bbox 1117 3597 1195 3666; x_wconf 75' lang='lat' dir='ltr'><strong>quae</strong></span> 
     </span>
     <span class='ocr_line' id='line_1_32' title="bbox 136 3677 1197 3773; baseline -0.017 -2"><span class='ocrx_word' id='word_1_264' title='bbox 136 3697 282 3770; x_wconf 90' lang='lat' dir='ltr'><strong>videtur</strong></span> <span class='ocrx_word' id='word_1_265' title='bbox 307 3687 437 3760; x_wconf 86' lang='lat' dir='ltr'><strong>suavior</strong></span> <span class='ocrx_word' id='word_1_266' title='bbox 462 3681 710 3773; x_wconf 85' lang='lat' dir='ltr'><strong>delicatiorque.</strong></span> <span class='ocrx_word' id='word_1_267' title='bbox 737 3680 912 3772; x_wconf 86' lang='lat' dir='ltr'><strong>Hujusque</strong></span> <span class='ocrx_word' id='word_1_268' title='bbox 936 3677 984 3746; x_wconf 90' lang='lat' dir='ltr'><strong>rei</strong></span> <span class='ocrx_word' id='word_1_269' title='bbox 1013 3690 1112 3750; x_wconf 91' lang='lat' dir='ltr'><strong>testes</strong></span> <span class='ocrx_word' id='word_1_270' title='bbox 1138 3703 1197 3752; x_wconf 88' lang='lat' dir='ltr'><strong>vos</strong></span> 
     </span>
    </p>
   </div>
   <div class='ocr_carea' id='block_1_5' title="bbox 137 3783 1197 3892">
    <p class='ocr_par' dir='ltr' id='par_1_7' title="bbox 137 3783 1197 3892">
     <span class='ocr_line' id='line_1_33' title="bbox 137 3783 1197 3892; baseline -0.02 -15"><span class='ocrx_word' id='word_1_271' title='bbox 137 3804 244 3888; x_wconf 88' lang='lat' dir='ltr'><strong>estis,</strong></span> <span class='ocrx_word' id='word_1_272' title='bbox 263 3797 322 3892; x_wconf 88' lang='lat' dir='ltr'><strong>qui</strong></span> <span class='ocrx_word' id='word_1_273' title='bbox 337 3792 424 3886; x_wconf 74' lang='lat' dir='ltr'><strong>saepe</strong></span> <span class='ocrx_word' id='word_1_274' title='bbox 439 3792 473 3860; x_wconf 90' lang='lat' dir='ltr'><strong>in</strong></span> <span class='ocrx_word' id='word_1_275' title='bbox 486 3785 738 3871; x_wconf 85' lang='lat' dir='ltr'><strong>¹calamitatibus</strong></span> <span class='ocrx_word' id='word_1_276' title='bbox 757 3797 791 3856; x_wconf 91' lang='lat' dir='ltr'><strong>et</strong></span> <span class='ocrx_word' id='word_1_277' title='bbox 807 3783 962 3856; x_wconf 88' lang='lat' dir='ltr'><strong>aerumnis</strong></span> <span class='ocrx_word' id='word_1_278' title='bbox 976 3797 1117 3856; x_wconf 86' lang='lat' dir='ltr'><strong>mortem</strong></span> <span class='ocrx_word' id='word_1_279' title='bbox 1132 3809 1197 3882; x_wconf 95' lang='lat' dir='ltr'><strong>op-</strong></span> 
     </span>
    </p>
   </div>
   <div class='ocr_carea' id='block_1_6' title="bbox 179 3918 1168 4077">
    <p class='ocr_par' dir='ltr' id='par_1_8' title="bbox 179 3918 1168 4077">
     <span class='ocr_line' id='line_1_34' title="bbox 179 3918 1168 4059; baseline -0.012 -85"><span class='ocrx_word' id='word_1_280' title='bbox 179 3945 188 3974; x_wconf 87' lang='grc' dir='ltr'>ι</span> <span class='ocrx_word' id='word_1_281' title='bbox 206 3937 235 3986; x_wconf 82' lang='lat' dir='ltr'><strong>s,</strong></span> <span class='ocrx_word' id='word_1_282' title='bbox 253 3928 374 3996; x_wconf 70' lang='lat' dir='ltr'><strong>[aphram.</strong></span> <span class='ocrx_word' id='word_1_283' title='bbox 387 3918 631 3976; x_wconf 65' lang='lat' dir='ltr'><strong>commentust.</strong></span> <span class='ocrx_word' id='word_1_284' title='bbox 644 3935 670 3969; x_wconf 87' lang='lat' dir='ltr'><strong>n.</strong></span> <span class='ocrx_word' id='word_1_285' title='bbox 687 3933 711 3982; x_wconf 90' lang='lat' dir='ltr'><strong>r,</strong></span> <span class='ocrx_word' id='word_1_286' title='bbox 723 3928 749 3968; x_wconf 84' lang='lat' dir='ltr'><strong>a.</strong></span> <span class='ocrx_word' id='word_1_287' title='bbox 992 3965 1043 4059; x_wconf 49' lang='grc' dir='ltr'><strong>ᾗ,</strong></span> <span class='ocrx_word' id='word_1_288' title='bbox 1163 3963 1168 3972; x_wconf 83' lang='grc'><em>,</em></span> 
     </span>
     <span class='ocr_line' id='line_1_35' title="bbox 250 4029 288 4077; baseline -0.053 0"><span class='ocrx_word' id='word_1_289' title='bbox 250 4029 288 4077; x_wconf 81' lang='lat' dir='ltr'><strong>ll.</strong></span> 
     </span>
    </p>
   </div>
   <div class='ocr_carea' id='block_1_7' title="bbox 0 0 1496 4580">
    <p class='ocr_par' dir='ltr' id='par_1_9' title="bbox 0 0 1496 4580">
     <span class='ocr_line' id='line_1_36' title="bbox 0 0 1496 4580; baseline 0 0"><span class='ocrx_word' id='word_1_290' title='bbox 0 0 1496 4580; x_wconf 95' lang='lat' dir='ltr'><strong> </strong></span> 
     </span>
    </p>
   </div>
  </div>
 </body>
</html>
