2996 4598
341 514 344 521 .
430 443 433 450 ’
461 449 562 520 creua
585 455 609 497 1.
635 453 678 497 nn
699 450 916 498 coracrormunr
939 455 1031 499 annu.
1246 437 1267 496 5

226 551 368 647 episcopi
386 553 447 649 qui
464 551 598 647 plebem
620 547 728 622 suerat
750 550 923 622 allocutus.
943 551 1088 623 Similem
1108 564 1268 622 servatam
1336 549 1338 555 ’

225 661 498 731 consuetudinem
521 659 681 752 reperies,
699 658 766 728 sive
786 659 875 751 apud
892 663 925 730 S.
940 659 1187 746 Ambrosium¹,
1201 660 1269 730 sive

225 767 314 858 apud
330 769 362 836 S.
384 765 547 857 Cyrillum
565 764 864 852 Alexandrinum,
881 766 948 836 sive
969 765 1059 860 apud
1081 769 1115 837 S.
1135 771 1270 835 Petrum

153 902 156 908 ’
224 872 573 966 Chrysologum³,sive
589 871 680 966 apud
690 873 723 941 S.
739 873 919 941 Caesarium
932 871 1192 964 Arelatensem⁴3
1203 874 1272 942 imo

224 993 258 1048 et
275 983 308 1050 8.
322 981 497 1070 Gregorius
504 983 672 1069 Nyssenus
688 977 730 1046 ad
741 975 1014 1072 Amphilochium
1026 979 1184 1063 scribens,
1198 1001 1270 1048 eam

225 1087 267 1156 ab
283 1086 434 1157 Helladio
453 1073 644 1158 Caesariensi
659 1085 813 1179 episcopo
836 1084 1021 1176 neglectam
1043 1087 1268 1180 conqueritur.
1355 1094 1360 1102 '

224 1197 324 1263 Extat
339 1195 492 1264 etiamad
507 1192 549 1262 de
565 1215 599 1262 re
615 1191 786 1262 decretum
809 1192 845 1260 in
862 1189 1002 1261 concilio
1024 1193 1273 1282 Carthaginensi

123 1297 125 1302 ’
223 1299 413 1394 quarto,his
421 1299 528 1371 verbis
537 1299 858 1392 conceptum:«TAm
867 1297 910 1368 ad
918 1299 1057 1369 verbum
1065 1297 1268 1387 faciendum,

147 1421 154 1428 '
224 1409 325 1500 quarn
349 1406 392 1475 ad
417 1407 621 1477 oblationem
648 1405 903 1476 consecrandam
927 1406 1111 1476 invitentur
1125 1407 1270 1499 episcopi

143 1523 144 1530 ’
224 1513 277 1584 vel
289 1513 491 1607 presbytcri,
508 1513 568 1608 qui
585 1513 683 1584 causa
695 1513 866 1583 visitandae
877 1512 1023 1582 ccclesiae
1038 1512 1172 1582 alterius
1185 1514 1272 1606 epis·

223 1622 297 1714 copi
321 1620 363 1690 ad
378 1622 548 1691 ecclesiam
560 1621 712 1692 venerint
722 1623 747 1689 ⁵.
769 1651 784 1686 a
802 1659 847 1674 -
858 1620 950 1689 Piam
966 1621 1054 1700 hanc
1067 1645 1104 1691 ac
1119 1611 1271 1692 laudabi-

222 1727 288 1798 lem
298 1729 412 1822 priscae
427 1728 593 1822 religionis
605 1727 895 1814 consuetudinem,
909 1727 987 1796 edm
1006 1740 1064 1797 aut
1079 1725 1201 1820 negligi
1212 1741 1271 1798 aut

222 1837 396 1908 intermitti
418 1861 488 1907 non
511 1837 580 1906 sine
597 1823 719 1908 'dolore
743 1834 870 1906 videret
891 1837 924 1905 8.
944 1835 1118 1906 cardinalis
1133 1835 1271 1908 Carolus

76 1987 83 1997 ·
169 2026 183 2049 .
223 1949 441 2032 Borromaeus,
452 1967 525 2028 eam
538 1958 571 2014 et
582 1941 670 2014 lacto
682 1956 715 2012 et
727 1939 860 2012 decreto
874 1956 1073 2038 revocatam,
1084 1943 1120 2010 in
1135 1941 1272 2010 ecclesia

222 2051 462 2122 Mediolanensi
491 2050 686 2146 seruandam
717 2073 786 2120 esse
809 2050 844 2118 in
872 2063 1041 2142 posterum
1061 2049 1268 2120 constituat.

263 2161 326 2252 JV.
352 2159 438 2228 Ciun
454 2172 565 2228 autem
581 2156 760 2256 aliquandb
783 2157 1005 2250 contingeret,
1023 2169 1068 2228 ut‘
1083 2157 1150 2228 sive
1165 2181 1271 2250 nego·

141 2273 142 2277 ’
221 2263 274 2332 tiis
301 2263 477 2355 implicati,
502 2265 568 2333 sivo
583 2263 701 2333 morbo
725 2263 929 2349 laborantes,
949 2264 1016 2333 sive
1039 2261 1104 2333 alio
1127 2263 1270 2358 impedi-

223 2381 336 2439 mento
352 2370 516 2458 obstricti,
534 2391 591 2462 per
606 2391 641 2438 se
656 2391 725 2438 non
746 2383 879 2460 possent
901 2367 936 2437 id
951 2369 1097 2438 muneris
1119 2369 1270 2464 explere,
1354 2439 1357 2444 .

221 2499 281 2568 per
296 2473 378 2556 ,alios
395 2475 538 2568 idipsum
562 2475 681 2546 confici
704 2476 913 2568 summopere
932 2477 1093 2547 curabant
1103 2475 1265 2573 episcopi.

175 2603 180 2610 ·
223 2583 435 2674 Presbyteros
450 2583 538 2651 enim
547 2581 749 2675 quandoque
765 2582 806 2652 ad
817 2583 903 2652 hanc
913 2608 1027 2654 curam
1039 2587 1133 2679 quasi
1148 2585 1270 2658 vicarii

223 2691 322 2782 operi
338 2688 519 2768 advocatos
543 2687 642 2758 luisse
655 2691 746 2759 testis
770 2703 819 2758 est
842 2689 1026 2780 Palladius,
1053 2694 1112 2788 qui
1134 2693 1270 2763 beatum

224 2799 385 2864 loannem
404 2797 678 2886 Chrysostomum
702 2795 899 2864 Antiocheni
930 2799 1082 2867 antistitis
1096 2822 1271 2890 personam
1338 2817 1342 2826 '

222 2902 258 2970 in
267 2901 495 2974 concionando
506 2901 698 2995 frequenter
710 2899 901 2970 sustinuisse
912 2901 963 2969 his
971 2903 1080 2972 verbis
1093 2921 1268 2978 asseverat:

226 3010 389 3100 «Agebat,
400 3010 520 3104 inquit,
535 3009 681 3103 episcopi
695 3009 781 3078 vices
797 3009 831 3076 in
848 3007 1081 3100 praedicatione
1092 3013 1185 3083 verbi
1197 3015 1269 3102 Dei,

223 3117 438 3210 omniumque
449 3115 550 3188 corda
564 3116 708 3187 mirabili
716 3104 885 3202 facundii,
899 3118 1142 3211 scripturarum
1159 3120 1272 3192 dulce·

140 3299 143 3310 ,
211 3217 301 3291 dine
317 3224 444 3310 ornati,
459 3219 547 3292 adse
559 3222 737 3316 rapiebatl.
752 3221 921 3292 ›r-ldem
935 3225 1100 3319 Possidius
1116 3225 1217 3298 refert
1228 3227 1271 3300 de

222 3342 336 3398 sancto
350 3327 551 3418 Augustino:
573 3357 588 3396 a
603 3332 705 3424 Cujus
717 3323 1032 3402 ordinatorsanctu's
1048 3335 1214 3424 Valerius,
1231 3352 1271 3409 ut

222 3448 293 3504 erat
312 3433 363 3516 vir
382 3435 455 3527 pius
476 3448 510 3504 et
525 3439 632 3504 Deum
654 3436 791 3522 timens,
813 3435 984 3508 exultabat
1007 3453 1040 3509 et
1060 3445 1129 3528 Deo
1149 3443 1269 3535 gratias
1318 3506 1321 3512 .

223 3539 343 3632 agebat
366 3563 440 3624 suas
467 3538 634 3610 exauditas
657 3543 835 3613 allomino
858 3541 957 3614 suisse
978 3569 1111 3638 preces,
1134 3573 1216 3642 quas
1237 3573 1271 3620 se

223 3645 486 3740 frequentissime
509 3645 638 3717 fudisse
652 3649 824 3736 narrabat,
850 3663 889 3719 ut
913 3651 976 3721 sibi
999 3652 1157 3725 divinitus
1171 3657 1273 3728 homo

259 3830 268 3858 ¹
283 3823 308 3872 S.
323 3819 434 3874 Ambroe.
445 3822 470 3872 iu
481 3824 606 3874 serm-²
617 3825 642 3874 S.
656 3823 732 3890 cyril.
743 3824 812 3876 Alex.
827 3825 916 3878 Hamil.
926 3844 1006 3880 mc-
1020 3827 1031 3868 3
1044 3832 1069 3882 8.
1081 3834 1147 3884 Patr.
1161 3831 1270 3898 Chrysol.

223 3907 302 3956 Serui.
315 3921 430 3956 cxxrmn.
446 3932 479 3944 -
497 3905 510 3953 l
526 3908 550 3958 S.
569 3909 656 3958 Caesar.
675 3907 768 3960 Arelat.
787 3911 912 3976 pessimat
925 3913 1020 3979 sepita.
1036 3939 1069 3952 -
1081 3912 1094 3951 ⁵
1105 3916 1198 3967 concil.
1212 3918 1275 3967 Car-

143 3982 154 4004 *
223 3988 333 4056 thagar,
347 3992 409 4042 Can.
424 3989 466 4042 33.
483 4015 515 4028 -
527 3989 539 4026 ⁶
557 3995 612 4045 Act.
626 3991 721 4047 Ecclea.
734 3993 831 4048 ldediol.
856 4019 879 4035 -
889 4005 901 4050 t
913 3995 1002 4050 Pallad.
1014 3998 1039 4049 in
1052 3999 1107 4052 titt
1118 3999 1239 4064 chrysost.
