2996 4598
294 421 394 470 claua
416 429 448 471 v.
474 427 515 470 nn
538 429 616 473 noco
638 429 846 474 concionrnus
868 423 1057 474 unsnrnlro.
1158 410 1199 472 85

163 523 282 616 gradus
291 524 398 594 altaris
409 523 577 596 evidenter
588 525 727 616 intelligi
740 525 873 596 dantur.
886 525 938 596 Sic
953 540 1064 596 autem
1079 525 1201 618 proha-

162 631 259 702 biliirs
272 632 515 724 praedicabant,
530 633 608 702 edm
624 633 713 702 intra
724 634 894 702 missarum
909 631 1066 702 solemnia
1077 656 1202 704 sacram

162 739 329 830 Evangelii
342 740 518 810 lectionem
534 740 735 811 evolverent.

204 853 254 917 Ex
277 847 419 918 ambone
443 849 523 919 verb
550 847 714 918 lectorum
737 847 796 940 qui
816 848 907 916 extra
928 845 1204 918 chori-cancellos

161 956 354 1048 exurgebat,
374 942 461 1025 etin
476 954 587 1025 medio
607 955 749 1025 basilicae
769 953 905 1044 gremio,
917 952 1127 1022 concionatos
1143 977 1205 1022 sae-

160 1063 232 1156 piirs
248 1078 375 1134 sanctos
399 1069 512 1133 Patres
527 1063 667 1132 minime
686 1060 868 1146 dubitabit,
887 1059 945 1154 qui
960 1060 1051 1128 hunc
1076 1060 1206 1151 Georgii

160 1169 374 1241 Alexandrini
389 1169 432 1240 de
446 1171 544 1240 heato
561 1172 794 1260 chrysostomo
813 1169 922 1239 locum
939 1167 1041 1237 oculis
1060 1167 1115 1238 vel
1129 1190 1206 1260 per-

160 1277 319 1368 stringere
330 1275 473 1347 volucrit
487 1305 495 1347 :
512 1305 527 1342 a
540 1275 646 1348 Semel
658 1277 767 1370 ipsum
780 1277 1077 1366 (Chrysostomum)
1088 1275 1204 1344 horta·

125 1402 132 1411 ·
159 1397 213 1452 tus
224 1381 460 1452 estFlavianus
468 1395 516 1467 ut,
527 1405 704 1452 conscenso
719 1382 872 1466 ambone,
884 1381 1066 1472 Scripturas
1077 1379 1204 1474 populo

159 1515 200 1560 ex
211 1505 360 1582 tempore
375 1489 578 1582 explanaret,
591 1514 660 1560 non
682 1505 793 1560 autem
806 1489 848 1560 dc
862 1489 995 1581 scripto.
1013 1487 1073 1557 llle
1088 1489 1204 1558 contra

159 1596 298 1665 moleste
315 1595 399 1681 tulit,
419 1595 462 1664 ob
474 1595 575 1688 idque
590 1597 721 1667 veniam
731 1597 847 1689 pertin
861 1595 933 1663 tium
950 1592 1126 1663 Flavianus
1137 1617 1204 1664 ma·

158 1703 205 1795 gis
220 1699 329 1792 ipsum
344 1701 504 1793 urgebat:
518 1702 653 1771 tandem
665 1717 797 1772 coactus
814 1701 899 1773 illei
912 1701 970 1770 sud
983 1699 1198 1786 conscicntia,

158 1821 191 1877 et
204 1807 332 1877 habens
348 1808 384 1875 in
403 1831 436 1876 se
450 1808 521 1900 ipso
535 1809 691 1878 virtutem
712 1809 852 1902 Spirittis
871 1806 975 1876 sancti
990 1830 1049 1899 per
1063 1805 1199 1876 mundi-

158 1915 234 1983 tiam
251 1913 359 1982 cordis
375 1913 437 2000 sui,
455 1913 599 2006 primirm
615 1913 761 1984 ascendit
773 1914 808 1983 in
823 1912 1000 1982 ambonem
1018 1935 1202 1982 sermonem

159 2019 199 2088 ad
208 2019 456 2089 multitudinem
466 2019 712 2112 dirigens¹.n—
718 2023 814 2105 Quod
827 2021 925 2090 etiam
938 2017 1053 2088 docuit
1067 2041 1127 2088 nos
1145 2022 1202 2089 So-

159 2127 361 2198 zomenusde
373 2127 489 2197 eodem
502 2127 664 2215 referens,
682 2127 799 2223 «qubd
819 2142 912 2197 tauta
925 2140 995 2196 erat
1014 2149 1129 2196 eorum
1137 2125 1201 2195 fre·
1237 2179 1240 2190 ,

126 2237 131 2262 ¹
159 2235 292 2328 quentia
308 2234 367 2327 qui
383 2235 597 2304 concionibus
616 2233 704 2304 illius
722 2235 913 2318 inhiabant,
931 2247 970 2303 ut
984 2233 1140 2324 quoniam
1151 2231 1200 2300 illi

160 2363 197 2408 ex
215 2354 333 2410 mutuo
352 2339 527 2433 compulsu
550 2353 649 2433 atque
674 2340 801 2410 obtritu
820 2338 1097 2434 periclitarentur,
1117 2337 1199 2406 ditm

159 2445 278 2538 singuli
293 2446 444 2540 prorsirm
463 2447 615 2516 nituntur
627 2469 771 2538 semper,
786 2460 824 2514 ut
838 2445 973 2538 propiirs
989 2457 1130 2513 astantes
1148 2442 1198 2512 di·

159 2567 286 2623 centem
297 2553 416 2622 certiirs
429 2551 575 2640 audiant,
587 2555 655 2646 ipse
663 2553 811 2624 medium
822 2576 856 2624 sc
868 2551 1022 2622 omnibus
1034 2573 1200 2644 exponens

159 2660 363 2756 &suggestu
376 2657 548 2730 lectorum
560 2659 708 2730 docuerit
722 2665 747 2728 2.
765 2688 780 2724 n
1140 2673 1141 2676 ’

194 2833 200 2858 ¹
223 2826 311 2889 Geor-g.
333 2823 460 2874 Alexandr.
478 2823 527 2874 vtt.
545 2822 668 2889 Chrysost.
691 2837 749 2888 cap.
776 2838 814 2897 r7.
840 2844 872 2860 ···
888 2831 898 2857 ²
915 2822 1009 2870 sozom.
1026 2819 1088 2870 llist.
1110 2819 1198 2870 eccles.

160 2905 201 2958 lib.
215 2926 268 2974 vm,
284 2925 339 2976 cap.
359 2908 384 2959 5.
