2984 4580
214 426 315 496 carus
338 429 383 476 rt.
410 429 452 479 ua
474 428 631 475 nruono
654 428 690 472 nt
704 393 913 473 concrounrua
928 422 1095 472 laniarat.
1122 411 1185 472 ate

194 534 295 624 «Hoc,
305 532 407 623 porrb
419 529 505 617 dico,
519 552 588 602 non
599 526 691 622 quod
701 528 895 620 prohibeam
908 549 951 596 ne
960 528 1038 598 talia
1046 551 1185 599 munera

151 651 358 730 apparentur,
376 636 432 706 sed
445 636 633 730 postulans,
651 649 701 720 ut,
713 656 790 703 cum
805 633 855 702 his
870 648 903 702 et
912 635 987 703 ante
1000 636 1083 719 baec,
1097 635 1184 706 elee-
1253 699 1256 706 ,

148 767 282 833 mosyna
303 757 466 835 erogetur.
489 746 573 815 Nam
588 743 658 810 haec
682 738 816 834 quidem
841 741 978 832 accipit,
993 740 1057 810 *sed
1078 742 1185 814 multb

147 852 244 942 magis
255 850 322 922 illa.
333 857 373 922 ln
384 852 434 920 his
444 851 532 920 enim
545 851 583 935 is,
597 848 655 942 qui
664 848 773 934 offert,
786 848 873 918 solus
883 849 1058 917 utilitatem
1071 850 1182 936 habet,

146 957 191 1026 ibi
205 959 282 1026 verb
298 957 396 1026 etiam
408 957 447 1042 is,
466 956 525 1048 qui
540 955 668 1046 accipit.
690 955 751 1024 Hic
761 954 892 1024 videtur
906 954 1033 1027 donum
1050 977 1118 1026 esse
1133 979 1186 1026 os-

142 1055 333 1134 tentationis
352 1062 502 1151 occasi03
523 1061 570 1132 ibi
585 1059 790 1150 eleemosyna
805 1074 839 1130 et
853 1060 1037 1152 benignitas
1056 1060 1184 1132 tannim

145 1183 203 1241 est.
223 1174 305 1252 Quae
321 1169 410 1238 enim
425 1167 549 1252 utilitas
564 1167 590 1236 si
613 1189 724 1237 mensa
740 1166 862 1236 Christi
882 1167 923 1235 sit
941 1168 1045 1236 aureis
1059 1167 1184 1260 poculis

144 1289 276 1359 onusta,
288 1275 362 1364 ipse
375 1275 454 1344 verb
469 1272 553 1342 same
567 1275 698 1366 pereat?
719 1273 828 1342 Primi)
849 1273 1044 1345 esurientem
1065 1273 1182 1366 imple,

143 1397 177 1452 et
194 1397 273 1451 tunc
289 1405 328 1449 ex
338 1381 636 1473 superabundantid
649 1403 793 1448 mensam
811 1382 880 1473 ejus
889 1397 1021 1450 exorna.
1037 1386 1184 1451 Aureum

143 1485 279 1556 calicem
290 1486 382 1572 lacis,
400 1499 433 1555 et
442 1486 575 1556 calicem
592 1509 687 1579 aquae
702 1509 770 1555 non
787 1485 866 1568 das?
881 1491 925 1556 Et
940 1487 1024 1580 quid
1037 1510 1119 1580 opus
1135 1503 1184 1559 cst

143 1616 224 1668 auro
239 1594 371 1660 intextae
386 1591 547 1661 velamine
561 1614 683 1662 mensae
701 1615 876 1684 apparere,
893 1591 954 1685 ipsi
965 1595 1042 1663 verb
1062 1595 1183 1687 nequi·

142 1699 219 1768 dem
237 1700 451 1769 necessarium
467 1714 696 1790 tegumentum
711 1701 878 1792 praebere?
889 1700 972 1794 quid
985 1699 1063 1769 inde
1079 1701 1184 1770 lucri?

140 1809 223 1878 th
236 1805 289 1878 dic
305 1806 386 1876 mihi
401 1837 409 1877 ι
431 1809 463 1877 Si
479 1829 579 1900 quern
592 1807 720 1875 ¹videres
735 1809 915 1877 necessario
930 1821 1080 1899 egentem
1093 1809 1181 1896 cibo,

140 1927 173 1982 et
186 1913 264 2005 ipso,
274 1913 319 1982 sic
335 1912 459 1999 relicto,
478 1935 624 2000 mensam
644 1935 724 1982 auro
741 1911 961 1994 circumdares
975 1912 1125 2000 tantdm,
1141 1939 1183 1984 an

140 2021 200 2090 tibi
224 2021 342 2110 gratias
362 2008 518 2105 baberet,
549 2043 661 2090 annon
684 2021 793 2112 potiris
820 2022 1071 2114 indignaretur?
1095 2024 1184 2105 Quid

138 2129 217 2197 vero
229 2129 256 2196 si
268 2126 363 2197 illum
377 2126 503 2198 videres
522 2125 646 2196 detritis
663 2128 778 2218 pannis
790 2127 944 2198 indutum
959 2142 992 2198 et
1004 2126 1125 2222 frigore
1137 2129 1183 2197 ri-

139 2249 286 2326 gentem,
304 2248 337 2304 et
349 2235 452 2304 missis
467 2232 626 2320 vestibus,
643 2257 758 2304 aureas
773 2235 835 2328 ipsi
846 2235 1019 2307 columnas
1030 2235 1181 2327 erigeres,

139 2341 268 2426 dicens,
287 2339 322 2409 id
339 2355 372 2410 te
399 2341 434 2408 in
450 2341 519 2432 ejus
539 2328 698 2409 honorem
715 2339 844 2409 lacere?
862 2345 982 2410 Annon
995 2363 1028 2409 se
1044 2341 1184 2412 derideri

138 2461 293 2540 putaret,
329 2465 429 2540 atque
454 2447 600 2516 extremi
628 2445 828 2514 contumelid
853 2445 1061 2517 afficit-Hoc
1086 2449 1183 2518 etiam

137 2555 222 2624 circa
243 2554 413 2626 Christum
437 2547 661 2646 r'eputa,ci1m
687 2552 910 2623 errrabundus
936 2567 969 2623 et
993 2556 1183 2652 peregrinus

137 2661 306 2746 circumit,
333 2673 422 2732 tecto
435 2659 602 2762 indigens,
621 2673 659 2727 tu
676 2673 788 2754 autern
807 2657 865 2730 illo
887 2661 922 2730 in
936 2661 1099 2754 hospitem
1115 2685 1183 2732 non
1246 2661 1267 2747 J

137 2758 305 2850 admisso,
324 2765 551 2856 pavimentum
569 2785 706 2832 exornas
723 2777 755 2832 et
775 2765 914 2856 parietes
935 2766 1183 2836 columnarum-

135 2896 202 2968 que
233 2870 414 2964 eapitella,
448 2869 481 2940 et¹
514 2885 690 2962 argenteas
709 2884 839 2943 catenas
873 2869 1079 2964 lampadibus
1109 2873 1184 2942 alli-

135 3002 208 3070 gas,
229 2979 342 3072 ipsum
368 2979 447 3051 verb
469 2979 650 3048 incarcere
679 2976 818 3070 ligatum
846 3001 888 3047 ne
915 2977 1027 3048 videre
1049 2977 1183 3074 quidem
1254 3059 1255 3064 ἵ

134 3087 312 3157 sustines1.
333 3111 350 3150 a
716 3141 718 3146 ,
831 3111 833 3118 1

131 3243 135 3252 ,
177 3192 308 3264 uadem
320 3205 389 3262 arte
402 3203 551 3260 utentem
563 3190 650 3278 vide,
665 3191 834 3285 quomodo
850 3191 1050 3265 Christianos
1066 3195 1181 3266 invitet

21 3310 27 3337 ²
134 3299 176 3368 ad
203 3300 398 3369 Orationem
422 3298 505 3390 purd
521 3309 651 3386 mente,
678 3321 747 3368 non
769 3311 879 3366 autern
895 3301 1045 3389 sordidat,
1060 3300 1181 3371 divinae

135 3406 309 3476 Sanctitati
321 3403 525 3474 offerendam
543 3432 551 3471 ε

180 3495 198 3579 a
215 3514 277 3584 Dic
300 3512 399 3596 mihi,
417 3511 443 3579 si
458 3510 573 3577 fimum
589 3521 623 3578 et
645 3507 754 3577 lutum
769 3531 838 3602 prae
854 3510 1004 3580 manibus
1019 3511 1177 3598 haberes,

134 3643 176 3690 an
188 3618 328 3716 auderes
338 3619 449 3687 orare?
460 3617 686 3708 Nequaquam.
698 3619 853 3686 Attamen
868 3615 952 3686 nihil
964 3617 1041 3686 hine
1054 3617 1177 3704 damni,
1245 3655 1255 3662 -

133 3724 219 3796 illud
242 3739 355 3796 autern
375 3724 592 3817 perniciosum
614 3735 673 3791 est.
698 3726 766 3794 Cur
781 3727 860 3817 ergb
879 3725 915 3794 in
937 3725 1036 3795 rebus
1050 3723 1181 3794 indiffe·

134 3835 285 3916 rentibus
298 3833 393 3924 pius,
416 3833 451 3900 in
465 3831 638 3924 prohibitis
651 3831 697 3901 itt
719 3833 888 3926 negligens
903 3837 958 3904 es?
974 3833 1063 3918 Quid
1082 3835 1175 3924 ergd,

170 3970 178 3997 ¹
199 3963 225 4012 S.
236 3934 344 4024 Chrys,
355 3959 380 4010 in
398 3957 489 4010 Matth.
511 3957 599 4014 Homil.
620 3974 644 4025 a,
661 3974 686 4012 n.
700 3957 725 4024 4.
