2930 4582
286 445 350 512 294
433 455 614 508 narremur
638 463 664 507 s.
691 461 844 523 naraon,
868 463 946 508 nans
970 461 1017 523 n,
1043 461 1126 508 taor.
1150 463 1174 508 ι.

331 564 366 632 3⁰
384 563 415 632 Si
432 557 640 654 Dz'sjunen'o
662 583 760 653 quam
778 561 897 628 iterum
916 560 1211 654 complexionem
1225 563 1339 635 Cicero

290 683 399 754 vocat,
426 671 529 758 magis
547 670 606 734 tibi
636 667 761 758 placet,
790 669 892 735 hahes
916 670 949 736 in
977 671 1040 738 hoc
1067 671 1155 738 beati
1182 673 1338 763 Cypriani

286 799 401 870 parvo,
426 774 483 842 sed
507 773 620 856 valido
636 788 851 865 argumento,
866 774 941 844 cinn
959 777 1204 846 Demetrianum
1226 791 1339 866 tyran·
1412 781 1413 786 ’

284 905 366 952 num
384 879 547 968 exagitans
566 909 573 949 :

333 992 451 1070 «Quae
470 1001 518 1054 est
527 985 677 1080 ,inquit,
693 984 766 1055 haec
788 987 977 1056 insatiabilis
998 989 1197 1057 carnrficmae
1209 987 1337 1060 rabies?

286 1119 363 1190 quoe
378 1092 583 1184 inexplebilis
606 1090 710 1161 libido
728 1093 882 1161 saevitiaet
902 1095 988 1176 Quin
999 1095 1114 1214 potius
1128 1094 1212 1186 elige
1233 1089 1350 1166 unum*

240 1255 243 1260 -
284 1204 326 1272 de
339 1202 496 1274 duobus
511 1201 731 1270 Christianum
746 1223 812 1267 esse
826 1215 882 1268 aut
898 1216 945 1268 est
961 1223 1097 1285 crimen
1118 1217 1176 1270 aut
1191 1223 1259 1271 non
1276 1217 1334 1273 est

163 1355 176 1380 0
290 1310 325 1380 Si
345 1309 470 1377 crimen
488 1321 553 1390 est,
576 1330 635 1375 cur
648 1329 720 1374 non
740 1306 894 1374 interficis
918 1307 1150 1375 confitentem?
1165 1309 1192 1376 si
1203 1309 1337 1379 crimen

290 1438 361 1484 non
393 1427 462 1497 est,
490 1412 572 1506 quid
597 1414 818 1510 persequeris
821 1414 1054 1485 innocentem?
1075 1417 1226 1550 torqueri
1250 1418 1336 1486 enim

285 1519 412 1604 debui,
427 1521 454 1588 si
470 1522 664 1608 negarem&
684 1547 700 1584 n
1362 1611 1365 1614 .

335 1624 815 1696 4⁰Nt1mIromffam1nvenire
829 1625 978 1716 juvabit?
964 1627 1119 1716 Inspice
1135 1627 1247 1696 rursus
1263 1627 1336 1696 bea·

290 1744 363 1801 tum
383 1733 606 1823 Cyprianum,
623 1755 701 1799 cum
722 1733 768 1798 ita
779 1726 998 1799 Florentium
1020 1733 1226 1824 Pappianum
1249 1735 1335 1825 epis-

290 1840 365 1932 copi
376 1862 497 1907 nomen
508 1839 746 1908 beatoPraesuli
758 1827 990 1930 denegantem,
1004 1840 1073 1932 ipse
1085 1841 1178 1934 quasi
1188 1841 1334 1912 ludendo

283 1946 526 2038 persequitur.

334 2079 351 2118 a
374 2053 442 2122 Nisi
461 2049 550 2142 apud
573 2063 610 2119 te
622 2049 752 2141 purgati
765 2050 927 2120 fuerimus
944 2065 977 2120 et
992 2054 1155 2171 sententia
1178 2053 1332 2141 absoluti,

289 2156 388 2226 etiarn
409 2181 464 2224 sex
488 2157 580 2225 annis
599 2180 660 2226 nec
678 2154 861 2226 fraternitas
877 2159 1032 2226 habuerit
1047 2159 1257 2251 episcopum,
1273 2185 1334 2230 nec

289 2262 388 2356 plebs
407 2263 642 2354 praepositum,
661 2285 721 2348 nec
737 2288 814 2354 grex
835 2268 1016 2355 pastorem,
1039 2289 1099 2335 nec
1119 2266 1254 2346 ecclesia
1274 2291 1334 2358 gu-

289 2369 515 2454 bernatorum,
540 2392 600 2437 nec
617 2370 767 2438 Christus
784 2371 979 2455 antistitem,
1001 2395 1061 2440 nec
1082 2377 1168 2440 Deus
1185 2373 1334 2442 sacerdo·

289 2487 368 2542 tem.
390 2475 569 2544 Subveniat
583 2477 767 2566 Pappianus
784 2490 817 2542 et
833 2479 1026 2545 sententiam
1042 2479 1152 2568 dicat3
1170 2479 1332 2572 judicium

289 2579 350 2648 Dei
363 2594 396 2647 et
411 2580 532 2648 Christi
548 2580 583 2646 in
599 2596 748 2670 apertum
766 2580 903 2667 referat,
918 2608 960 2652 ne
975 2597 1085 2655 tantus
1098 2585 1245 2658 fidelium
1269 2611 1332 2655 nu-

287 2707 418 2770 merus,
444 2685 503 2778 qui
528 2687 590 2754 sub
606 2688 701 2756 nobis
721 2691 893 2758 accersitus
909 2705 968 2775 est,
993 2693 1064 2760 sine
1082 2717 1147 2784 ‘spe
1172 2693 1284 2762 salutis
1300 2708 1332 2762 et

286 2794 375 2888 pacis
392 2793 492 2860 exisse
504 2791 666 2862 videatur.
682 2797 724 2863 Et
735 2819 824 2864 nunc
837 2819 946 2864 annue
959 2797 1137 2890 aliquandi)
1152 2798 1330 2890 ctdignare

290 2902 502 2996 pronuntiare
527 2899 569 2967 de
595 2901 708 2994 nobis,
735 2915 768 2969 et
791 2903 1016 2993 episcopatum
1040 2919 1189 2974 nostrum
1216 2907 1330 2997 cogni·

291 3009 385 3077 tionis
410 3022 477 3074 tuoe
498 3007 691 3074 auctoritate
714 3007 860 3092 firmare,
886 3024 924 3076 ut
941 3014 1027 3078 Deus
1043 3023 1076 3079 et
1096 3012 1247 3086 Christus
1264 3014 1330 3104 ejus

288 3137 384 3203 agere
403 3112 465 3179 tibi
489 3127 607 3200 granas
630 3112 769 3202 possint,
788 3113 879 3206 qudd
895 3131 1000 3206 perte
1017 3119 1150 3187 antistes
1172 3133 1206 3187 et
1225 3131 1330 3189 rector

288 3219 381 3288 altari
394 3241 507 3286 eorum
525 3219 645 3308 pariter
659 3234 693 3288 et
705 3220 792 3312 plebi
809 3223 975 3292 restitutus
991 3225 1032 3294 sit
1042 3232 1067 3294 ².
1089 3253 1104 3290 n

331 3330 365 3396 5⁰
376 3319 579 3458 Magis‘io'ptd
595 3326 773 3398 delectabit
784 3354 903 3420 graecas
916 3335 1067 3426 prosequi
1083 3332 1235 3418 SoriteS,
1252 3319 1328 3427 qui·

283 3435 346 3504 bus
362 3433 521 3526 gradatim
534 3459 551 3503 a
565 3437 689 3504 minore
700 3436 743 3506 ad
760 3442 861 3532 majus
875 3440 1060 3509 ascenditur
1072 3493 1080 3522 ,
1092 3443 1181 3534 quod
1200 3456 1246 3510 et
1244 3463 1330 3536 gra·

283 3540 384 3611 dutio
393 3542 531 3610 dicitur
524 3542 653 3634 legere
662 3543 739 3613 hcet
752 3547 1009 3636 Hieronymum
1002 3550 1046 3616 na
1057 3547 1099 3616 ad
1110 3549 1328 3656 Heliodorum

287 3631 509 3720 scribentem:

332 3759 462 3826 «Nemo
482 3757 622 3846 prophet
624 3779 641 3823 a
663 3755 697 3823 in
716 3757 819 3846 patria
839 3723 1069 3828 suahonorein
1083 3761 1183 3828 habet
1197 3775 1250 3830 :at
1266 3761 1324 3828 obi

283 3863 391 3932 honor
408 3875 550 3945 nonest,
577 3861 623 3928 ibi
644 3878 852 3954 contemptus
871 3877 935 3950 est,
955 3864 1012 3932 ubi
1033 3855 1260 3959 contemptus,
1276 3866 1324 3935 ibi

322 4000 330 4026 ¹
354 3990 378 4040 S.
395 3993 466 4054 Gypr.
485 3990 514 4039 ad
533 3992 678 4040 Demetrion.
693 4015 721 4028 -·
738 3992 792 4042 ²111,
806 3993 955 4057 Epictetum
966 3994 996 4044 ad
1008 3995 1069 4045 Flor.
1086 4000 1161 4062 Papp.
