2930 4582
233 460 334 505 curor
359 463 463 520 rnna
479 462 636 505 nxrnouo
660 463 694 506 ru
718 425 1117 506 coxcromhus'lnutmrt.
1145 441 1205 504 251

168 563 257 654 genis
267 561 373 647 iltius,
389 554 513 632 dolium
530 561 725 646 incolentis¹
740 559 927 640 dicacitate,
947 583 1121 654 perquam
1141 575 1210 631 tra·
1265 545 1270 553 .

166 671 243 760 gicis
267 671 414 758 tyrannis
441 670 601 756 hospites,
627 669 691 735 hoc
714 679 780 750 est,
809 667 963 757 placentis
983 667 1062 736 viles
1087 691 1206 759 panes,

164 775 238 845 loco
261 776 376 844 cedere
388 778 505 868 jubet,
529 790 561 842 et
583 773 715 866 Epicuri
737 771 961 864 philosophici,
984 797 1058 863 quea
1080 774 1208 844 nullum

164 883 333 974 voluptate
350 883 500 974 superius
524 882 650 948 bonum
673 880 852 948 constituit.
878 883 1018 969 Magnus
1043 882 1131 970 apud
1153 905 1210 950 vos

164 1005 213 1058 est
228 999 335 1059 Grates
355 1021 362 1059 ι
382 993 457 1058 vere
473 991 560 1056 enim
582 987 846 1079 philosophicum
868 1002 931 1070 est,
951 987 1133 1077 pecudibus
1149 987 1210 1055 de-

163 1098 326 1189 pascenda
352 1095 473 1186 praedia
505 1119 562 1162 sua
589 1093 770 1186 reliquisse,
798 1095 983 1185 nostrisque
1007 1093 1211 1183 philosophis
1309 1105 1312 1112 “

163 1199 1211 1292 consimilehtpublicopraecuniolibertatemostentat,perindb

164 1333 202 1376 ac
216 1299 392 1400 quispiam,
407 1332 471 1373 non
490 1308 654 1397 sapientiae
670 1307 769 1395 magis
785 1309 882 1397 quarn
902 1305 1014 1396 gloriae
1030 1306 1206 1373 studiosus

164 1418 308 1502 Magnus
324 1412 524 1501 illc(Zeno),
540 1414 608 1504 qui,
623 1412 697 1479 etim
712 1413 802 1479 navis
818 1425 1007 1501 tempestate
1017 1413 1207 1502 jactaretur,

167 1533 268 1611 atque
284 1521 390 1585 omnia
404 1521 437 1584 in
452 1543 539 1586 mare
557 1520 808 1610 projicerentur,
823 1519 941 1608 gratias
959 1523 1115 1585 Fortunae
1134 1541 1210 1606 agc-

164 1627 239 1709 bat,
260 1629 414 1717 tanquam
433 1628 474 1692 ad
500 1626 716 1718 philosophici
733 1625 823 1716 pallii
847 1627 1009 1715 anguslias
1030 1649 1104 1692 curn
1122 1625 1210 1692 redi-

163 1733 264 1820 genti.
290 1735 689 1823 Magnus‘rlntisthcnes,
719 1733 808 1825 qubd
835 1736 853 1800 ‘a
879 1733 1040 1824 petulanti
1065 1733 1210 1824 quodam

162 1853 263 1930 atquc
286 1839 402 1908 audaci
425 1842 555 1908 homine
572 1834 642 1908 toro
662 1863 718 1908 ore
741 1851 912 1924 contusuS,
934 1841 969 1906 in
991 1839 1099 1907 fronte
1120 1841 1210 1908 dun-

161 1959 262 2029 taxat,
276 1948 367 2037 quasi
380 1947 411 2013 in
424 1948 531 2014 statua
543 1947 671 2032 artifex,
687 1948 1014 2038 percussorisnomen
1029 1948 1208 2039 inscripsit3
1291 2017 1293 2022 ,

160 2051 298 2120 sortasse
321 2067 360 2120 ut
384 2053 531 2121 acerbius
555 2069 732 2122 accusaret.
758 2055 886 2122 Laudas
910 2053 1007 2121 ctiam
1032 2053 1208 2146 quemdam

160 2182 279 2227 eorum
300 2159 361 2251 ¹qui
382 2185 448 2228 non
471 2161 570 2250 longe
593 2163 748 2230 antenus
770 2161 924 2246 fuerunt,
948 2159 1039 2253 quod
1063 2175 1133 2230 toto
1157 2161 1211 2229 die

159 2279 250 2335 stans
266 2265 325 2334 soli
342 2291 452 2358 preces
468 2267 655 2336 adhibuerit
671 2299 678 2337 :
697 2267 831 2337 fortasse
848 2269 881 2336 id
895 2284 1025 2360 tempus
1043 2270 1207 2359 captdrat,

159 2398 230 2466 quo
252 2375 466 2466 propinquior
490 2376 581 2443 terris
607 2399 675 2443 esse
692 2375 788 2459 solet,
812 2389 850 2442 ut
872 2376 1054 2442 orationem
1079 2389 1210 2443 contra-

158 2481 266 2563 heret,
282 2504 420 2572 eamque
434 2481 530 2548 simul
547 2506 622 2550 cum
632 2483 732 2573 ipsius
745 2505 862 2550 occasu
874 2481 993 2548 liniret.
1010 2481 1209 2562 Quinillum

159 2587 259 2654 etiam
285 2585 439 2654 laudibus
462 2589 580 2671 allicis,
610 2591 665 2680 qui
693 2589 847 2656 Potidaeae
869 2589 1020 2677 hyberno
1042 2603 1206 2680 ternpore,

58 2693 61 2705 '
158 2693 274 2760 addito
299 2694 341 2760 ad
362 2693 507 2761 studium
527 2694 661 2776 labore,
689 2718 811 2783 pernox
827 2696 861 2761 in
878 2694 1103 2784 speculatione
1124 2698 1208 2788 quai-

158 2801 236 2869 dam
255 2801 359 2881 stetit,
377 2801 423 2868 ira
444 2814 538 2879 utne
555 2801 622 2868 vim
639 2801 772 2891 quidem
796 2799 924 2891 frigoris
940 2805 1209 2893 propter·⁶mentis

158 2907 412 2976 abstractionem
439 2908 584 2974 sentiret.
609 2907 738 2974 Laudas
761 2907 895 2999 insuper
915 2908 950 2976 in
974 2911 1117 2976 Homero
1142 2909 1208 2978 dis-

156 3013 254 3082 cendi
269 3037 411 3080 amorem
426 3015 511 3081 circa
530 3013 710 3081 arcadicum
728 3017 962 3106 quaestionem,
978 3027 1010 3082 et
1026 3017 1058 3082 in
1080 3015 1207 3085 Aristo-

156 3119 224 3188 tele
240 3119 478 3210 philosophiam
502 3133 534 3186 et
551 3119 711 3187 diutinam
729 3127 854 3188 rnoram
873 3121 914 3189 ad
936 3123 1118 3213 reciprocos
1136 3127 1206 3191 Eu·

155 3227 220 3318 ripi
238 3243 351 3311 aestuS,
374 3228 494 3320 quibus
511 3242 651 3320 uterque
667 3229 834 3296 occubuit.
853 3231 959 3296 Ell'ers
975 3232 1070 3298 etiarn
1087 3231 1204 3301 Clean-

155 3329 396 3428 thisputeum,
414 3349 447 3403 et
464 3341 664 3426 Anaxagorae
679 3335 863 3424 cingulum,
883 3351 915 3404 et
931 3337 1087 3406 Heracliti
1102 3363 1203 3408 moes-

155 3441 300 3511 titiam1.
321 3469 336 3505 u

202 3553 246 3617 ll.
265 3547 415 3618 Narratio
434 3545 606 3638 allegorica
626 3548 720 3639 juxta
746 3560 895 3615 sanctum
919 3547 1140 3637 Augustinum
1165 3571 1202 3618 ea

155 3669 204 3724 cst
224 3679 299 3748 quae
320 3684 335 3718 ι(
358 3653 448 3720 aliud
469 3653 598 3720 videtur
614 3677 729 3721 sonare
743 3653 778 3720 in
793 3655 917 3739 verbis,
936 3668 968 3722 et
985 3653 1075 3722 aliud
1097 3655 1130 3720 in
1149 3655 1202 3723 in-

155 3761 289 3832 tellectu
301 3760 490 3850 significare.
502 3759 770 3842 Quomodbenim
785 3763 892 3852 pergit
908 3775 1050 3844 sanctus,
1066 3765 1198 3849 hoctor,

155 3870 276 3940 dicitur
298 3893 401 3960 agnus
420 3869 567 3938 Christus
596 3899 602 3939 :
628 3869 792 3962 numquid
809 3871 928 3963 pecus?
952 3869 1004 3939 leo
1027 3872 1198 3962 Christus,

191 4011 198 4036 ¹
214 4002 239 4051 S.
250 4003 351 4066 Gregor.
364 3997 447 4050 Theoi.
462 4001 531 4048 Orat.
546 4015 580 4063 ιν,
594 4015 619 4049 n.
637 4011 678 4064 72.
732 4019 735 4030 ε
