2930 4582
225 396 289 460 254
372 409 552 460 annuorum
576 411 601 458 s.
628 411 780 474 alannus,
805 411 881 460 etas
904 417 947 476 11,
972 415 1056 460 seor.
1082 418 1106 456 1.

195 534 198 542 ·
256 513 389 606 «Usque
402 511 658 580 adedatrociaet
669 511 1267 606 intolerandasuntquaesustinuimus

223 619 320 703 mala,
332 633 370 688 ut
383 643 442 712 pro
453 620 498 686 rei
512 619 670 708 gravitate
687 621 829 686 enarrari
843 635 1018 712 nequeant.
1029 623 1072 688 Ut
1087 635 1196 688 autem
1212 643 1267 688 re-

223 749 295 792 rum
309 725 343 792 in
362 749 419 794 nos
438 711 602 816 gestarum
615 725 792 815 indignitas
808 723 904 793 citius
916 726 1142 814 dignoscatur,
1157 749 1267 817 operae

222 831 445 922 pretiumduxi
459 831 625 898 historiam
641 855 680 897 ex
694 832 868 922 Scriptnris
886 832 1025 924 positam
1042 831 1187 905 recitare.
1207 831 1267 902 Vir

224 937 301 1007 olim
319 937 429 1020 levita,
443 938 605 1006 commissi
621 937 655 1004 in
673 961 807 1006 uxorem
824 936 951 1006 sceleris
968 937 1122 1029 injuriam
1140 962 1265 1028 passus,

223 1044 1268 1136 execrandifacinurisatrocitatemsccumperpendens,(Hebreea

223 1155 346 1248 quippe
369 1168 460 1222 etex
485 1153 575 1220 tribu
599 1152 685 1220 luda
707 1153 824 1220 mulier
846 1160 958 1242 erat,)
982 1154 1130 1246 tantique
1153 1154 1269 1242 flagitii

223 1263 380 1348 gravitate
391 1258 571 1348 perculsus,
583 1259 695 1326 divina
711 1259 866 1328 lodicum
889 1253 1057 1351 Scriptural
1071 1277 1223 1328 narrante
1238 1264 1264 1347 1,

222 1390 356 1462 uxorem
373 1366 408 1432 in
425 1366 527 1432 frusta
549 1366 713 1434 concisam
737 1368 823 1434 misit
843 1365 884 1434 ad
900 1391 1012 1434 omnes
1029 1368 1133 1448 tribus
1150 1368 1265 1454 lsrael,

223 1487 345 1540 utnon
366 1471 428 1539 sibi
451 1471 664 1563 peculiarem,
688 1471 746 1540 sed
771 1473 924 1540 omnibus
948 1495 1158 1542 communem
1177 1475 1268 1566 inju-

222 1580 303 1646 riam
321 1593 527 1670 i·eputarent·,
553 1594 585 1646 et
604 1594 641 1646 ut
657 1579 682 1646 si
698 1579 803 1646 vicem
820 1603 911 1646 suam
930 1579 1099 1666 dolerent,
1118 1605 1151 1650 se
1167 1581 1269 1649 ulcis-

222 1703 373 1754 cerentur
386 1711 394 1764 ;
409 1687 458 1752 sin
475 1685 690 1775 negligerent,
709 1685 802 1776 quasi
818 1685 878 1776 ipsi
894 1673 981 1752 tanti
997 1687 1139 1754 criminis
1153 1701 1269 1756 aucto-

222 1817 272 1862 res
285 1776 402 1876 essent,
420 1791 547 1882 pudore
559 1791 842 1858 suffunderentur.
862 1791 975 1860 Nuntii
992 1793 1091 1882 igitur
1107 1817 1176 1861 rem
1193 1818 1268 1884 ges-

223 1912 291 1970 tam
320 1901 524 1967 enarrarunt.
554 1897 605 1965 llli
630 1900 708 1966 vcro
728 1898 765 1964 iis
790 1898 908 1966 auditis
938 1914 1035 1990 atque
1068 1901 1265 1991 perspectis,

222 2008 375 2076 dicebant
392 2009 563 2100 nunquam
578 2004 655 2072 talia
671 2003 761 2072 facta'
774 2029 864 2090 esse,
883 2031 922 2074 ex
937 2008 1003 2098 quil
1020 2007 1073 2076 die
1090 2007 1147 2076 filii
1169 1998 1268 2077 lsrael

223 2138 261 2182 ex
286 2119 429 2205 AEgypto
456 2111 679 2181 ascenderant.
711 2112 874 2180 Universae
902 2113 1002 2202 igitur
1031 2115 1137 2181 trihus
1168 2113 1268 2184 lsrael

222 2221 394 2290 concitatae
407 2234 484 2287 sunt
500 2242 700 2310 :omnesque
717 2220 810 2310 quasi
826 2219 961 2310 singulis
978 2218 1067 2288 illata
1084 2220 1197 2289 fuisset
1212 2223 1267 2290 in-

127 2419 128 2422 *
217 2331 322 2422 juria,
345 2327 498 2397 adversus
520 2327 604 2395 tanti
627 2327 742 2417 llagitii
759 2345 906 2395 auctores
921 2329 955 2400 in
978 2352 1083 2396 unum
1100 2330 1264 2400 coierunt.

221 2441 269 2504 Ac
285 2434 419 2505 demiun
436 2432 563 2502 scelesti
582 2431 629 2500 illi
646 2433 734 2502 bello
755 2434 891 2518 devicti,
911 2450 944 2502 et
959 2435 1001 2502 ab
1022 2437 1176 2504 omnibus
1191 2460 1269 2504 exe·

222 2543 361 2611 crationi
373 2556 450 2608 sunt
466 2539 569 2606 habiti
589 2568 595 2606 :
613 2541 734 2606 etenim
750 2541 807 2631 qui
822 2558 1044 2610 convenerant
1060 2567 1127 2610 non
1144 2568 1267 2634 cogna-

221 2650 362 2732 tionem,
386 2648 443 2714 scd
459 2643 612 2714 facinoris
632 2645 862 2737 indignitatem
888 2671 955 2740 pree
979 2649 1082 2718 oculis
1106 2653 1262 2720 habuere.

209 2757 315 2835 ,Scitis
332 2756 510 2838 historiam,
530 2752 656 2838 l'ratres,
671 2770 703 2821 et
719 2779 795 2846 quae
811 2757 849 2822 ed
865 2756 906 2823 de
924 2781 957 2824 re
973 2758 1008 2824 in
1024 2758 1197 2850 scripturis
1215 2783 1266 2828 ac·

221 2865 333 2934 curate
351 2863 560 2930 recensentur
577 2891 583 2928 :
599 2860 749 2950 pluribus
765 2863 853 2928 enim
870 2887 938 2930 eam
958 2867 1109 2958 prosequi
1128 2891 1194 2934 non
1206 2868 1266 2958 ju-

220 2986 298 3056 vat,
323 2971 412 3061 apud
428 2993 483 3036 eos
504 2968 643 3034 maxime
660 2968 781 3058 quibus
804 2992 854 3036 res
871 2969 975 3060 probe
992 2987 1069 3039 nota
1084 2987 1133 3040 cst
1157 3002 1164 3042 :
1187 2972 1265 3040 ciun

166 3154 168 3158 ,
222 3078 411 3148 necessitate
427 3072 606 3164 compellar
621 3097 745 3165 eaquae
762 3099 851 3143 nunc
869 3092 957 3166 gesta
971 3093 1059 3162 sunt,
1076 3078 1138 3146 illis
1158 3078 1266 3148 multo

221 3187 380 3276 graviora,
396 3199 510 3250 vestrae
531 3182 642 3272 pietati
661 3181 853 3270 significare.
874 3183 953 3252 ldeo
975 3185 1062 3252 enim
1080 3186 1178 3278 liujus
1195 3186 1266 3252 liis-

219 3291 319 3360 toriae.
335 3289 485 3381 memini,
509 3301 547 3355 ut
571 3311 706 3379 eaquae
732 3303 811 3356 tunc
835 3299 923 3380 gesta
949 3306 1026 3358 sunt
1049 3293 1266 3382 praesentibus

219 3413 461 3490 comparantes,
478 3409 510 3462 et
529 3395 665 3463 scientes
682 3399 751 3462 haec
778 3395 841 3462 illis
863 3397 1046 3466 crudeliora
1062 3423 1142 3484 esse,
1161 3399 1265 3490 magis

219 3504 451 3596 indignemini,
474 3503 572 3594 quam
598 3501 646 3568 illi
668 3516 749 3569 tunc
764 3501 921 3570 adversus
946 3502 1097 3574 scelestos
1117 3506 1190 3574 illos
1210 3507 1266 3573 in-

218 3613 343 3706 dignati
364 3627 451 3682 sunt.
473 3603 603 3678 Etenim
622 3607 794 3676 adversum
812 3635 871 3680 nos
891 3627 1075 3702 perpetrata
1095 3613 1261 3699 facinora,

217 3723 319 3814 ipsam
337 3718 601 3810 persecutionum
618 3716 826 3785 acerbitatem
842 3719 940 3808 longe
956 3719 1135 3810 excedunt,
1157 3723 1201 3790 ita
1225 3735 1264 3790 ut

218 3831 334 3920 exigua
345 3828 496 3898 videatur
512 3823 634 3892 Levitae
646 3823 811 3894 calamitas
827 3825 863 3894 iis
880 3825 998 3896 collata
1009 3852 1084 3920 quae
1100 3853 1189 3899 nunc
1205 3829 1264 3898 ad·

253 3969 259 3996 ¹
272 3957 351 4010 ludio.
364 3973 413 4007 xix.
