2930 4582
65 515 73 526 ,
194 447 296 496 carun
319 453 365 498 vr.
391 451 433 496 ns
456 450 611 497 arenauno
635 453 671 496 nr
687 421 896 496 concionibus
911 444 1076 498 tunnam.
1103 436 1166 502 30⁷

131 549 314 620 extimesco.
335 547 510 620 Paulnlbm
525 547 634 618 adhirc
645 601 654 633 ,
667 561 700 618 et
714 571 776 639 ego
791 548 1038 622 intermulieres
1050 550 1168 638 beata,

130 669 163 726 et
182 679 240 727 vos
251 657 337 728 inter
351 653 573 726 adolescentes
590 654 689 724 beati.
705 654 898 724 attoriense
913 658 1024 726 matris
1038 675 1096 728 voe
1108 657 1172 729 de·-

130 762 283 834 siderium
296 764 410 854 angit?
424 761 642 854 Nequaquam
653 780 711 831 vos
725 759 893 848 deseram,
909 761 973 832 boo
987 763 1081 836 vobis
1094 767 1172 858 pol-

129 869 230 941 liceor
243 899 251 940 :
263 893 331 942 non
348 873 415 940 tam
426 869 547 938 liberos
563 889 655 938 meos
670 868 789 938 odi1.»

173 979 226 1048 td
246 1001 368 1049 rerum
384 975 624 1066 Descriptiones
642 974 860 1068 adjungendae
884 990 962 1048 sunt
987 977 1085 1054 etism
1099 977 1174 1050 des·

129 1084 304 1180 criptiones
316 1087 471 1168 morum,
482 1081 574 1174 quod
589 1082 727 1156 maxime
740 1083 906 1174 proposito
917 1098 1030 1156 nostro
1042 1109 1175 1160 accom-
1280 1168 1285 1174 ¹

129 1193 294 1262 nodatur.
309 1192 413 1260 Mirus
424 1201 473 1258 est
487 1189 522 1258 iu
537 1189 600 1258 hoc
617 1208 734 1280 genere
744 1189 941 1276 Cassianus,
958 1213 1102 1283 quorum
1114 1194 1168 1264 hic

129 1297 291 1368 nonnulla
308 1295 483 1366 rescribere
499 1309 559 1366 nec
573 1293 690 1366 inutile
706 1296 766 1364 erit
780 1347 790 1384 ,
804 1319 865 1365 uec
879 1295 1112 1389 injucundum.
1121 1301 1174 1374 tet

128 1403 224 1476 illum
236 1403 396 1495 depingit,
413 1403 471 1495 qui
482 1402 599 1482 morbo
613 1400 744 1472 Aeediae
758 1399 888 1474 laborat
906 1430 913 1474 ι
1035 1461 1036 1468 ,
1081 1453 1083 1460 -

142 1565 147 1573 .
177 1539 194 1576 s
209 1509 298 1582 Cum
312 1509 364 1578 hic
377 1507 508 1580 daemon
521 1507 736 1582 miserabilem
749 1509 916 1582 obsederit
928 1525 1085 1599 mentem,
1099 1514 1177 1586 hor·

128 1639 238 1686 rorem
259 1616 339 1701 loci,
362 1613 531 1686 fastidium
551 1613 668 1701 cellae,
696 1615 836 1687 fratrum
863 1619 1018 1711 quoque,
1045 1621 1104 1714 qui
1118 1621 1172 1694 vel
1202 1641 1205 1648 ·

126 1745 206 1798 cum
227 1746 291 1807 eo,
315 1721 375 1794 rel·
387 1722 516 1792 eminus
535 1737 802 1809 commorantur,
822 1728 982 1817 tanquam
1002 1728 1176 1821 negligen-

125 1827 228 1914 tium,
246 1851 284 1898 ac
307 1827 417 1898 minirs
435 1827 654 1920 spiritualium
672 1830 933 1920 aspernationem
954 1833 1059 1924 gignit
1073 1849 1175 1928 atque

125 1950 367 2028 contemptum.
396 1935 448 2006 nd
468 1960 567 2006 omne
588 1937 722 2030 quoque
746 1961 848 2030 opus,
866 1938 958 2031 quod
972 1941 1058 2012 intra
1075 1959 1167 2036 septa

123 2044 176 2114 sui
191 2041 310 2114 cubilis
325 2056 389 2128 est,
401 2041 480 2115 lacit
493 2041 638 2114 desidem
653 2057 687 2114 et
700 2044 935 2118 inertemNon
949 2050 1072 2118 eumin
1087 2050 1171 2122 cellal

124 2149 288 2236 residere,
306 2173 368 2220 noc
388 2173 525 2240 opernm
542 2149 619 2219 sinit
638 2149 828 2241 impendere
848 2149 999 2240 lectioni,
1021 2155 1171 2251 nihilque

123 2282 157 2328 se
173 2251 334 2352 proficere
349 2271 443 2328 tanto
459 2270 606 2348 tempore
630 2259 665 2329 in
685 2258 800 2330 ealdem
819 2276 1078 2332 commorantem
1101 2287 1169 2337 ere·

123 2364 217 2436 brius
241 2363 425 2456 ingemiscit
443 2392 451 2432 ε
470 2375 503 2432 et
523 2362 566 2431 ab
592 2362 682 2433 omni
706 2386 740 2432 se
763 2363 857 2434 dolet
876 2367 1164 2462 spiritalequaestu

122 2473 255 2542 inanem
266 2473 301 2540 in
311 2496 351 2544 eo
362 2471 436 2542 loco
448 2493 658 2564 vacuumque
667 2471 864 2542 consistere:
879 2475 994 2566 utpote
1006 2479 1064 2569 qui
1075 2477 1165 2567 edm,

120 2593 233 2672 posset
248 2580 347 2648 etiam
363 2579 441 2650 alios
457 2601 591 2670 regere,
619 2602 657 2648 ac
673 2576 828 2669 prodesse
842 2578 1011 2671 plurimis,
1034 2585 1166 2659 nullum
1233 2613 1238 2622 ·
1267 2569 1271 2576 ⁵

120 2687 352 2770 aedificaverit,
370 2709 432 2754 nec
447 2707 647 2778 quemquam
662 2685 866 2754 institutione
878 2688 937 2756 suat
948 2690 1165 2786 doctrinaque

118 2793 269 2864 lucratus
284 2791 337 2860 sit.
355 2790 511 2862 absentia
531 2788 695 2882 longeque
710 2789 815 2880 posita
834 2792 1021 2881 magnificat
1036 2819 1165 2868 monas·

119 2902 204 2972 teria
221 2929 229 2970 :
255 2898 327 2969 loca
348 2899 447 2970 etiam
470 2896 527 2968 illa
543 2897 645 2988 magis
660 2897 702 2968 ad
718 2894 904 2990 profectum
929 2899 1041 2988 utilia,
1060 2918 1093 2972 et
1108 2923 1181 2976 sa·'

117 3007 182 3080 luti
206 3005 459 3096 congruentiora
481 3003 637 3076 describit
660 3033 667 3076 a
690 3006 853 3077 consortia
875 3007 1011 3100 quoque
1035 3009 1160 3085 ibidem

117 3113 259 3184 fratrum
276 3113 408 3195 suavia,
427 3125 460 3179 et
475 3110 572 3202 plena
583 3109 719 3202 spiritali
737 3113 983 3183 conversatione
995 3114 1156 3211 depingit.

117 3223 283 3306 Econtrb,
295 3219 447 3290 universa
461 3241 536 3310 quae
545 3219 710 3289 habentur
724 3219 760 3294 in
775 3243 887 3306 manu,
900 3244 1029 3314 aspera:
1040 3239 1074 3296 et
1090 3249 1158 3298 non

119 3329 227 3400 sollum
243 3326 492 3404 aedificationem
519 3324 645 3398 nullam
667 3349 736 3397 esse
757 3325 792 3394 in
813 3323 992 3414 fratribus,
1010 3333 1069 3422 qui
1083 3358 1158 3404 mo-

120 3451 236 3508 rantur
259 3431 410 3514 in'loco,
442 3429 561 3500 sedne
586 3431 694 3520 ipsum
714 3428 849 3522 quidem
871 3432 995 3502 victum
1015 3442 1159 3530 corporis

121 3541 246 3634 absque
260 3539 388 3630 ingenti
403 3537 516 3608 labore
540 3536 699 3628 conquiri.
723 3538 912 3622 Postremo,
932 3562 1000 3608 non
1016 3565 1111 3632 posse
1125 3565 1161 3618 se
1203 3571 1205 3580 ·

122 3651 238 3724 salvari
254 3663 349 3739 putat
361 3648 396 3716 in
408 3671 447 3716 eo
462 3645 536 3716 loco
549 3636 745 3730 durantem,
764 3645 825 3716 nisi
840 3645 953 3716 relicta
968 3648 1050 3718 cella
1065 3655 1160 3742 (curu

122 3759 188 3851 qual
200 3756 275 3840 sibi,
289 3755 315 3824 si
327 3753 436 3824 adhinc
451 3755 487 3822 eb
503 3752 602 3824 luerit
622 3765 816 3837 remoratus,
836 3752 1040 3844 pereundum
1059 3763 1131 3850 erit,
1146 3769 1160 3856 )

123 3861 241 3938 exinde
257 3863 463 3950 semetipsum
482 3857 675 3951 quantocius
690 3861 912 3950 asportaverit.
929 3861 1054 3934 Deinde
1068 3867 1161 3955 lami.

160 4001 168 4029 ¹
189 3994 213 4042 S.
229 3993 318 4054 Gregor·
342 3987 454 4052 Tlreolog.
467 3987 552 4037 Homil.
573 4003 613 4051 rr,
626 4004 649 4038 u.
662 3987 687 4038 8.
723 4009 725 4013 ’

1008 4072 1058 4135 20.
