2932 4574
275 397 339 458 318
391 415 393 420 ’
429 406 610 458 annnorum
632 407 660 458 e.
684 408 838 474 aternu,
864 411 940 459 raas
962 414 1005 474 ιι,
1031 413 1116 457 secr.
1141 415 1165 456 1.
1228 449 1230 454 .

272 514 487 600 minatioues,
503 512 597 604 vulgi
612 511 808 598 maledicta,
825 527 859 582 et
879 513 941 582 alia
957 511 1109 604 plurima.
1130 512 1187 580 His
1202 524 1312 582 tamen

271 620 320 690 illi
344 620 483 712 diruptis
507 619 618 688 omnia
643 618 806 713 susdeque
827 634 971 696 vertunt.
991 619 1137 704 Quodsi
1155 621 1228 714 quis
1243 621 1315 690 haec

271 726 403 797 vincula
419 724 574 811 auferret,
584 725 610 794 is
622 724 806 795 &monem
819 725 893 796 illos
908 741 1126 819 occupantem
1140 725 1229 795 clare
1240 751 1313 820 cog-

271 817 440 917 nosceret'p
463 831 521 924 qui
542 831 630 900 certe
653 830 759 901 multo
775 847 808 901 et
824 833 930 903 acrior
940 847 973 902 et
986 831 1125 903 ferocior
1137 847 1186 903 est
1201 829 1241 903 eo
1256 834 1312 926 qui

272 963 363 1009 nune
378 961 526 1030 egressus
541 953 705 1010 narratur.

242 1045 245 1050 ’
317 1073 334 1112 n
355 1045 480 1116 Verinn
505 1047 582 1139 quia
601 1045 637 1114 id
660 1045 730 1113 fieri
747 1047 882 1140 nequit,
900 1047 1002 1116 verbo
1018 1059 1128 1115 tamen
1145 1046 1241 1116 tenire
1255 1048 1313 1116 ista

270 1153 454 1244 fingamus,
480 1167 514 1221 et
538 1166 671 1222 catenas
693 1155 763 1247 ejus
783 1177 896 1224 omnes
913 1151 1123 1244 auferamus3
1149 1167 1230 1223 tuuc
1246 1155 1314 1247 ejus

238 1334 241 1339 ,
271 1259 417 1329 furorem
440 1257 568 1352 liquido
590 1253 739 1327 sciemus.
763 1264 807 1328 At
832 1258 973 1328 serame
986 1259 1083 1328 nobis
1097 1258 1257 1336 nudatam
1272 1283 1313 1330 ne

271 1364 453 1436 formidetis
473 1395 480 1435 :
499 1367 534 1433 in
556 1366 659 1435 verbo
673 1368 817 1459 namque
831 1381 900 1436 tota
915 1391 1012 1436 scena
1027 1365 1190 1453 consistit,
1205 1391 1313 1460 neque

159 1538 161 1546 ,
203 1494 209 1508 ‘
270 1473 304 1542 in
320 1473 367 1542 rei
376 1473 513 1542 veritate
529 1472 670 1564 idipsum
685 1474 914 1565 conspicimus.
926 1475 974 1544 Sit
983 1474 1095 1567 itaque
1112 1475 1213 1574 homo
1228 1477 1315 1568 quis-

193 1615 194 1618 *
269 1580 378 1672 piem,
402 1579 511 1668 iguem
532 1579 575 1647 ab
596 1578 698 1648 oculis
715 1575 888 1666 emittens,¹
914 1581 1027 1672 niger,
1046 1581 1155 1673 quiin
1170 1593 1312 1675 utroque

221 1729 222 1733 =
269 1687 406 1754 numere
422 1685 579 1775 dracones
603 1684 783 1777 pendentes
797 1685 872 1755 loco
891 1687 1101 1756 brachiorum
1118 1689 1250 1758 haheat.
1269 1691 1313 1758 Os

268 1792 390 1860 haheat
405 1792 440 1860 in
456 1817 524 1885 quo
545 1791 776 1884 prodentibus
793 1792 893 1884 gladii
906 1793 972 1862 sint
993 1793 1104 1877 infixi,
1125 1817 1184 1886 pro
1199 1795 1312 1886 lingue

268 1899 342 1968 fone
357 1899 446 1968 virus
462 1921 692 1990 venenumque
708 1899 870 1968 emittens.
897 1904 1020 1970 Venter
1042 1903 1110 1994 ejus
1131 1902 1221 1972 omni
1243 1901 1311 1973 for-

267 2029 348 2074 nace
373 2006 415 2074 sit
435 1999 601 2090 voracior,
627 2029 703 2098 quae
722 2006 832 2075 omnia
858 2005 976 2100 injecta
999 2006 1182 2098 deglutiam
1212 2009 1310 2101 pedes

267 2110 325 2180 alis
338 2111 489 2181 instructi
502 2127 537 2181 et
547 2113 680 2180 flamme
695 2113 809 2206 quivis
825 2113 1100 2204 vehementiorem
1118 2115 1229 2186 vultus
1240 2118 1311 2210 ejus

266 2219 357 2290 canis
368 2211 404 2288 et
418 2219 490 2311 lupi
502 2220 644 2311 speciem
656 2217 795 2288 reserat:
812 2243 880 2290 non
892 2220 1071 2298 humanam
1084 2245 1200 2292 vocem
1214 2225 1310 2293 emit-

266 2339 332 2412 tat,
357 2324 416 2396 sed
440 2326 522 2420 quid
545 2326 693 2412 insuave,
710 2327 948 2419 injucundum,
969 2329 1115 2398 terribile
1131 2359 1138 2400 :
1154 2331 1189 2398 in
1204 2331 1310 2400 mani-

264 2435 395 2526 busque
420 2435 568 2504 flammas
583 2435 717 2503 habeat.
735 2434 907 2506 Horrenda
923 2433 1033 2506 sorsin
1053 2439 1146 2508 vobis
1172 2439 1244 2508 haec
1259 2441 1309 2508 vi-

264 2542 416 2610 deantur.
437 2541 502 2634 Sed
517 2540 666 2610 nondum
679 2541 773 2610 illurn
790 2543 840 2610 uti
855 2567 914 2634 par
929 2560 998 2614 erat
1011 2544 1218 2638 depinximus
1234 2577 1242 2617 :
1259 2549 1308 2618 his

264 2648 388 2740 quippe
404 2645 466 2716 alia
481 2661 559 2716 sunt
574 2645 745 2716 addenda.¹
755 2648 878 2718 Obvios
894 2674 1043 2743 quosque
1054 2651 1186 2744 jugulet
1201 2653 1307 2724 aede

262 2768 378 2840 voret,
396 2777 509 2824 carnes
520 2743 654 2824 laceret.
677 2757 748 2824 Hoc
771 2769 917 2826 monstro
933 2756 1075 2826 deterior
1096 2773 1145 2828 est
1159 2764 1305 2850 Avarus3

262 2859 354 2956 <suasi
370 2860 520 2932 infernus
535 2885 648 2932 omnes
665 2860 815 2946 invadit,
831 2863 940 2932 omnia
956 2857 1135 2950 devorans,
1153 2891 1306 2939 commu-

261 2971 312 3040 nis
325 2969 463 3038 humani
477 2968 603 3058 generis
614 2962 716 3044 hostis
728 2967 934 3040 circumiens.
946 2969 1082 3042 Nullum
1094 2973 1219 3065 quippe
1234 2975 1306 3046 vult

261 3074 624 3166 supererechominem,
639 3087 678 3142 ut
688 3073 797 3142 omnia
812 3075 986 3166 possideat.
998 3081 1111 3170 Neque
1124 3079 1179 3150 hic
1195 3095 1307 3150 tamen

261 3181 344 3252 sistit
360 3178 587 3272 gradem-sed
605 3181 778 3272 postquam
796 3193 908 3250 omnes
924 3183 1105 3276 cupiditate
1117 3189 1176 3256 sud
1192 3187 1306 3279 perdi-

79 3412 83 3419 “
157 3443 160 3447 -
260 3422 387 3472 versam
403 3397 540 3468 videre:
564 3421 672 3490 neque
696 3397 980 3484 tantmnterram,
998 3399 1221 3491 eadmerum,
1240 3405 1305 3476 sal-

262 3490 325 3586 tus,
337 3505 496 3574 fontenet
509 3503 618 3574 omnia
636 3527 710 3594 quae
726 3504 789 3572 sub
805 3520 972 3596 aspectum
986 3507 1121 3578 cedunt.
1140 3515 1253 3604 Atque
1268 3525 1306 3584 ut

259 3613 389 3682 discatis
401 3636 461 3680 nos
480 3609 632 3680 nondum
645 3611 716 3700 ejus
727 3607 873 3680 furorem
887 3626 993 3682 totum
1008 3611 1301 3688 demonstravisse:

259 3728 357 3789 demo
369 3717 410 3784 sit
421 3717 480 3808 qui
489 3715 584 3783 illum
597 3729 729 3782 accuset
738 3729 770 3782 et
785 3731 913 3801 terreat,
928 3718 986 3788 sed
999 3720 1078 3790 tolle
1089 3721 1303 3792 formidinem

259 3821 390 3913 legum,
408 3837 442 3890 et
457 3821 583 3892 videbis
598 3820 704 3908 illum,
719 3838 848 3916 arrepto
864 3822 1117 3918 gladio,.otnnes
1130 3831 1303 3902 trucidan-

259 3940 344 4014 tem,
366 3927 489 3996 uemini
512 3943 719 4020 parcentem,
738 3951 805 4000 non
829 3932 957 4019 amico„
970 3953 1038 4032 non
1054 3951 1215 4028 cognato,
1233 3961 1314 4010 non.

261 3290 311 3363 dit
321 3325 336 3376 ,·
348 3303 444 3358 terrae
460 3287 676 3358 substantiam
694 3289 786 3380 cupit
802 3289 950 3375 abolere,
965 3291 1121 3386 illamque
1136 3296 1172 3364 in
1187 3320 1306 3366 aurum
