2992 4590
221 427 324 480 cisun
346 435 393 480 vt.
418 433 640 500 nonmuouo
654 429 690 483 ut
705 429 915 484 consonamus
930 427 1099 480 numm.
1131 413 1197 477 ttt

154 535 255 606 rum?
274 533 389 626 quid,
402 535 556 628 iuquam,
579 533 635 606 vel
656 533 692 604 iu
712 533 778 604 hoc
800 556 909 606 rerum
935 555 1056 624 genere
1069 531 1198 606 Girnrdi

154 637 354 730 subterfugit
380 639 558 732 peritiam?
589 639 840 725 cementariis,
866 639 990 724 labris,
1019 639 1195 731 agricolis,

155 745 361 831 hortulanis,
381 747 571 822 sutoribus,
599 745 702 837 atqud
724 744 907 818 textoribus
930 744 1026 814 facile
1046 747 1199 837 magister

155 867 235 940 erat.
254 852 406 946 Cirmque
428 854 576 926 omnium
590 851 718 944 jndicio
734 851 889 924 omnibus
904 865 987 920 esset
1002 853 1197 942 sapientior,

154 957 230 1046 solis
242 959 275 1030 in
291 960 357 1028 suis
372 957 477 1036 oculis
498 983 566 1030 non
582 969 653 1034 erat
666 957 806 1049 sapiens.
829 957 961 1032 Utinlru
983 954 1124 1041 multos,
1141 958 1201 1024 etsi

153 1064 264 1139 minius
284 1065 467 1156 sapientes,
485 1087 553 1135 non
569 1063 644 1155 plus
660 1076 807 1152 tangeret
821 1060 878 1135 illu
893 1061 1082 1134 maledictio
1099 1088 1108 1132 t
1130 1059 1173 1132 V
1170 1084 1202 1132 ιι·

154 1171 221 1260 qui
238 1170 423 1262 sapientes
448 1169 532 1248 estis
555 1169 592 1246 t'n
615 1165 728 1244 oculu
742 1169 869 1243 vestris
882 1172 893 1215 ¹
908 1169 923 1238 l
939 1168 1125 1240 Scientibns
1139 1169 1202 1241 ista

152 1273 292 1370 loquor,
320 1290 355 1350 ct
376 1274 488 1346 adhuc
502 1273 594 1366 plura
614 1275 663 1352 his
678 1273 723 1354 de
736 1273 807 1360 illu,
824 1287 858 1346 et
873 1276 994 1366 majora
1012 1274 1197 1367 compertis.

154 1386 262 1452 Pareo
287 1395 421 1468 tamen,
447 1383 524 1473 quia
543 1403 619 1449 caro
640 1404 734 1466 meu,
753 1395 786 1453 et
806 1378 1068 1456 frastenestum
1092 1395 1202 1452 tamon

153 1509 293 1574 securus
308 1487 409 1572 addo,
433 1487 514 1562 mihi
528 1487 618 1556 utilis
633 1486 669 1557 in
684 1487 858 1571 omnibus,
876 1500 909 1556 et
924 1511 993 1580 prae
1016 1487 1172 1580 omnibus
1190 1515 1199 1558 z

152 1593 222 1664 fuit
238 1592 324 1682 utilis
336 1593 368 1666 in
384 1592 491 1683 parvis
506 1606 539 1664 et
555 1591 692 1682 maguis,
710 1593 745 1668 in
761 1592 895 1684 privatis
907 1607 940 1666 et
953 1592 1107 1685 publicis,
1123 1591 1202 1664 loris

152 1711 189 1770 et
204 1697 307 1788 inuis.
330 1699 449 1774 Merito
468 1721 508 1770 ex
527 1721 567 1782 eo
587 1697 772 1790 pendebam
789 1713 900 1784 totus,
918 1699 1073 1792 quimihi
1093 1712 1202 1770 totum

144 1819 236 1890 erat.
257 1803 369 1888 Solium
385 1805 470 1897 pene
502 1804 679 1898 reliquerat
701 1805 783 1882 mihi
798 1804 977 1896 provisorie
993 1806 1154 1880 honorem
1169 1819 1203 1874 et

153 1935 301 2002 nomen3
322 1913 399 1984 nim
416 1934 500 2004 opus
524 1912 593 2002 ipse
616 1909 768 1984 faciebat.
791 1915 863 2002 Ego
888 1911 1200 1996 vocitabardbbas‚

153 2017 212 2088 sed
229 2016 284 2086 ille
305 2031 444 2110 praeerat
460 2020 495 2086 in
518 2015 749 2094 sollicitudine.
774 2017 894 2097 Meritd
920 2017 1080 2110 requievit
1095 2017 1130 2091 in
1146 2015 1204 2090 illo

132 2137 133 2142 ’
153 2125 287 2220 spiritus
300 2149 404 2210 meus,
418 2147 588 2218 perquem
602 2125 725 2202 licebat
736 2123 891 2208 delectari
902 2125 936 2202 in
950 2124 1104 2210 Domino,
1115 2147 1203 2218 prus·⁸

155 2230 268 2302 dicare
293 2224 449 2316 liberius,
473 2253 566 2300 orare
590 2229 746 2300 securius.
773 2235 835 2302 Per
849 2245 903 2317 te,
920 2232 1078 2324 inquam,
1097 2231 1202 2316 mihi,

154 2335 257 2407 stater
275 2337 341 2424 mi,
364 2361 458 2428 mens
471 2335 596 2426 sobria,
615 2350 648 2420 et
661 2349 751 2428 grata
763 2337 875 2430 quies,
893 2331 1000 2418 serino
1015 2337 1200 2421 ellieucior,

154 2447 311 2542 pinguior
325 2445 442 2529 oratio,
452 2443 661 2538 ¹frequentior
676 2443 790 2529 lectio,
808 2459 842 2516 et
857 2445 1037 2520 ferventior
1051 2444 1200 2518 affectus.

201 2581 218 2618 u
238 2553 332 2624 Heu!
350 2550 602 2643 sublatuses,et
616 2553 810 2636 haecomnia
825 2552 934 2624 simul.
955 2556 1077 2625 Tecum
1090 2573 1203 2624 omnes

154 2659 279 2754 pariter
298 2661 407 2734 abiere
423 2658 549 2732 deliciae
562 2673 595 2727 et
614 2659 737 2731 laetitiae
754 2685 847 2730 meae.
864 2663 936 2736 lim
951 2685 1039 2735 curae
1052 2661 1200 2748 irruunt,

151 2769 222 2861 jltrn
236 2765 395 2840 molestiae
411 2763 581 2852 hincinde
596 2765 749 2856 pulsant,
765 2779 798 2837 et
814 2767 973 2856 angustiae
989 2767 1138 2858 undique
1154 2791 1204 2836 so·

155 2871 228 2953 lum
246 2895 300 2940 me
316 2872 527 2963 repererunt,
545 2869 623 2956 ¹soleo
649 2871 729 2964 mihi
744 2884 777 2940 te
794 2872 937 2943 abeunte
953 2872 1201 2957 remanserunt,
1322 2907 1324 2911 v

157 2977 246 3070 solus
261 2977 324 3046 sub
336 2979 463 3050 sarcind
477 3001 583 3068 gemo.
601 2983 670 3048 Aut
684 3001 826 3070 ponere,
841 2991 900 3053 aut
915 2977 1056 3071 opprimi
1072 2999 1203 3050 necesse
1305 3027 1307 3032 -

157 3101 230 3172 est,
248 3084 326 3178 quia
340 3098 415 3156 tuos
431 3086 584 3156 humeros
599 3083 794 3162 subduxisti.
810 3085 890 3168 Quis
905 3084 986 3160 milri
998 3084 1124 3160 tribuat
1137 3085 1203 3160 cito

157 3191 242 3261 mori
254 3203 329 3282 post
341 3191 399 3258 te‘l
414 3193 497 3260 Nitm
513 3214 573 3282 pro
590 3205 623 3260 te
635 3189 755 3275 nolim,
774 3205 883 3260 necte
899 3192 956 3259 tui
967 3190 1121 3260 fraudare
1133 3188 1204 3280 glo-

158 3299 216 3368 ril.
236 3300 338 3384 Porro
355 3299 563 3392 supervivere
580 3297 653 3381 tibi,
664 3295 758 3369 labor
769 3312 803 3377 et
818 3296 923 3370 dolor.
939 3299 1073 3383 Vivam,
1091 3299 1203 3390 quoad
1229 3326 1234 3332 ·

158 3405 288 3490 vivom,
318 3405 354 3473 in
381 3403 618 3494 amaritudines,
646 3401 754 3484 vivam
778 3403 814 3470 in
838 3425 1004 3480 moerore:
1025 3419 1058 3472 et
1075 3404 1146 3475 herc
1162 3403 1205 3480 sit

159 3511 242 3594 mihi
268 3508 471 3593 consolatio,
493 3523 531 3578 ut
553 3506 725 3578 moerendo
753 3507 888 3598 affligar.
911 3513 985 3580 Non
1001 3531 1153 3601 parcam,
1170 3523 1205 3581 et

88 3625 90 3632 ’
158 3618 283 3712 juvabo
295 3641 430 3706 manum
447 3616 593 3689 Domini:
606 3615 856 3690 etenimmanus
873 3615 1004 3698 Domini
1019 3616 1126 3706 tetigit
1137 3637 1202 3691 tue.

162 3729 239 3808 Me,
255 3723 415 3816 inquam,
439 3723 544 3814 tetigit
562 3735 595 3792 et
609 3721 768 3814 percussit
784 3753 793 3810 3
810 3745 877 3803 non
896 3721 1011 3806 illurn,
1029 3743 1127 3814 quem
1144 3744 1206 3796 vo·

165 3828 251 3900 cavit
266 3828 310 3898 ud
325 3829 473 3922 requiem
489 3857 497 3898 ε
514 3851 567 3897 me
582 3826 724 3912 occidit,
743 3825 819 3916 ciun
836 3828 976 3912 succidit
989 3826 1096 3902 ittun.
1106 3830 1208 3906 Num·

204 3957 281 4008 ¹lsai.
295 3971 323 4021 v,
336 3970 377 4006 nr.
