2996 4598
269 431 317 496 ‚to
420 444 601 496 auuaomct
620 442 650 494 s.
672 443 828 510 aurnum,
852 445 930 494 alm
951 447 1001 510 rr,
1022 449 1110 494 raca.
1135 450 1159 492 r.

166 529 169 538 ’
269 551 305 618 'et
330 546 460 618 assidua
483 546 626 618 lectione
640 544 864 640 periodiamus
885 544 1079 618 altissimum
1096 544 1317 616 illum-saum

205 643 223 668 '¹
270 651 430 724 doctrinas
444 654 650 740 thesaurum,
667 674 735 746 quo
751 652 870 724 effosso
880 703 890 740 ,
900 652 1030 742 ignaros
1042 649 1177 738 docere,
1191 650 1315 724 etdoc·

269 771 320 830 tos
334 760 548 846 confirmare,
565 779 669 850 aegros
680 780 812 846 sanare,
822 771 856 828 et
863 771 994 828 sanatos
1006 755 1189 846 custodire,
1202 779 1317 828 erran-

267 878 317 936 tes
332 888 500 954 revocare,
515 879 549 936 et
560 867 728 936 revocatos
737 862 890 956 diligere,
907 861 1047 934 rebelles
1057 862 1194 934 demirm
1203 863 1317 936 victri-

265 971 359 1042 cibus
379 971 459 1042 tales
479 971 644 1066 deJicere,
672 983 706 1040 et
726 967 870 1064 dejectos
900 969 989 1042 sorte
1011 967 1125 1044 divina
1145 983 1316 1044 mouente

268 1079 504 1166 misericordil,
519 1076 636 1148 meliirs
649 1077 771 1168 erigere
782 1077 960 1168 yaleamus.

312 1189 371 1258 1v.
388 1183 542 1258 Audire
557 1184 755 1278 Eloquentia
766 1184 855 1254 enim
866 1186 1010 1279 spirante
1020 1183 1150 1256 faciliirs
1165 1185 1317 1280 exemplo

267 1293 370 1386 quam
383 1289 510 1384 frigidis
525 1290 661 1362 discitur
672 1291 859 1384 praecepm,
875 1314 938 1362 noc
953 1289 1062 1360 minim
1072 1283 1317 1363 'Demosthenes

141 1443 144 1450 ι
269 1397 640 1494 Platonemlsaeumque
648 1399 827 1486 audiendo,
839 1401 940 1494 quam
952 1403 1128 1470 Isocratem
1146 1397 1318 1489 Thrrcydi-

269 1491 412 1600 demque
418 1501 559 1596 legendo
566 1501 740 1597 profecisse
751 1528 820 1574 non
830 1501 1209 1598 immeritdorudiderim.
1221 1505 1275 1576 Sic
1282 1519 1318 1580 et

139 1647 142 1654 ·
246 1702 251 1713 Ι
270 1608 396 1680 Tullius
410 1609 501 1706 apud
517 1611 794 1700 Romanus,oi1m
811 1613 880 1705 jan
905 1625 1060 1682 nascente
1076 1609 1232 1682 facundii
1245 1636 1319 1686 om·

269 1715 363 1787 nium
389 1717 513 1788 animos
538 1717 641 1788 insui
653 1717 904 1790 admirationem
919 1719 1153 1804 convertisset,
1167 1718 1317 1790 Athenas

89 1791 104 1928 Ι,
163 1845 164 1849 ’
268 1821 437 1914 profectus
459 1837 509 1894 est
525 1847 648 1916 graecos
668 1838 812 1896 oratores
832 1823 1023 1911 auditurus,
1048 1847 1192 1918 quorum
1211 1823 1318 1896 veluti
1363 1911 1366 1914 Ι

269 1928 1315 2024 formaminsermouibusexprimeret.sic,utdenostrisloquar,
1340 1999 1343 2006 .

269 2050 303 2106 et
318 2036 470 2108 Paulusl
481 2036 675 2126 Gamaliele,
687 2051 722 2108 et
728 2041 858 2110 Marcus
869 2039 890 2108 a
902 2036 1023 2124 Paulo,
1037 2050 1072 2108 et
1087 2035 1318 2130 Polycarpusl

271 2145 291 2211 J
292 2165 411 2232 oanne,
421 2167 490 2214 non
503 2143 610 2218 solirm
619 2143 702 2239 quid
708 2139 941 2238 loquerentur,
955 2141 1191 2236 sedquomodd
1199 2143 1318 2238 loque·

270 2263 384 2320 rentur
398 2249 597 2322 didicerunt
608 2250 985 2352 Promptaestomnibus
994 2247 1134 2320 celebris
1144 2249 1202 2320 illa
1212 2251 1318 2322 saneti

270 2357 388 2426 lraenei
407 2355 452 2427 ad
470 2356 644 2428 Florinum
666 2356 823 2450 epistola,
838 2347 1020 2449 qud'suam
1042 2353 1078 2426 in
1097 2355 1331 2428 auscultando.

199 2455 202 2460 ’
270 2462 453 2557 Polycarpo
465 2462 669 2555 diligentiam
681 2467 919 2534 commemorat
933 2491 945 2532 ι
967 2490 985 2528 u
1003 2465 1072 2549 Ea,
1088 2463 1220 2557 inquit,
1237 2487 1316 2557 qum

271 2582 352 2640 tunc
370 2569 528 2662 temporis
549 2583 641 2662 gesta
654 2583 733 2643 sunt
745 2621 755 2658 ,
768 2567 885 2638 meliis
901 2569 1060 2638 memodi
1075 2583 1194 2658 teneo,
1212 2571 1316 2664 quim

269 2676 327 2746 illa
340 2701 416 2772 quae
429 2699 537 2772 nuper
549 2675 743 2748 aeciderunt
760 2706 768 2748 :
786 2673 870 2752 aded
885 2689 925 2746 ut
936 2689 969 2770 et
982 2675 1095 2746 locum
1113 2676 1224 2768 ipsum
1240 2699 1316 2770 pos·

270 2807 340 2854 sem
354 2783 463 2856 dicere
481 2785 517 2854 in
531 2807 600 2879 quo
614 2785 730 2854 heatus
745 2783 947 2877 Polycarpus
969 2781 1088 2852 sedens
1109 2781 1313 2868 disserebat,
1372 2856 1375 2864 ,

270 2915 440 2986 processus
455 2915 589 2986 quoque
603 2892 728 2985 ejuset
746 2890 931 2982 ingressus,
954 2888 1099 2982 vitaque
1119 2889 1221 2958 totius
1241 2888 1315 2958 for-

271 3021 380 3088 mam,
405 3013 439 3069 et
461 2998 605 3092 corporis
623 2996 790 3090 speeiem,
816 3017 983 3066 sermones
1005 2993 1151 3088 denique
1170 2993 1317 3090 quus'ud

268 3105 433 3202 populum
453 3103 626 3192 habebat,
652 3115 688 3171 et
716 3098 913 3172 familiarem
941 3099 1217 3170 consuetudinem
1239 3123 1320 3194 quae

268 3211 317 3280 illi
333 3233 410 3280 cum
436 3213 586 3296 loanne,
612 3221 651 3278 ut
673 3209 847 3296 narrabat,
875 3221 910 3278 et
929 3230 1008 3276 cum
1022 3205 1156 3302 reliquis
1170 3205 1230 3300 qui
1245 3211 1317 3276 Do-

140 3371 143 3376 -
269 3318 398 3388 minum
420 3314 575 3388 vidissent
591 3315 841 3406 intercesserat,
862 3329 897 3386 et
911 3313 1053 3408 qualiter
1069 3313 1158 3383 dicta
1182 3311 1317 3387 illorum

268 3423 559 3510 commemorabat,
574 3435 607 3494 et
622 3443 842 3516 quaecumque
858 3419 900 3492 de
915 3420 1057 3491 Domino
1073 3419 1115 3488 ab
1128 3419 1243 3488 iisdem
1258 3443 1318 3488 au·

271 3529 417 3618 dierat..
443 3531 480 3600 in
505 3528 660 3600 omnibus
686 3552 762 3598 cum
788 3527 964 3622 scripturis
988 3525 1206 3596 consentiens.
1236 3529 1317 3596 flac

120 3665 125 3682 ·
272 3661 333 3740 ego
345 3638 457 3710 divina
468 3637 550 3708 milri
563 3635 721 3728 largiente
732 3634 953 3706 misericordii
964 3648 1045 3704 tunc
1058 3631 1236 3704 studiosiris
1254 3656 1317 3702 au-

273 3743 428 3833 diebam,
447 3767 520 3815 nou
537 3743 574 3814 in
590 3743 728 3831 chartl,
757 3743 816 3814 sed
835 3743 872 3814 in
887 3741 991 3814 eorde
1012 3763 1088 3813 mco
1100 3738 1216 3812 audita
1231 3738 1317 3810 des·

140 3855 142 3858 ’
271 3851 436 3925 cribens¹.
456 3879 473 3918 rr

307 3990 315 4019 ¹
330 3979 420 4034 Euseb.
442 3978 510 4034 Hirti
522 3978 584 4032 eccl.
599 3977 644 4032 lib.
667 3993 700 4044 v,
715 3991 772 4044 cap.
792 3988 836 4030 ao.
