2984 4580
230 504 332 552 oleon
354 509 400 552 vr.
418 507 459 550 nx
475 507 631 550 uranono
654 506 690 549 rx
712 505 919 550 coucrouraua
942 500 1107 549 summat.
1135 487 1198 549 ³73
1248 561 1254 574 Ι
1282 469 1286 480 ’

98 657 102 674 ,
163 619 294 700 pectus,
318 606 492 676 imoetiam
513 606 707 676 vestimenta
723 616 920 696 spectatores
935 603 1146 675 conturbant.
1168 605 1201 675 Si

161 737 286 808 pauper
305 713 438 808 quidam
465 713 507 782 sit
532 737 571 782 ex
594 711 783 782 rudioribus
806 713 1114 807 abjectioribusque,
1136 715 1200 784 hoc

128 877 132 889 .
161 809 384 913 spectaculum
396 820 484 911 saepe
499 817 635 888 moleste
651 817 746 904 seret,
764 831 797 888 et
811 819 897 887 intra
912 842 947 888 se
965 819 1053 888 dicet
1070 847 1079 889 ε
1096 848 1112 885 u
1129 823 1202 889 Me-

159 929 258 997 retrix
278 926 333 996 illa
359 941 392 995 et
416 915 593 1010 sc'ortator,
618 925 781 995 laniorum
798 924 852 995 vel
862 939 1032 1017 sutorum,
1045 947 1201 996 nonnun·
1249 1011 1254 1020 Ι

159 1037 259 1128 quam
275 1055 443 1102 servorum
455 1031 531 1117 filii,
546 1032 581 1099 iu
596 1033 687 1100 tanta
699 1031 816 1101 vivunt
834 1031 1004 1122 voluptate
1023 1060 1030 1101 :
1049 1053 1109 1122 ego
1122 1035 1201 1102 verb

158 1141 243 1210 liber
263 1155 297 1209 et
315 1163 354 1208 ex
374 1138 484 1207 liberis
503 1152 613 1223 ortus,
626 1139 715 1230 justo
729 1138 843 1207 labore
863 1139 986 1208 victum
1002 1161 1140 1231 parans,
1158 1162 1201 1208 ne

158 1247 324 1318 somnians
343 1245 477 1338 quidem
499 1245 545 1313 ita
565 1243 709 1314 deliciari
724 1265 856 1336 possum
875 1273 882 1313 :
902 1271 917 1308 n
944 1259 977 1312 ct
996 1246 1041 1314 sic
1056 1268 1199 1316 moerore

158 1351 331 1424 conlectus
351 1351 430 1420 abit.
454 1349 554 1442 Apud
569 1350 748 1431 Monachus
770 1363 881 1419 autem
899 1349 983 1418 nibil
1002 1350 1123 1436 simile,
1141 1353 1199 1421 sed
1315 1411 1320 1424 .

158 1458 360 1530 contrarium
374 1457 509 1526 o'mnind
527 1485 535 1526 ι
557 1457 634 1527 citm
650 1457 737 1524 enim
749 1455 804 1524 ille
820 1455 940 1526 viderit
956 1456 1097 1526 divitum
1113 1457 1198 1530 filios

158 1579 192 1634 et
215 1567 376 1657 maj0rum
398 1562 575 1654 insignium
597 1574 733 1654 nepotes
759 1562 798 1631 iis
821 1562 955 1633 vestitos
977 1561 1195 1651 indumentis,

157 1695 232 1764 quae
254 1694 296 1740 ne
316 1692 498 1764 pauperum
517 1667 653 1762 quidem
673 1667 781 1737 ultimi
801 1665 886 1738 serre
905 1670 1136 1760 dignarentur,
1163 1683 1197 1740 et

154 1765 322 1845 inhaere
345 1775 505 1868 gaudere,
525 1775 673 1866 'cogitate
696 1776 819 1868 quanta
840 1778 1041 1870 paupertatis
1066 1779 1197 1871 accepta

153 1883 376 1953 consolatione
387 1881 530 1952 recedat.
547 1883 580 1953 Si
594 1882 686 1952 dives
696 1881 809 1970 fuerit,
821 1882 1021 1982 moderatior
1036 1897 1069 1954 et
1081 1885 1197 1955 melior

152 1989 288 2059 recedit.
308 1993 346 2058 In
372 1990 501 2059 theatro
516 1991 543 2059 si
562 1987 696 2060 videant
710 1990 913 2060 meretricem
929 1991 1035 2060 aureis
1055 1992 1196 2062 circum-

151 2095 263 2166 datam
285 2097 506 2183 ornamentis,
527 2119 653 2189 pauper
672 2094 808 2189 ejulabit
836 2111 870 2166 et
891 2095 1092 2196 deplorabit,
1116 2122 1195 2170 uxo·

151 2225 223 2271 rem
247 2225 339 2272 suam
353 2203 468 2272 videns
490 2202 573 2272 nihil
592 2202 773 2272 istiusmodi
796 2203 975 2273 habentem
993 2204 1135 2277 :divites
1155 2229 1196 2276 ex

148 2310 216 2379 hoc
229 2308 415 2402 spectaculo
427 2307 558 2394 reversi,
577 2331 693 2394 uxores
704 2331 778 2378 suas
792 2309 973 2402 despicient
988 2339 995 2380 :
1013 2313 1090 2380 nim
1102 2325 1194 2404 post-

148 2419 252 2510 quhm
274 2417 426 2486 meretrix
441 2416 670 2502 erraticum,
695 2431 729 2486 et
744 2431 934 2510 aspectum,
954 2433 988 2487 et
1006 2442 1142 2505 vocem,
1160 2433 1194 2490 et
1222 2455 1226 2460 ·

148 2527 326 2609 incessum,
344 2539 378 2594 et
393 2524 504 2594 omnia
519 2523 658 2594 mollitie
676 2523 774 2616 plena
790 2525 939 2594 exhibuit
959 2527 1190 2618 praesentibus,

146 2631 346 2700 inflammati
360 2629 409 2698 illi
423 2630 607 2714 discedunt,
626 2645 659 2699 et
672 2633 792 2722 captivi
809 2633 844 2700 in
862 2631 948 2701 aedes
964 2657 1038 2702 suas
1054 2635 1189 2706 intrant.

147 2740 237 2809 Hinc
254 2736 475 2821 contumeliae,
485 2738 605 2829 jurgia,
616 2737 706 2823 rixae,
722 2737 821 2822 bella,
835 2753 956 2807 mortes
969 2741 1189 2832 quotidianae:

147 2845 236 2914 Hinc
252 2843 320 2914 vita
335 2843 436 2934 captis
451 2843 598 2933 ingrata,
616 2843 736 2935 conjux
751 2841 905 2936 deinceps
916 2843 1114 2937 injucunda,
1132 2846 1192 2916 filii

147 2948 259 3018 mimis
275 2947 442 3033 amabiles,
454 2949 564 3018 omnia
580 2947 670 3018 domi
686 2972 814 3042 pessum
831 2963 923 3034 eunt,
935 2949 982 3019 it'a
994 2965 1032 3020 ut
1046 2949 1100 3020 vel
1115 2952 1191 3023 solis

147 3055 258 3124 radios
277 3053 414 3123 moleste
438 3053 522 3123 ferat
540 3054 599 3148 qui
622 3052 695 3124 talis
719 3053 925 3125 est.Vert1m
947 3079 986 3126 ex
1009 3057 1060 3126 his
1084 3057 1191 3128 choris

147 3162 233 3230 nihil
254 3159 470 3254 injucundum
490 3161 654 3252 refertur,
671 3162 749 3232 hinc
771 3163 958 3233 venientem
978 3188 1063 3234 uxor
1081 3166 1190 3235 virum

148 3282 358 3338 mansuetum
382 3281 416 3336 et
438 3267 552 3336 mitem
571 3268 728 3360 excipiet,
745 3268 787 3336 ab
807 3269 897 3337 omni
913 3270 1054 3339 absurda
1068 3271 1190 3364 volup-

149 3389 217 3444 tate
232 3373 374 3444 liberum
386 3387 420 3442 et
435 3371 612 3442 faciliorem
628 3395 728 3466 quam
743 3374 821 3442 ante
836 3375 986 3466 reperiet.
998 3443 1000 3450 Α
1012 3381 1090 3446 Haec
1105 3376 1191 3446 mala

147 3475 267 3551 chorus
280 3481 352 3567 ille,
372 3481 443 3550 haec
459 3481 547 3548 bona
559 3479 612 3549 hic
628 3479 714 3571 parit
728 3509 736 3568 ;
754 3479 810 3548 ille
822 3503 862 3548 ex
876 3480 992 3550 ovibus
1004 3479 1116 3574 lupos,
1133 3483 1188 3552 hic

150 3612 188 3656 ex
204 3589 291 3680 lupis
306 3610 405 3678 agnos
416 3587 505 3658 facit.
526 3586 590 3657 Sed
606 3584 716 3656 forsan
730 3585 772 3655 de
794 3586 965 3681 voluptate
985 3587 1067 3657 nihil
1082 3589 1191 3659 adbuc

150 3695 266 3764 dixisse
279 3695 441 3764 videmur.
460 3692 548 3776 Quid
560 3691 688 3762 dulcius
707 3696 807 3786 quam
823 3694 969 3774 animum
984 3717 1046 3762 nec
1061 3710 1192 3786 pertur-

151 3801 283 3870 batione
298 3823 359 3870 nec
375 3798 488 3868 dolore
504 3801 662 3890 agitatum
676 3800 818 3887 habere,
835 3803 1006 3894 nunquhm
1026 3803 1062 3869 in
1077 3802 1191 3873 dolore

150 3931 234 3995 esse,
260 3906 313 3978 vel
334 3907 565 3996 ingemiscere?
595 3911 829 3986 Verumtamen
848 3932 1030 3980 sermonem
1053 3909 1191 3980 ulteriirs

150 4013 382 4104 producamus,
402 4026 501 4106 atque
511 4015 683 4106 utriusque
695 4013 767 4084 tiun
782 4015 910 4102 cantds,
928 4007 998 4085 tum
1013 4015 1189 4108 spectaculi
