2996 4598
286 385 329 448 at
441 400 621 448 nummisma
643 399 670 446 s·
695 398 848 466 annuum,
873 399 949 456 etus
972 405 1015 464 u,
1039 399 1124 448 secr.
1150 405 1174 446 ι.

284 525 351 597 que
368 501 470 571 dicis:
494 515 527 570 et
541 501 600 595 qui
612 501 658 570 vis
673 515 707 570 te
722 501 844 589 audiri,
863 503 951 595 prior
965 514 998 570 te
1014 497 1110 590 audi3
1127 513 1161 568 et
1170 499 1223 570 dic
1234 501 1328 593 quod

288 609 370 680 dicit
377 610 413 678 in
428 607 491 680 alio
504 607 633 677 Psalmo
646 607 780 702 quidam
800 606 988 680 :Audiam
1003 604 1093 698 quid
1106 605 1277 698 loquatur
1291 609 1328 676 in

209 745 211 754 ·
288 702 347 785 me
365 713 544 786 Dominus
558 712 672 802 Deus,
686 717 859 806 quoniam
875 713 1041 807 loquetur
1049 738 1183 808 pacem
1194 711 1329 808 populo

287 837 354 891 suo
371 823 395 888 ¹.
414 811 523 902 Qualis
534 821 612 911 ergd
624 843 685 912 ego
700 821 836 914 quinon
853 821 953 906 audio
966 845 1041 914 quae
1055 821 1153 890 inme
1167 819 1327 914 loquitur,

287 943 321 998 et
343 925 419 998 volo
435 940 474 996 ut
494 925 550 996 alii
562 925 701 997 audiant
726 925 818 1021 quod
838 951 896 1021 per
921 951 974 997 me
997 923 1165 1020 loqdltur?
1188 926 1331 997 Audiam

186 1015 190 1025 ’
250 1029 255 1044 ”
284 1034 386 1128 prior,
399 1031 550 1118 «audiam,
567 1033 773 1127 maximeque
787 1031 938 1104 audiam
954 1031 1045 1126 quid
1054 1030 1259 1125 loquiturin
1274 1057 1332 1102 me

184 1128 187 1138 ’
285 1139 467 1211 Dominus
482 1135 625 1208 Deus...
642 1139 783 1210 Audiam
799 1154 838 1210 ut
850 1141 1027 1236 castigem
1041 1161 1172 1232 corpus
1188 1163 1331 1225 meum,

290 1260 326 1317 et
347 1246 509 1316 seruituti
529 1243 741 1342 subjiciam,
761 1247 917 1344 nefortd
933 1245 1018 1342 alu's
1030 1243 1239 1340 praedicans
1254 1249 1331 1338 ipsc

287 1350 463 1444 reprobus
474 1352 693 1430 inueniam.»
705 1358 808 1424 -Ex
822 1355 943 1448 quibus
958 1355 1065 1425 verbis
1077 1353 1202 1448 duplex
1211 1353 1331 1424 veritas

287 1458 397 1550 colligi
413 1471 533 1550 potest,
547 1458 638 1550 prior
653 1460 799 1552 quidem,
818 1462 910 1553 quod
924 1459 1089 1530 auditores
1104 1483 1173 1530 non
1188 1459 1333 1529 debeant

288 1565 460 1634 intendere
483 1587 654 1656 personam
670 1565 851 1662 loquentis,
870 1567 926 1636 sed
946 1567 1104 1658 Spiritum
1119 1568 1180 1637 Dei
1199 1568 1257 1660 qui
1275 1589 1333 1660 per
1438 1567 1441 1571 ’

288 1695 365 1741 eum
386 1670 554 1764 loquitur,
568 1672 661 1765 juxti
675 1672 760 1741 illud
782 1671 932 1766 ejusdem
946 1674 1084 1743 effatum
1107 1703 1114 1743 :
1137 1703 1153 1740 ι
1172 1672 1334 1744 Praedicat

290 1778 353 1848 tibi
369 1775 510 1862 bonus,
535 1801 640 1870 carpe
655 1802 754 1850 uvam
781 1779 823 1848 de
844 1780 932 1870 vite;
952 1781 1059 1850 malus
1075 1781 1137 1851 tibi
1152 1781 1332 1874 praedicat,

291 1907 392 1978 carpe
402 1907 502 1954 uvam
516 1884 720 1981 pendentem
741 1886 776 1954 in
792 1887 890 1978 sepe³
904 1919 914 1976 3
930 1913 947 1952 ι)
964 1888 1123 1979 posterior
1144 1889 1223 1958 verb
1240 1888 1336 1982 'quiid

292 1990 513 2085 aliis'quidem
528 1992 646 2082 saepiirs
659 1991 808 2077 inutiles,
830 1991 893 2062 sibi
910 2007 1021 2062 autem
1038 2017 1166 2088 semper
1185 1995 1336 2065 damnosi

292 2098 482 2199 praedicent,
494 2097 797 2190 quiPharisaeorum
803 2121 895 2168 more
905 2096 1337 2196 dr'cuntetnonsaciuut45

293 2207 364 2277 aliis
375 2204 492 2300 saepiirs
504 2205 649 2294 inutiles,
662 2207 740 2300 quia
755 2207 843 2276 «nisi
858 2205 971 2278 ardeat
981 2208 1131 2278 minister
1139 2209 1334 2302 praedicans,

295 2337 364 2384 non
387 2310 537 2410 pccendit
561 2313 710 2382 eumeni
727 2311 934 2408 praedicat⁵3
954 2341 971 2378 s
992 2315 1055 2384 sibi
1069 2317 1148 2414 verli
1163 2315 1334 2415 damnosi,

257 2434 261 2439 ’
294 2421 372 2515 quia
388 2420 415 2494 si
436 2433 492 2505 tu,
511 2420 574 2510 qui
587 2417 701 2489 alium
716 2418 840 2506 doces,
859 2434 893 2489 te
909 2421 1026 2512 ipsum
1041 2445 1115 2492 non
1131 2419 1256 2507 doces:
1275 2421 1341 2514 qui

290 2522 955 2620 praedicasnonfurandum,furam's:
974 2527 1037 2618 qui
1051 2523 1142 2598 dicis
1156 2552 1230 2598 non
1245 2551 1337 2598 mce-

294 2629 492 2716 chaudum,
507 2627 703 2701 moecharis
720 2657 730 2700 .·
745 2633 809 2722 qui
819 2629 1045 2702 abominaris
1060 2631 1173 2722 idola,
1186 2631 1337 2704 sacrile-

292 2735 500 2834 ‘giumfacis
510 2765 516 2804 :
525 2735 633 2827 quiin
644 2733 723 2832 lege
730 2735 915 2833 gloriaris,
923 2741 1338 2830 perpraeean'catronem

297 2843 386 2940 legis
397 2842 516 2918 Deum
526 2839 724 2912 inhonoras
730 2874 747 2927 ,·
750 2840 936 2939 judicabit
945 2845 1042 2914 certe
1050 2842 1092 2914 id
1100 2843 1200 2938 quod
1206 2843 1273 2916 tibi
1278 2843 1339 2916 do

297 2948 450 3022 cendum
465 2949 669 3045 contigerat
680 2947 796 3044 legem
807 2973 1074 3039 consummans,
1088 2965 1122 3022 te
1133 2953 1197 3043 qui
1200 2976 1338 3046 pareu-

298 3057 423 3128 lorum¹
437 3053 579 3142 doctor,
603 3057 868 3147 praeuaricator
890 3071 1002 3127 tamen
1024 3056 1115 3156 Iegis
1137 3057 1243 3129 sactus
1266 3084 1300 3130 es
1310 3062 1336 3130 ⁶.

297 3169 554 3236 Contemnamus
564 3162 675 3253 igitur,
686 3176 719 3232 et
728 3165 887 3256 tanquim
896 3164 1026 3236 inanem
1040 3165 1249 3259 repudiamus
1261 3190 1340 3236 cum

298 3269 430 3340 iuliano
455 3268 605 3339 Pomerio
628 3297 645 3334 a
670 3267 860 3338 facundiam
892 3271 1112 3364 quorumdam
1137 3273 1196 3362 qui
1229 3273 1340 3342 omnia

298 3399 518 3472 quaecumque
532 3375 712 3462 voluerint,
731 3378 882 3448 accurate
901 3379 1037 3472 quidem
1058 3394 1157 3472 atque
1173 3379 1341 3472 eleganter

242 3477 244 3482 ’
299 3486 473 3554 enuntiant
494 3513 501 3554 :
517 3485 575 3554 sed
590 3484 737 3576 quamvis
753 3487 868 3556 ornate
884 3487 1080 3579 copioseque
1093 3485 1271 3586 disserant,
1288 3503 1340 3558 ta-

297 3618 374 3692 men
392 3593 418 3662 si
438 3591 579 3662 docendi
593 3593 740 3664 officium
757 3597 902 3664 vanitate
921 3593 1073 3688 placendi
1088 3597 1210 3688 magis,
1238 3599 1340 3690 quim

336 3777 345 3803 ¹
362 3718 427 3817 Psali
443 3781 537 3830 ιιιιιι,
550 3783 576 3832 9.
590 3791 622 3803 -
640 3775 652 3802 ¹
674 3768 700 3816 S·
722 3772 821 3834 August.
841 3771 925 3820 Enarr.
939 3768 964 3818 in
978 3767 1041 3818 Paul.
1055 3769 1119 3834 iux,
1129 3786 1154 3820 n.
1170 3771 1212 3822 23.
1227 3767 1281 3808 -³
1301 3771 1339 3823 ld.
1421 3811 1424 3814 -

299 3853 375 3902 Serm.
386 3867 408 3902 cr
418 3851 449 3902 de
465 3849 538 3900 Verb.
552 3853 642 3916 Evang.
654 3852 712 3902 Luc.
726 3867 751 3902 n.
769 3869 809 3904 ιο.
824 3877 856 3890 -
874 3849 986 3902 tnatth.
1003 3867 1073 3918 xxm,
1085 3852 1119 3904 3,
1129 3879 1162 3921 ε
1174 3850 1187 3892 ⁵
1199 3857 1224 3906 S.
1235 3857 1337 3922 lugunt.

229 3932 231 3935 ’
298 3938 383 3986 Enarr.
393 3935 419 3991 in
430 3934 491 3986 Psal.
502 3951 553 4001 curi,
567 3936 643 3986 Serm.
658 3952 686 4000 ιι,
700 3952 726 3988 ιι.
741 3933 765 4000 l.
782 3961 813 3974 ·-
828 3931 922 3989 ⁶nom.
936 3951 963 4002 u,
983 3948 1012 3988 21
1029 3943 1056 3989 et
1063 3952 1131 4004 seqq.
