2996 4598
284 432 326 494 28
437 443 616 494 annroarct
640 446 672 494 s.·
692 412 845 513 staron,
870 447 947 496 rtns
968 451 1014 511 11,
1037 447 1123 494 ster.
1147 451 1177 492 1.-

283 545 478 636 claritate,
495 545 627 642 enfide,
642 552 679 619 in
688 552 859 622 castitate
871 555 895 620 ¹.
904 549 961 622 Tu
973 553 1071 647 ergo,
1085 553 1109 619 ό
1117 546 1226 620 tono
1235 547 1322 636 Dei,

281 655 614 748 sectorejustitiom
622 709 636 742 ,
649 658 839 748 pietatem,
845 653 982 752 fidem,
998 653 1235 744 charitatem,
1250 680 1324 749 pa-

284 762 475 848 tientiam,
500 759 812 832 monsuetudinem
827 768 865 850 ²,
884 757 948 849 ut,
972 762 1048 833 cirm
1069 763 1322 855 praedicaveris,

283 866 346 938 det
365 867 544 940 Dominus
558 868 642 939 voci
657 882 866 938 convocem
877 869 1019 940 virtutis
1035 869 1065 955 ⁸,
1082 891 1209 938 vocem
1224 889 1329 940 rece*

219 1023 228 1030 -
282 973 392 1046 Ianus
404 973 606 1063 condenso,
621 998 746 1046 vocem
760 975 1023 1074 confringentis
1037 971 1165 1048 cedros
1172 1030 1185 1063 ,
1199 999 1325 1048 uocem

279 1085 515 1152 concutientis
527 1081 706 1152 desertum
724 1083 749 1152 ⁴.

324 1193 369 1258 11.
401 1188 530 1259 Orare.
549 1193 620 1260 Hoc
632 1191 720 1260 enim
735 1190 858 1282 primos
872 1189 1042 1283 Evangelii
1061 1212 1228 1284 praecones
1245 1190 1324 1261 ante

278 1295 388 1364 omnia
404 1296 548 1387 posuisse
567 1309 705 1366 testatur
724 1295 779 1366 ille
796 1299 942 1366 Actuum
957 1295 1066 1383 locus,
1079 1298 1115 1366 in
1131 1319 1199 1391 quo
1215 1295 1330 1366 addo--

277 1414 399 1470 cuntur
418 1401 567 1494 Apostoli
587 1417 777 1473 convocatae
796 1402 1015 1489 multitudini,
1033 1403 1249 1474 diaconorum
1261 1402 1323 1472 eli-

277 1508 461 1600 gendorum
473 1511 580 1595 causi,
599 1509 762 1580 dicentes:
780 1509 864 1584 Nos
879 1510 1054 1596 orationi,
1072 1524 1108 1580 et
1124 1509 1324 1579 ministerio

275 1611 379 1683 verbi
386 1616 563 1685 instantes
576 1617 708 1686 eremus
722 1621 752 1707 ⁵3
763 1617 822 1686 ubi
835 1619 1016 1688 orationem
1025 1617 1206 1687 ministerio
1215 1617 1320 1702 verbi,

274 1725 433 1814 tanqulm
454 1722 560 1792 omnis
580 1723 748 1815 sapientiae
764 1723 903 1809 fontem,
929 1724 1086 1816 praemitti
1101 1723 1242 1792 maxime
1258 1747 1321 1796 no-

274 1829 414 1898 tandum
438 1843 498 1898 est.
517 1829 581 1900 Cui
604 1830 735 1900 veritati
751 1832 957 1901 consentiens
978 1830 1068 1900 idem
1091 1833 1320 1923 Augustinus:

278 1963 293 2000 a
318 1938 424 2021 Iusta,
443 1949 476 2013 et
500 1951 629 2024 sancta,
652 1951 686 2006 et
708 1938 798 2016 bona
824 1936 933 2007 dicere
951 1951 1062 2008 noster
1084 1936 1141 2006 ille
1163 1937 1322 2032 eloquens

273 2043 408 2134 poterit
425 2042 548 2137 pietate
567 2044 668 2135 magis
689 2044 896 2131 orationum,
911 2046 1013 2139 qutun
1032 2057 1201 2114 oratorum
1212 2044 1321 2115 lacul-

101 2156 106 2164 '
185 2203 192 2216 ,
274 2160 426 2236 tate,..ut
440 2149 565 2220 orando
580 2173 641 2243 pro
656 2173 702 2237 se,
717 2175 754 2220 ac
766 2155 827 2244 pro
842 2150 919 2237 illis,
931 2173 1014 2245 quos
1030 2165 1079 2220 est
1094 2149 1318 2236 allocuturus,

273 2255 315 2325 sit
335 2269 445 2326 orator
461 2259 637 2351 antequtm
653 2256 799 2328 dictor...
813 2258 1006 2352 Priusqutm
1024 2271 1133 2330 exerat
1147 2257 1320 2352 proferen-

273 2379 340 2434 tem
355 2363 514 2457 linguam,
528 2365 571 2435 ad
584 2371 689 2436 Deum
700 2365 789 2438 levet
804 2367 947 2436 animam
959 2366 1135 2452 sitientem,
1148 2381 1187 2438 ut
1194 2380 1320 2436 eructet

273 2471 365 2565 quod
381 2471 518 2559 biberit,
544 2472 596 2543 vel
612 2472 704 2566 quod
719 2473 904 2565 impleverit
919 2471 1048 2543 fundat.
1072 2471 1158 2543 Cirm
1174 2473 1261 2542 enim
1277 2473 1320 2542 de

272 2579 472 2672 uniquique
484 2601 530 2664 re,
550 2603 626 2671 quae
642 2577 824 2648 secundnm
836 2579 936 2648 fidem
948 2576 1226 2673 dilectionemque
1235 2593 1320 2649 trac-

274 2683 373 2753 tanda
389 2697 479 2771 sunt,
496 2684 601 2754 multa
617 2685 683 2755 sint
697 2709 773 2778 quae
788 2684 957 2772 dicantur,
977 2697 1010 2756 et
1024 2685 1122 2754 multi
1136 2685 1228 2756 modi
1242 2686 1320 2778 qui-

244 2799 246 2804 '
273 2789 336 2862 bus
351 2792 504 2862 dieantur
525 2792 567 2889 ab
584 2793 645 2879 eis,
664 2793 722 2885 qui
737 2794 817 2862 ,haec
831 2793 959 2879 sciunt,
978 2793 1051 2886 quis
1072 2793 1165 2863 novit
1178 2793 1260 2887 quid
1274 2791 1318 2862 ad

271 2923 413 2992 praesens
430 2914 575 2993 tempus,
592 2897 647 2968 vel
671 2898 767 2968 nobis
783 2897 912 2983 dicere,
930 2897 983 2968 vel
1005 2922 1065 2991 per
1087 2922 1148 2968 nos
1164 2899 1319 2991 expediat
1390 2953 1395 2960 .

272 3006 396 3092 audiri,
419 3007 481 3075 nisi
499 3005 558 3099 qui
581 3005 681 3075 corda
702 3005 851 3074 omnium
873 3003 988 3073 videt?
1009 3009 1052 3074 Et
1077 3007 1151 3100 quis
1176 3004 1254 3076 facit
1278 3019 1318 3074 ut

272 3112 364 3204 quod
375 3125 516 3206 oportet,
533 3108 566 3180 et
581 3109 863 3204 quemadmodum
879 3124 1020 3202 oportet,
1030 3110 1159 3181 dicatur
1174 3110 1314 3198 tnobis,

272 3221 333 3301 nisi
346 3222 380 3287 in
395 3221 488 3312 cujus
507 3206 609 3288 manu
628 3233 754 3290 suntet
770 3202 829 3288 nos
841 3232 874 3287 et
890 3241 1054 3289 sermones
1066 3220 1246 3290 nostrii'Ac
1257 3241 1317 3311 per

271 3327 334 3395 hoc
347 3325 451 3396 diseat
462 3324 596 3418 quidem
615 3327 724 3395 omnia
737 3349 812 3420 quae
834 3325 982 3396 docenda
996 3340 1085 3411 sunt,
1104 3326 1162 3419 qui
1176 3340 1209 3396 et
1220 3348 1315 3396 nosse

269 3432 343 3503 vult
360 3446 393 3502 et
408 3432 538 3519 docere,
552 3430 810 3526 facultatemque
820 3431 962 3518 dicendi,
974 3445 1012 3501 ut
1027 3431 1123 3502 decet
1139 3434 1247 3503 virum
1259 3455 1315 3500 ec-

270 3539 498 3626 clesiasticum,
521 3539 768 3632 comparet...Si
784 3539 871 3608 enim
887 3539 1035 3633 loquitur
1050 3540 1085 3608 in
1109 3540 1154 3617 eis
1175 3538 1315 3632 Spiritus

271 3659 402 3715 sanctus
424 3645 482 3740 qui
506 3645 777 3738 persequentibus
800 3643 978 3718 traduntur
1001 3668 1061 3738 pro
1082 3645 1234 3729 Christo,
1255 3667 1314 3714 cur

271 3774 339 3821 non
351 3764 385 3821 et
397 3751 433 3820 in
448 3751 563 3846 eisqui
578 3750 721 3839 tradunt=
730 3751 931 3822 discentibus
941 3751 1108 3822 Christum
1118 3751 1315 3820 trs-Hinc

306 3909 314 3936 ¹
331 3915 342 3950 1
357 3897 459 3950 Timoth.
481 3915 517 3964 m,
541 3911 579 3950 m.
593 3925 626 3936 -
640 3909 651 3936 ²
663 3899 699 3950 ld.
712 3915 748 3964 vr,
764 3915 803 3950 rr.
815 3894 873 3934 ..3
893 3896 957 3949 Psal.
967 3913 1047 3962 uxvu,
1062 3896 1103 3964 34.
1118 3922 1151 3954 -7
1165 3894 1179 3945 t
1191 3897 1228 3950 ld.
1244 3913 1314 3962 xvur,

269 3985 359 4050 5,7,9.
370 3979 482 4037 -ttct
495 4001 531 4051 vr,
540 3981 618 4052 4-0
631 3986 659 4035 S.
672 3985 772 4048 August.
782 3981 904 4035 denocn.
917 3979 1001 4034 christ.
1014 3979 1057 4036 lib.
1068 3997 1104 4047 rr,
1114 3997 1168 4047 cap.
1184 3980 1256 4046 15,n.
1269 3979 1311 4034 32.
