2992 4590
303 425 368 491 iol
450 443 629 493 nnnroruca
651 444 677 492 S.
691 437 854 510 'sarnum
875 439 951 494 etus
973 446 1019 510 11,
1043 441 1129 492 sacr.
1151 445 1176 488 1.

303 545 469 616 ebriorum
481 549 620 618 chorum
635 571 747 620 secum
762 533 906 636 trahens,
924 561 957 620 et
972 569 1131 641 magnum
1147 559 1242 617 tuum
1257 544 1336 616 illud

301 654 495 743 mysterium
512 654 662 742 Phallns,
680 654 761 726 deos
782 657 818 725 in
840 655 970 749 pulchri
985 655 1182 745 Proshymni
1198 675 1337 724 amorem

302 782 494 852 propensus.
514 762 638 832 Rursirs
658 761 783 832 Semele
804 761 945 832 fulmine
960 763 1086 832 feritur.
1104 761 1229 831 Rumirs
1250 773 1338 831 utro·

302 891 368 960 que
388 867 472 960 pede
492 869 630 939 claudus
655 869 841 956 Vulcanus,
868 870 981 939 verbm
1004 871 1040 938 in
1060 861 1339 960 deprehendendis

302 970 459 1044 'adulteris
483 975 570 1044 idern
598 973 701 1061 celer,
723 989 756 1044 et
776 979 861 1045 Deus
886 974 1023 1068 iuligine
1045 975 1188 1060 obsitus,
1215 975 1340 1045 tametsi

302 1081 409 1152 clarus
425 1083 559 1170 artifex,
576 1107 613 1154 ac
635 1085 797 1154 Thersites
818 1083 1002 1178 Olympius.
1020 1084 1145 1154 Rursirs
1163 1088 1251 1155 Mars
1267 1105 1340 1154 curn

298 1197 361 1258 'suo
377 1190 506 1275 timore,
525 1204 557 1259 et
571 1204 696 1260 terrore
712 1215 749 1261 ac
764 1191 962 1261 tumultibus
976 1191 1019 1262 ob
1035 1189 1234 1260 adulterium
1249 1190 1340 1260 vinc·

301 1291 375 1383 tus,
393 1311 426 1367 et
442 1300 486 1368 ob
502 1300 717 1368 temeritatem
734 1300 873 1370 saucius.
896 1300 1020 1369 Rursus
1041 1298 1194 1367 meretrix
1209 1301 1338 1382 Venus,

302 1404 375 1473 tirrn
399 1403 539 1498 turpiter
560 1407 751 1498 progenita,
769 1406 841 1475 tiun
858 1406 1004 1497 turpium
1028 1405 1219 1498 nuptiarum
1238 1399 1340 1471 adrni-

302 1512 415 1581 nistra.
444 1513 569 1583 Rursirs
596 1515 742 1584 Minerva
767 1513 861 1604 virgo
888 1526 953 1597 est,
983 1524 1016 1580 et
1038 1509 1215 1580 draconem
1245 1510 1338 1602 parit.

302 1620 428 1689 Rursirs
443 1620 599 1690 Hercules
619 1617 711 1706 furit,
730 1622 797 1689 imb
813 1618 922 1688 furere
944 1619 1051 1688 desiit.
1074 1617 1200 1713 Rursirs
1216 1618 1342 1711 Jupiter

302 1725 346 1793 ob
357 1721 528 1793 libidinem
543 1741 576 1795 et
591 1727 779 1818 spurcitiem
790 1725 918 1820 quidvis
930 1723 1090 1810 efficitur,
1104 1723 1172 1809 ille,
1190 1725 1339 1818 inquam,

301 1830 441 1900 deorum
457 1833 658 1902 consiliarius
675 1849 708 1902 et
723 1833 886 1926 princeps,
905 1855 1042 1925 eamque
1060 1831 1127 1901 vim
1143 1830 1284 1916 habens,
1307 1845 1341 1900 ut

302 1937 390 2007 solus
412 1939 490 2007 deos
509 1963 621 2008 omnes
643 1963 720 2008 cum
736 1935 890 2008 omnibus
912 1938 1010 2008 rebus
1033 1938 1160 2008 sursirm
1179 1939 1339 2024 attrahat,

302 2045 370 2138 ip'se
396 2059 505 2113 autern
532 2045 574 2112 ab
600 2044 753 2114 omnibus
776 2043 904 2114 detrahi
928 2060 1080 2138 nequeat.
1106 2044 1232 2116 Rursits
1257 2044 1342 2114 toris

303 2149 489 2242 sepulcrum
505 2152 540 2218 in
552 2155 649 2222 Creti
664 2152 858 2221 ostenditur.
876 2153 1008 2233 Quoties
1019 2151 1173 2221 Lucrium
1189 2163 1297 2237 tunm,
1311 2165 1342 2220 et

305 2257 464 2348 Logium,
483 2272 515 2326 et
530 2260 737 2350 Euagonium
754 2259 901 2344 intueor,
919 2257 1031 2328 oculos
1049 2257 1187 2350 ohtego,
1207 2279 1244 2326 ac
1255 2247 1342 2351 spec·

303 2364 406 2432 taculi
428 2363 555 2456 pudore
579 2369 684 2434 Deum
707 2379 803 2434 tuum
830 2380 997 2457 praetereo.
1023 2365 1095 2452 Tibi
1116 2367 1195 2434 verb
1220 2385 1277 2456 per
1296 2387 1344 2432 me

304 2473 381 2541 sane
402 2469 498 2542 liceat
514 2475 671 2542 sermonis
693 2475 937 2545 contentionem
960 2487 993 2541 et
1013 2471 1180 2542 sacculum
1196 2473 1341 2542 adorare.

305 2581 416 2647 Unum
440 2577 546 2646 solum
567 2570 602 2647 in
623 2581 687 2648 tuis
707 2581 804 2648 rebus
820 2594 884 2665 est,
909 2579 1000 2672 quod
1014 2580 1258 2649 venerationem
1276 2601 1342 2648 me-

304 2698 427 2770 reatur,
443 2684 600 2754 nimiritm
613 2687 763 2756 homines
778 2688 816 2772 ii,
836 2688 893 2781 qui
909 2685 998 2779 apud
1013 2688 1184 2780 AEgyptios
1197 2686 1274 2756 Nilo
1291 2711 1346 2780 per

305 2791 524 2884 Androgynos
541 2793 722 2880 habentur,
737 2808 769 2862 et
784 2793 899 2877 lsides,
913 2808 946 2862 et
961 2791 1119 2882 Mendesii
1133 2793 1201 2878 Dii,
1221 2807 1254 2862 et
1268 2795 1346 2888 Api-

306 2902 383 2986 des,
404 2914 596 2994 caeteraeque
616 2925 728 2970 omnes
741 2902 852 2970 bestiae
868 2925 908 2996 err
924 2899 1056 2970 diversis
1074 2901 1248 2992 generibus
1268 2925 1347 2972 con·

306 3007 393 3075 flatae
409 3021 442 3075 et
451 3006 657 3098 prodigiosae,
676 3031 758 3100 quas
773 3007 932 3098 confingis
948 3020 980 3074 et
995 3007 1120 3099 pingis
1133 3011 1221 3075 Pana
1232 3021 1344 3094 tuum,
1372 3095 1376 3102 .

306 3129 339 3182 et
360 3117 534 3206 Priapum,
558 3129 591 3182 et
615 3114 929 3207 Hermaphroditum
952 3107 1055 3200 rideo,
1083 3101 1228 3208 deosque
1251 3116 1344 3202 illos,

306 3221 364 3313 qui
379 3234 448 3312 prae
467 3217 579 3290 lurore
594 3221 750 3290 membris
766 3223 908 3291 truncati
925 3233 983 3290 aut
1001 3222 1155 3313 discerpti
1169 3236 1257 3291 suut.
1280 3227 1345 3292 Ve·

270 3377 273 3384 .
307 3326 379 3394 riun
397 3327 468 3396 haec
491 3326 626 3422 quidem
646 3351 767 3414 scenae,
790 3351 827 3398 ac
843 3329 947 3421 poetis
969 3351 1023 3397 eos
1044 3329 1277 3426 exornantibus
1294 3354 1346 3398 re-

265 3471 267 3475 ·
305 3433 454 3530 linquam
472 3465 479 3506 :
494 3459 554 3526 ego
567 3451 719 3506 autem...
738 3437 919 3516 orationem
935 3433 1132 3506 concludam
1151 3438 1173 3502 ¹.
1197 3466 1211 3500 »

345 3627 352 3654 ¹
366 3619 390 3668 S.
405 3620 503 3684 Gregor.
515 3617 597 3668 Tbeol.
613 3619 680 3671 Orat.
692 3633 718 3680 v,
727 3629 752 3668 n.
766 3617 857 3668 ati-32.
