2982 4584
233 437 335 488 elsua
358 441 405 486 vr.
423 441 465 488 ns
483 428 640 486 mentone
663 439 699 484 rs
721 433 930 484 concremans
951 432 1118 484 nosram.
1144 418 1210 484 459
1245 447 1249 452 ·

165 541 226 612 tati
241 531 388 633 parestl
400 543 444 611 Ut
458 539 565 612 solrim
579 553 663 608 esset
677 539 788 626 tristis,
805 538 925 632 inquit,
944 538 1052 608 remim
1061 552 1206 632 peccata.

163 649 358 719 Nos'autem
377 669 419 716 ne
435 648 499 718 hoc
516 645 653 740 quidem
668 643 806 716 iacimus
830 673 837 714 :
855 643 931 714 ided
948 645 1208 716 morinensem

163 754 207 824 ad
226 755 309 824 iram
329 775 557 846 provocamus.
585 752 651 834 Qui
666 751 755 820 enim
777 775 836 844 per
860 773 960 844 parva
983 764 1071 842 gesta
1097 753 1208 848 propi-

162 862 227 932 tius
243 861 349 934 sactus
365 876 430 948 est,
448 859 585 953 qnando
606 879 643 928 ea
659 881 727 930 non
743 857 843 930 suerit
863 871 1030 930 assecutus
1041 909 1051 944 ,
1064 860 1141 952 jure
1154 860 1208 930 in-

161 967 331 1060 dignatur,
349 981 384 1038 et
405 979 589 1038 extremum
604 963 646 1036 de
667 965 764 1036 nohis
784 965 885 1036 sumit
907 964 1107 1060 supplicium
1132 980 1208 1038 :est

160 1076 247 1145 enim
270 1076 335 1144 hoc
360 1073 481 1142 snmrni
495 1072 716 1165 contempnis.
735 1075 813 1156 Quis
839 1073 928 1144 enim
948 1074 1098 1168 unqudm
1118 1097 1206 1164 moe-

159 1205 234 1252 rore
250 1182 387 1254 affectus
406 1178 471 1250 suit
486 1193 619 1273 propter
636 1183 828 1272 peccatum?
848 1181 922 1274 quis
941 1179 1206 1275 ingemuithuis

159 1302 276 1382 pectus
300 1288 485 1381 percussit?
510 1289 584 1382 quis
608 1286 767 1360 sollicitus
789 1286 881 1358 fuit?
903 1309 964 1378 ego
987 1301 1070 1381 puto
1097 1291 1205 1368 nemi·

159 1420 249 1468 nem.
278 1395 343 1468 Sed
363 1396 544 1466 innumeris
560 1395 677 1466 diebus
692 1394 808 1487 lugent
829 1397 1051 1488 hominespro
1073 1394 1205 1474 famulis

158 1504 315 1591 mortuis,
336 1525 397 1596 pro
410 1504 559 1596 pecuniae
571 1505 711 1597 jactum.
730 1501 942 1574 (limantem
960 1504 1103 1574 animam
1117 1529 1204 1598 quo·-

159 1610 240 1682 odit
256 1610 446 1702 perdamus,
461 1609 497 1682 id
514 1633 557 1680 ne
576 1611 756 1702 cogitamus
771 1609 920 1704 quidem.
935 1609 1112 1694 Quomodo
1126 1614 1206 1703 ergo

41 1805 45 1810 Ι
108 1749 112 1755 ·
157 1717 280 1809 poteris
301 1721 406 1786 Deum
431 1717 493 1786 tibi
515 1717 696 1810 propitium
719 1714 876 1803 reddere,
897 1715 974 1786 ciam
998 1716 1203 1810 nequidem

155 1824 237 1894 scias
251 1837 283 1892 te
298 1825 499 1914 peccavisse?
513 1825 635 1910 Etiam,
649 1823 790 1917 inquies,
801 1823 946 1916 peccavi.
965 1824 1074 1894 Etiam
1087 1823 1203 1917 lingui

155 1927 292 2022 quidem
312 1929 462 2023 profers,
479 1930 532 2002 dic
547 1931 628 2002 mihi
652 1945 685 2002 et
700 1944 831 2018 mente,
851 1944 885 2002 et
899 1929 977 2000 cum
992 1930 1130 2018 dixeris,
1147 1933 1201 2002 in-

155 2037 315 2128 gemisce3
332 2051 372 2108 ut
386 2039 428 2108 sis
444 2059 572 2132 semper
583 2037 673 2109 bono
689 2037 810 2108 animo.
829 2037 961 2106 Etenim
973 2037 1001 2108 si
1016 2035 1202 2110 doleremus

154 2159 290 2238 propter
314 2160 466 2237 peccata,
492 2148 519 2218 si
542 2169 609 2238 pro
632 2145 762 2217 delictis
784 2145 1088 2235 ingemisceremus‚
1117 2147 1201 2219 nihil

99 2343 102 2348 ι
154 2250 246 2322 aliud
257 2274 317 2324 nos
330 2251 444 2322 dolore
460 2252 617 2339 afficeret,
631 2253 695 2322 hoc
710 2251 825 2322 dolore
840 2274 973 2322 omnem
989 2252 1090 2321 animi
1104 2253 1201 2344 aegri-

153 2359 303 2430 tudinem
327 2359 523 2452 expellente.
547 2361 770 2443 Quamobrem
789 2357 880 2428 aliud
901 2358 1036 2452 quoque
1055 2357 1199 2428 lucrare·

153 2488 228 2536 mur
247 2488 325 2536 cum
348 2466 573 2553 confessione,
591 2465 711 2558 nempe
727 2463 819 2560 quod
840 2487 909 2538 uon
929 2465 1198 2558 immergerentur

152 2571 188 2640 in
209 2573 310 2663 hujus
334 2573 411 2644 vitae
429 2572 647 2659 calamitates,
675 2595 783 2667 neque
799 2573 833 2642 in
860 2572 957 2642 rebus
972 2574 1134 2666 prosperis
1160 2595 1198 2644 ac
1219 2583 1222 2588 '

152 2677 318 2770 preeclaris
333 2677 534 2748 inflaremur.
553 2683 597 2748 Et
611 2680 674 2748 hdo
684 2680 811 2748 ratione
826 2679 957 2748 rursiam
972 2680 1075 2770 magis
1091 2685 1196 2751 Deum
1272 2713 1276 2716 ·

152 2783 377 2875 placaremus,
395 2797 434 2854 ut
444 2785 512 2877 jem
523 2806 581 2875 per
592 2798 681 2873 gesta
692 2796 802 2855 nostra
818 2785 860 2854 ad
871 2785 953 2852 iram
965 2807 1193 2876 provocamus.

153 2889 213 2960 Dic
229 2889 316 2958 enim
332 2889 432 2981 milri,
448 2891 475 2960 si
489 2913 589 2983 quern
601 2890 723 2960 habeas
737 2887 917 2977 famulum,
933 2891 991 2984 qui
1003 2890 1107 2962 multa
1121 2914 1197 2984 pas·

151 3019 206 3068 sus
223 2997 243 3066 ὲ
258 2999 435 3084 conservis,
453 2998 496 3068 de
508 2997 578 3068 aliis
592 2996 727 3091 quidem
737 2991 864 3068 nullam
876 2997 998 3086 habeat
1009 2997 1169 3068 rationem
1184 3027 1192 3070 ε

150 3101 208 3174 sed
220 3126 320 3174 unam
335 3127 405 3176 rem
419 3119 513 3176 curet
528 3119 619 3176 utne
631 3107 749 3185 herum
764 3128 862 3176 suum
877 3105 920 3176 ad
938 3104 1021 3175 iram
1031 3105 1193 3194 concitet,

151 3233 263 3282 annon
275 3211 353 3281 hinc
369 3211 476 3282 solirm
491 3213 612 3303 poterit
626 3215 706 3284 iram
721 3227 814 3284 tuam
829 3213 965 3284 sedare?
982 3213 1071 3297 Quid
1083 3228 1195 3288 autem

151 3318 178 3386 si
193 3340 307 3389 eorum
323 3341 399 3411 quae
414 3318 449 3386 in
464 3331 497 3388 te
510 3317 662 3411 deliquit,
681 3319 807 3390 nullam
822 3342 935 3390 curam
950 3321 1085 3407 habeat,
1102 3337 1195 3393 curet

151 3437 263 3494 autem
280 3447 318 3493 ea
330 3447 406 3517 quae
417 3425 453 3494 in
468 3446 641 3496 conservos
653 3423 811 3517 deliquit,
827 3449 938 3496 nonne
953 3429 1060 3519 majus
1074 3424 1196 3500 inferes

88 3579 90 3588 ,
151 3531 432 3622 suppliciumllti
442 3531 540 3603 etiam
556 3531 637 3604 l'acit
648 3535 747 3601 Deus.
769 3531 855 3604 utun
870 3534 940 3625 ejus
955 3534 1036 3604 iram
1052 3558 1123 3604 non
1135 3557 1196 3606 cu-

151 3659 273 3723 ramus,
291 3637 382 3710 illam
397 3636 499 3712 infert
514 3639 809 3730 vehementiorem,
830 3639 906 3710 ciam
922 3654 1116 3712 autemeam
1133 3665 1194 3712 cu·

151 3766 280 3828 ramus,
303 3745 476 3818 mitiorem.
497 3747 570 3818 lmd
586 3769 629 3816 ne
643 3747 797 3840 deinceps
818 3747 954 3842 quidem
968 3747 1059 3820 illam
1078 3749 1190 3822 infert.

151 3848 233 3923 Vult
247 3849 335 3918 enim
357 3863 395 3920 ut
410 3853 544 3944 nosipsi
566 3865 776 3945 peccatorum
796 3877 911 3950 poenas
935 3854 1065 3926 anobis
1084 3856 1194 3947 exiga-

151 3978 241 4045 mus,
268 3953 323 4027 ille
345 3958 422 4026 vero
449 3981 517 4028 non
542 3958 630 4030 ultri
652 3960 678 4028 ’ἐι
697 3959 790 4029 nobis
811 3960 922 4053 erigit.
949 3960 1028 4034 lded
1052 3963 1196 4056 namque
