2964 4576
196 396 296 442 error
319 399 364 452 vr.
390 399 432 454 pr
454 397 609 455 usruopo
632 397 667 443 ιιι
682 398 891 459 ιοιιιιοιιιιιιιι
906 397 1072 462 rupium.
1098 343 1168 460 bod

131 493 256 584 nobes,
274 510 310 568 et
323 493 388 594 fll'
373 519 427 566 rur
360 491 553 566 [datus
569 507 623 564 est
634 490 774 569 nobem
795 499 951 570 Attamen
962 499 1167 588 perturbeti,

130 627 198 678 non
213 616 330 684 curant
349 602 459 670 videre
474 599 566 694 quod
583 612 712 718 gestum
727 612 796 686 est,
814 623 882 669 non
896 605 1008 691 Magos
1024 626 1170 707 sequun-

131 725 208 797 tur,
225 733 293 786 non
314 709 540 797 sciscitantur,
565 708 611 776 itt
626 705 783 776 nimirum
800 707 994 778 contentiosi
1013 724 1047 783 et
1074 713 1174 796 simui

130 817 279 888 socordes
295 839 363 910 prae
389 814 544 886 omnibus
565 826 688 887 erant:
691 810 783 883 cirm
797 835 857 916 par
871 812 986 898 suisset
1001 817 1087 884 enim
1101 819 1172 908 glo

130 926 206 1016 riarr
196 923 318 1018 quod
334 947 390 992 rex
403 923 461 996 ille
476 922 566 1014 apud
582 943 617 990 se
642 931 737 991 natus
761 934 863 1007 esset,
886 920 978 1014 quod
1002 925 1177 1008 Persarum,

128 1033 294 1126 regionem
307 1031 349 1106 ad
364 1054 398 1102 se
411 1031 579 1116 traxisset,
598 1051 635 1101 ac
650 1026 720 1101 fore
736 1026 905 1101 videretur
919 1043 958 1101 ut
984 1052 1097 1112 omnes
1111 1032 1176 1103 sibi

126 1139 253 1212 subditi
281 1152 408 1224 essent,
435 1137 569 1230 quando
591 1159 641 1210 res
667 1136 712 1211 sic
733 1135 888 1228 prospere
914 1138 1070 1222 caderent
1089 1153 1124 1213 et
1137 1140 1175 1222 in

125 1247 245 1332 melius
261 1247 459 1339 proficerent
473 1267 533 1334 pac
545 1241 597 1314 vel
611 1245 630 1312 a
644 1243 805 1336 principio
818 1243 994 1335 imperium
1007 1245 1055 1330 ita
1066 1247 1173 1338 splen·

124 1351 248 1430 didum
264 1363 348 1423 esset
362 1382 373 1440 3
386 1348 433 1423 illi
445 1363 552 1420 tamen
567 1371 609 1421 ne
625 1348 670 1424 sic
686 1347 869 1444 q'uidemin
886 1349 1023 1433 meliora
1037 1365 1172 1434 mutam-

123 1474 205 1544 tur,
232 1457 357 1528 etiamsi
376 1479 481 1551 nuper
501 1455 660 1529 suerentt
680 1456 867 1550 captivitate
880 1457 1005 1550 persua
1028 1457 1169 1545 liberati.

122 1558 234 1658 Atqui
258 1577 410 1656 parerat
435 1563 520 1648 illos,
547 1562 676 1656 etiamsi
703 1587 900 1636 arcanorum
923 1578 957 1637 et
982 1563 1174 1646 sublimium

122 1674 233 1764 ignarr
223 1667 406 1754 fuissent,
433 1683 466 1741 et
485 1692 525 1744 ex
540 1647 756 1764 praesenribus
778 1670 909 1744 tantum
932 1669 1095 1744 calculum
1113 1695 1176 1764 po·-

72 1823 74 1828 ·
124 1775 292 1861 ruissent,
320 1777 392 1846 baec
419 1775 561 1871 cogitare
587 1789 729 1846 tamen:
758 1776 791 1846 Si
818 1789 934 1848 natum
961 1800 1070 1864 regern
1096 1802 1175 1852 nos-

125 1900 218 1955 trum
253 1869 299 1957 ira
332 1881 538 1970 formidant,
571 1881 679 1954 multo
713 1884 863 1974 magis,
883 1883 961 1954 crim
999 1881 1180 1958 adoleverit

11 2073 13 2094 1
126 1995 235 2086 ipsum
267 1991 522 2084 pertimescent,
553 1991 682 2086 ipsique
713 1991 961 2086 obsequentur,
1001 2006 1179 2085 nostraque

11 2097 12 2124 ³
127 2097 307 2174 barbaricis
333 2094 555 2188 splendidiora
587 2094 701 2171 futura
729 2109 818 2166 sunt.
860 2097 924 2175 Sed
946 2096 1031 2175 nihil
1060 2099 1178 2190 hujus-

127 2203 220 2280 modi
244 2203 390 2299 ipsorum
415 2201 544 2270 animos.
561 2201 682 2291 erigit:
704 2215 797 2276 tanta
812 2200 937 2270 scilicet
957 2216 1028 2276 erat
1046 2201 1181 2288 illorum

129 2309 277 2382 socordia
300 2333 377 2380 cum
393 2307 498 2380 livore
518 2309 727 2402 conjuncta:
753 2309 844 2400 quod
870 2322 1050 2402 utrumque
1065 2310 1183 2389 vitium

130 2441 189 2488 nos
213 2429 345 2510 oportet
366 2415 544 2506 diligenter
561 2437 693 2500 arcere,
712 2435 857 2506 eumque
879 2415 939 2508 qui
955 2414 1111 2498 adversius
1123 2416 1185 2502 ista

130 2523 234 2602 aciem
249 2521 413 2608 instruet,
431 2519 507 2612 igne
533 2519 775 2592 ferventiorem
788 2543 867 2594 esse.
895 2521 1118 2604 Quamobrem
1135 2520 1184 2597 di:

131 2629 230 2700 cebet
254 2628 402 2701 Christus
427 2655 434 2694 ι
458 2623 592 2719 Ignem
620 2627 705 2696 oeni
716 2625 868 2698 ,mittere
904 2629 942 2695 in
967 2640 1120 2715 terram,
1148 2643 1185 2714 ct
1253 2634 1255 2639 '

131 2731 222 2826 quid
234 2730 333 2820 volo,
347 2731 420 2800 ursi
428 2787 430 2792 ,
440 2743 479 2800 ut
493 2727 753 2802 accendatur&
776 2731 923 2822 Ideoque
936 2733 1074 2825 Spiritus
1096 2735 1180 2824 ignis

132 2843 239 2934 specie
254 2838 416 2932 apparuit.

176 2975 192 3012 ι
214 2946 341 3022 Verum
364 2967 424 3015 nos
446 2944 555 3013 cinere
566 2941 750 3032 frigidiores
764 2994 774 3028 ,
788 2955 821 3010 et
832 2941 971 3012 mortuis
986 2941 1182 3036 stupidiores
1266 2971 1268 2975 ·
1386 3015 1388 3022 ,

132 3049 1178 3143 sactisumus3licetPaulumvideamussupercoelumetcoelurp

132 3160 207 3230 coeli
224 3159 414 3245 volantem,
433 3172 466 3228 et
480 3157 707 3228 vehementius
723 3159 824 3249 quim
841 3157 911 3249 ipsa
922 3158 1054 3228 flamma
1070 3159 1179 3252 omnia

132 3267 319 3339 vincentem
336 3280 368 3335 et
382 3279 615 3358 superantem,
634 3286 796 3356 superna,
817 3263 966 3352 inferna,
984 3266 1176 3356 praesentia,

133 3371 245 3442 futura
255 3405 264 3461 3
276 3395 314 3440 ea
320 3397 397 3468 quse
409 3385 486 3440 sunt
497 3384 530 3440 et
543 3394 580 3440 ca
591 3394 666 3464 quae
674 3393 742 3438 non
754 3383 841 3447 sunt.
851 3370 948 3452 Quod
958 3372 984 3438 si
995 3372 1058 3440 boc
1069 3365 1178 3443 exem·

132 3479 223 3573 'plum
240 3483 339 3572 suprb
360 3494 392 3551 te
414 3492 478 3567 est,
498 3479 566 3570 jam
590 3477 729 3568 torporis
753 3491 802 3550 est
825 3479 885 3556 iste
901 3478 1069 3563 obtentus.
1089 3479 1178 3572 Quid

134 3587 221 3654 enirn
237 3585 424 3680 plusquam
439 3599 476 3652 tu
496 3581 614 3653 habuit
634 3581 776 3670 Paulus,
794 3597 833 3654 ut
848 3584 935 3656 dicas
951 3609 1020 3656 non
1035 3609 1128 3679 posse
1143 3600 1178 3655 te

133 3689 226 3760 illum
242 3692 384 3760 imitari?
398 3689 522 3760 Verum
538 3711 581 3756 ne
592 3687 924 3782 quidlcontentiosiirs
940 3693 1048 3763 dicere
1063 3691 1176 3767 videa·

134 3821 228 3884 mur,
247 3797 350 3870 Paulo
377 3796 529 3883 dimisso,
555 3796 678 3888 primos
693 3795 807 3871 fideles
826 3799 1089 3888 consideremus,
1117 3801 1176 3894 qui

172 3927 179 3952 ¹
197 3926 252 3978 lsai.
268 3941 304 3991 rx,
317 3923 343 3976 6.
357 3950 389 3962 -
403 3935 414 3962 ²
430 3925 543 4004 Lumxn,
554 3921 596 3988 dp.
729 3895 732 3900 Α
