2992 4590
279 387 346 460 tto
428 407 608 456 nurroarct
630 404 656 456 s.
682 407 832 473 11111111,
858 405 934 456 atus
957 411 1003 473 11,
1026 408 1110 458 ruer.
1136 411 1160 454 r.

279 504 353 593 bus,
371 521 410 577 ut
425 523 459 578 et
474 509 584 604 plures
600 510 662 602 ipsi
673 510 750 596 sint,
768 523 802 581 et
815 509 889 580 illos
904 512 1003 604 operat
1015 511 1073 580 sud
1088 506 1318 600 locupletiores

213 625 215 630 '
280 613 434 684 efficiant.
459 619 569 708 Atque
585 639 623 684 ea
639 639 689 685 res
704 618 915 686 vehementer
930 617 1071 688 absurda
1085 630 1118 686 et
1132 613 1319 708 prodigiosa

279 734 339 789 est.
357 725 633 814 Praeoccupantur
644 723 762 811 urbes,
780 725 863 811 viae,
887 738 1022 818 portus,
1040 723 1204 794 montium
1220 745 1319 791 cacu-

278 829 389 914 mina,
407 831 531 922 campi,
552 829 761 917 solitudines,
776 855 889 902 omnes
905 831 1049 926 denique
1064 832 1181 902 Atticas
1197 843 1231 899 at
1241 828 1319 898 reli·

279 959 355 1028 quae
370 938 505 1007 Graeciae
517 953 645 1032 partes,
660 953 760 1032 atque
772 941 855 1010 adeb
870 939 1053 1010 incolarum
1067 939 1208 1008 maxima
1222 960 1296 1030 pars
1308 967 1318 1024 3

278 1044 356 1114 111111
371 1059 404 1114 et
414 1045 487 1117 illos
502 1047 537 1116 in
550 1061 658 1140 partes
670 1073 708 1118 ac
719 1048 827 1118 studia
841 1049 1011 1120 distractos
1026 1049 1206 1117 habent...

333 1155 416 1221 »Ut
442 1166 552 1224 autem
576 1155 731 1245 temporis
753 1179 928 1248 progressu
955 1154 1153 1225 desiderium
1170 1165 1320 1222 nostrum

278 1263 397 1330 mutub
412 1262 498 1331 inter
521 1285 581 1332 nos
595 1263 735 1334 confessi
749 1287 878 1351 sumus,
894 1288 932 1334 ac
946 1262 1188 1356 philosophiam
1202 1260 1237 1328 id
1252 1281 1320 1328 esse

279 1365 371 1458 quod
393 1369 412 1437 1
434 1369 529 1438 nobis
552 1384 775 1463 expeteretur,
793 1371 865 1440 111111
882 1372 959 1440 verb
971 1361 1201 1464 jhmuterque
1228 1367 1320 1436 alteri

172 1495 175 1504 ¹
279 1471 407 1566 quidvis
421 1498 566 1563 eramus,
588 1476 863 1564 contubernales,
885 1478 1104 1560 convictores,
1123 1471 1317 1558 concordes,

278 1604 385 1650 unum
397 1581 551 1677 idemque
563 1599 765 1677 spectantes,
785 1584 963 1654 ferventius
977 1582 1126 1678 quotidie
1142 1607 1180 1651 ac
1194 1583 1321 1650 firmius
1418 1667 1424 1676 η

279 1687 476 1758 desiderium
499 1690 594 1759 nobis
613 1691 754 1761 invicem
774 1692 974 1784 colligentes.
998 1691 1129 1760 Etenim
1144 1710 1320 1781 corporum

279 1817 426 1880 amores,
445 1796 522 1889 quia
543 1821 653 1866 rerum
665 1798 829 1867 fluxarum
843 1813 942 1884 sunt,
961 1799 1072 1866 fluunt
1087 1797 1221 1890 quoque
1236 1795 1318 1888 ipsi,

279 1923 348 1970 non
357 1901 449 1971 secus
458 1905 586 1973 acueris
598 1904 706 1974 flores.
719 1907 801 1975 Nam
812 1927 874 1973 nec
887 1903 1032 1989 flamma,
1047 1903 1242 1994 consumpta
1254 1899 1321 1970 ma·

278 2007 603 2095 teril,remanet,sed
612 2011 678 2078 111111
687 2009 762 2080 crim
771 2010 1030 2102 edentinguitur,
1038 2032 1099 2078 nec
1107 2006 1318 2092 desiderium,

278 2130 497 2185 marcescente
508 2114 633 2204 fomite,
647 2116 804 2189 subsistit.
822 2121 866 2186 ht
877 2115 989 2208 pudici
1005 2129 1038 2185 et
1052 2116 1120 2184 Deo
1137 2113 1219 2205 grati
1234 2137 1321 2183 amo·

220 2245 223 2248 ’
279 2243 329 2291 res
354 2221 625 2318 quandbquidem
644 2224 690 2292 rei
705 2223 828 2292 stabilis
851 2237 884 2292 et
899 2224 1002 2291 firmae
1024 2235 1123 2304 sunt,
1148 2221 1322 2313 propterea

280 2327 499 2399 diuturniores
514 2331 612 2400 etiam
628 2344 726 2412 sunta
743 2332 933 2424 quantoque
949 2331 1053 2422 major
1068 2326 1323 2422 pulchritudinis

278 2435 400 2527 species
421 2436 497 2530 ipsis
520 2437 694 2530 objicitur,
711 2438 805 2506 tantb
825 2436 923 2505 etiam
942 2434 1062 2506 arctihs
1086 2449 1119 2504 et
1141 2456 1252 2523 secum
1265 2486 1274 2518 ,
1289 2445 1324 2502 et

278 2545 364 2613 inter
388 2569 445 2632 se,
472 2545 661 2616 earumdem
690 2568 800 2614 rerum
823 2557 983 2614 amatores
1008 2541 1211 2612 devinciunt.
1242 2543 1322 2610 llaec

279 2651 402 2744 quippe
415 2652 548 2745 superni
562 2652 681 2721 amoris
694 2649 747 2726 lex
761 2663 821 2719 est.

325 2787 341 2824 1
356 2759 440 2829 (him
455 2761 554 2850 igitur
567 2760 630 2828 hoc
644 2755 799 2828 internos
810 2756 919 2827 animo
933 2778 1087 2842 essemus,
1103 2753 1252 2848 talesque
1265 2775 1324 2824 11-

278 2864 348 2936 lido
374 2865 542 2953 thalamo,
574 2879 613 2934 ut
639 2879 688 2934 est
706 2865 795 2957 apud
823 2864 1026 2949 Pindarum,
1046 2885 1159 2932 aureas
1191 2859 1322 2931 colum-

246 2959 249 2966 ’
279 2997 337 3043 nas
363 2973 609 3066 subjecissemus
621 2974 655 3057 ¹,
681 2971 727 3038 111
742 2970 877 3039 demum
893 2973 990 3062 porrb
1011 2967 1316 3063 progrediebamur,

278 3086 347 3150 Deo
376 3093 410 3148 et
432 3077 592 3148 desiderio
612 3075 818 3170 adjutoribus
844 3090 986 3146 utentes.
1014 3075 1108 3147 Heu!
1150 3071 1321 3169 quomodd

278 3189 396 3257 harum
412 3208 522 3256 rerum
538 3185 738 3254 mentionem
751 3185 820 3254 sine
835 3184 988 3274 lacrymis
1003 3183 1149 3254 faciam?
1170 3187 1233 3252 Par
1249 3203 1322 3274 spes

278 3293 457 3380 doctrinae,
476 3294 539 3362 hoc
552 3305 616 3378 est,
641 3291 687 3360 rei
707 3291 856 3360 omnium
872 3289 1129 3362 invidiosissimae'
1144 3313 1204 3360 nos
1217 3288 1322 3357 duce-

278 3402 359 3491 bat,
385 3413 418 3469 et
433 3413 543 3470 tamen
558 3400 671 3468 aberat
687 3395 826 3482 invidia,
843 3397 1009 3466 aemulatio
1025 3411 1136 3466 autem
1163 3397 1199 3464 111
1214 3395 1321 3487 pretio

277 3509 472 3578 habebatur.
494 3511 565 3577 Hoc
581 3506 713 3599 utrique
728 3517 917 3589 certamen,
941 3527 1010 3575 non
1025 3518 1099 3574 uter
1114 3503 1235 3596 primas
1253 3499 1323 3570 fer-

278 3633 350 3704 ret,
367 3617 423 3687 sed
440 3630 513 3686 uter
529 3615 623 3685 alteri
634 3637 686 3683 eas
701 3613 916 3703 concederet,
931 3627 1070 3707 uterque
1087 3614 1175 3682 euim
1187 3611 1321 3680 alterius

279 3725 414 3814 gloriam
429 3747 490 3816 pro
505 3725 563 3793 sud
587 3721 738 3791 ducebat.
759 3724 830 3790 Una
850 3721 983 3814 utrique
998 3722 1107 3789 anima
1121 3717 1299 3790 videbatur
1305 3771 1318 3804 ‚

279 3831 346 3900 duo
370 3855 506 3923 corpora
533 3829 649 3900 ferens.
679 3829 776 3913 Qubd
800 3829 827 3896 si
842 3827 925 3898 frdes
944 3828 983 3899 iis
1008 3828 1143 3898 minime
1167 3824 1323 3896 habenda

316 3967 323 3994 ¹
339 3957 406 4008 rint
420 3958 513 4024 Olyrnp.
529 3958 576 4008 Od.
590 3974 624 4022 11,
636 3972 702 4008 vers.
719 3973 741 4007 1.
1326 3935 1330 3941 ”
