2992 4590
255 457 358 508 elnon
380 464 426 508 vr.
452 463 494 506 on
516 461 674 508 marono
690 461 727 506 ut
742 461 949 518 commeamus
971 457 1137 508 tnnmrrt.
1164 443 1229 511 1⁴7
1325 481 1330 487 -

190 559 303 632 eorum
312 562 447 654 gloriam
456 563 675 654 vivorumque
686 560 997 633 utilioremt’tures
1005 564 1230 657 hujusspeoiei

189 671 362 740 conciones
376 669 515 740 maxime
528 669 619 762 apud
628 682 778 738 sanetum
787 669 978 757 Gregorium
988 669 1230 742 Nazianzenum

189 777 407 869 reperiuntur,
417 777 504 846 inter
516 798 600 868 quas
607 773 730 844 eminet
742 773 993 842 celeberrimum
1003 777 1105 844 saneti
1120 777 1230 846 basilii

190 881 485 975 encomiumquod
493 882 519 962 si
528 894 663 974 propter
670 879 886 972 prolixitatem
896 879 1232 971 nonintegrevidetnr

190 990 509 1083 repraesentandum,
524 1003 659 1082 propter
679 985 907 1080 excellentiam⁸
923 1001 1034 1055 tamen
1049 989 1231 1058 sententia-

190 1119 263 1187 rum
280 1097 380 1166 simul
392 1098 612 1166 etverborunt
630 1093 772 1188 plurima
782 1095 832 1163 sui
850 1108 942 1186 parte
951 1094 1005 1164 hio
1023 1091 1232 1166 admirationi

190 1227 320 1276 neonon
337 1219 374 1274 et
390 1203 565 1272 imitationi
576 1199 827 1295 proponendum
840 1215 899 1270 est.

178 1377 182 1384 .
198 1355 200 1362 ‚
235 1311 445 1380 Laudaturus
459 1307 611 1377 Basiliam
622 1357 632 1393 ,
643 1306 768 1398 duplici
783 1330 825 1375 ex
846 1303 939 1375 sonte
953 1307 1124 1377 eumalium
1142 1331 1233 1379 assu-

141 1422 144 1431 “
190 1418 271 1502 mit,
289 1415 461 1507 sempera
475 1413 632 1484 laudandi
646 1413 825 1504 dignitate,
839 1427 872 1482 et
888 1435 929 1482 ex
942 1415 1114 1506 apparenti
1126 1415 1234 1506 negli-

192 1523 301 1612 gentil
313 1521 486 1605 laudantis,
506 1521 565 1613 qui
584 1519 886 1611 annomintegrum
906 1521 1108 1612 expectaret,
1123 1523 1232 1613 prius·

192 1630 291 1721 quam
304 1627 455 1696 debiturn
468 1625 648 1696 exolveret.

237 1763 255 1800 a
270 1738 341 1804 Hoc
354 1731 507 1826 proferto
532 1746 716 1824 supererat,
732 1745 795 1819 nt,
817 1731 894 1801 triam
909 1755 1048 1824 magnus
1069 1734 1125 1804 ille
1139 1739 1232 1810 Basi-

189 1840 253 1910 lius
265 1839 371 1910 multa
381 1839 475 1909 nobis
491 1841 677 1910 orationum
694 1852 889 1930 argumenta
907 1841 1146 1931 proposuisset,
1163 1852 1175 1924 l
1184 1845 1233 1916 sic
1317 1878 1319 1886 ¹

191 1946 278 2015 enim
303 1946 385 2014 meis
419 1945 621 2015 orationibus
654 1944 876 2036 gloriabatur,
901 1957 940 2013 ut
965 1968 1064 2016 nemo
1083 1953 1234 2041 unqulun

191 2051 341 2122 omnium
352 2051 490 2144 perinde
506 2052 586 2138 suis,
595 2057 606 2138 )
616 2074 650 2120 se
664 2051 774 2144 ipsum
787 2072 879 2120 nune
895 2051 994 2120 nobisw
1011 2070 1230 2146 proponeret,

192 2171 423 2247 argumentum
447 2157 664 2226 certaminum
687 2157 839 2226 omnium
862 2157 1064 2244 maximum,
1089 2160 1146 2246 iis,
1175 2163 1234 2255 qui

191 2265 307 2336 litteris
316 2279 350 2336 et
364 2264 562 2358 eloquentiae
574 2287 708 2355 operam
720 2263 897 2334 decrerunt.
915 2268 999 2336 Nam
1022 2267 1188 2354 exutimo,
1206 2272 1234 2340 si

192 2372 266 2466 quis
285 2395 377 2442 snam
388 2372 425 2440 in
436 2369 577 2440 diemde
589 2368 949 2461 facultatem'experiri,
964 2393 1102 2465 eamque
1120 2379 1234 2467 postea

191 2479 339 2552 velutad
353 2501 501 2550 normam
520 2477 780 2569 exigeremus,
805 2479 975 2547 materiam
991 2501 1093 2548 unam
1103 2503 1146 2550 ex
1160 2505 1235 2552 om-

190 2587 287 2657 nibus
296 2587 358 2656 sibi
368 2609 565 2678 proponens,
574 2583 858 2678 quemadmodum
866 2583 1006 2678 pictores
1019 2609 1078 2656 eas
1088 2588 1231 2678 tabulas,

190 2694 363 2788 exquibus
378 2690 525 2784 exempla
548 2705 689 2783 petunt,
708 2714 805 2775 eum,
822 2693 884 2760 hta
898 2691 968 2760 soll
983 2693 1152 2780 submota,
1175 2721 1241 2772 ve-,

190 2800 242 2870 lut
256 2801 430 2870 oratoriam
446 2819 579 2866 omnem
591 2797 658 2867 vim
673 2809 869 2889 superante,
891 2810 1085 2867 caeterarum
1094 2803 1234 2891 primam

190 2927 360 3000 quamque
383 2903 600 2973 delectorum,
620 2905 699 2972 Tlrn
712 2901 860 2974 arduum
881 2925 964 2994 opus
988 2917 1041 2990 est-
1056 2905 1156 2999 hujus
1172 2908 1235 2980 viri

144 3086 146 3091 ,
190 3013 380 3084 enoomium
392 3065 402 3097 ,
415 3035 484 3080 non
498 3011 593 3080 nobis
603 3009 729 3096 sollum,
744 3009 801 3102 qui
813 3011 883 3102 jam
904 3009 993 3085 olim.
1005 3033 1103 3080 omne
1119 3012 1233 3106 gloriae
1250 3095 1255 3102 ¹

190 3119 340 3190 studium
351 3117 586 3210 deposuimus,
601 3115 718 3187 verum
736 3117 839 3186 etiam
857 3115 940 3202 illis,
960 3117 1082 3210 quibus
1101 3119 1167 3190 vita
1185 3135 1236 3192 est

190 3227 316 3312 oratio,
333 3225 457 3318 quique
478 3223 577 3292 etiam
594 3222 630 3290 in
654 3220 689 3290 id
706 3244 813 3290 unum
835 3244 969 3312 operam
992 3227 1090 3292 'suam
1108 3241 1233 3297 emrtu-

190 3333 325 3418 lerunt,
340 3347 379 3402 ut
393 3327 583 3424 hujusmodi
598 3327 798 3419 argumentis
811 3328 955 3398 xnorninis
966 3329 1016 3396 sui
1038 3328 1161 3400 famam
1175 3357 1234 3403 ee.

192 3439 336 3515 lebrent.
349 3439 421 3508 Halo
430 3438 473 3506 de
485 3459 520 3504 re
529 3433 665 3528 quidem
675 3433 720 3501 sic
732 3432 891 3517 existimo,
904 3445 949 3517 et,
959 3447 999 3500 ut
1007 3434 1092 3502 mibi
1103 3457 1236 3526 persua.

192 3545 275 3632 eleo,
289 3542 473 3615 mmodirm
487 3540 587 3610 recte.
605 3537 769 3612 Caeterum
794 3537 920 3622 neseio,
938 3538 1005 3630 quai
1020 3540 1155 3610 tandem
1173 3543 1237 3624 atio

194 3654 278 3724 inre
292 3649 556 3722 semronibusuti
567 3669 698 3740 queam,
709 3645 736 3714 si
744 3667 834 3714 nunc
844 3643 884 3712 iis
893 3645 1029 3714 minime
1038 3646 1233 3742 massueto,

196 3773 254 3829 aut
269 3761 353 3854 quid
369 3759 438 3850 ipse
456 3756 578 3846 'gratius
594 3752 703 3822 facere
715 3752 855 3843 possim,
877 3747 930 3821 vel
946 3751 1044 3838 mihi,
1058 3752 1111 3823 vel
1125 3755 1164 3826 iis
1178 3759 1237 3851 qui
1354 3760 1359 3766 '
1406 3804 1411 3811 .

196 3867 353 3939 virtutem
362 3865 516 3935 laudibus
532 3861 692 3945 efferunt,
706 3859 760 3929 vel
771 3859 848 3952 ipsis
863 3858 1007 3952 denique
1016 3864 1234 3951 sermonibus,
1336 3899 1346 3906 -

173 3965 179 3980 ’
197 3975 299 4067 quam
313 3972 340 4043 si
349 3974 451 4066 liujus
461 3969 523 4041 viri
538 3965 651 4040 laudes
666 3964 914 4060 praedicemus
928 3965 1017 4036 enim
1027 3989 1083 4136 ppo
1095 3969 1238 4060 primum
