2982 4584
271 384 336 449 lid
419 394 605 452 mamardo
618 394 650 448 t,
673 393 805 445 aunum
819 418 833 457 ¹,
855 392 937 448 aaut
953 395 1004 457 rt,
1018 395 1113 448 sm·
1141 397 1166 448 t·
1186 413 1191 426 ν
1222 413 1235 432 ’·

270 503 366 575 nium
378 497 627 589 granatorum,
644 492 880 570 conscientium
894 493 998 574 hahet
1012 491 1269 584 reclamantem,
1283 512 1321 571 et

270 603 419 703 quotidie
434 603 654 684 laborantem.
674 601 708 675 Si
721 600 800 670 vero
813 599 876 671 Dei
884 599 1033 673 tribunt
1045 601 1083 680 in
1097 615 1245 676 menum
1259 625 1320 676 ve-

270 715 368 798 nerit,
380 734 423 782 ne
433 723 520 782 stare
530 708 667 802 quidem
683 706 816 799 peterit.
828 710 873 778 Et
884 706 1043 800 Voluptas
1058 707 1196 802 quidem
1211 710 1322 782 brevis

270 836 343 912 ect;
358 817 454 890 dolor
477 830 589 891 autem
603 816 681 888 hinc
699 827 813 908 partus
824 827 1016 907 perpetuus.
1029 817 1113 888 Nlm
1129 830 1164 886 et
1185 819 1322 910 vespere

270 930 350 1002 etin
362 937 478 1012 nocte,
495 924 531 996 in
543 922 745 1008 solitudine,
763 923 799 994 iu
814 921 946 994 civitate
957 935 992 994 et
1007 923 1134 1018 ubique
1149 939 1323 1000 accusator

271 1033 446 1131 sequitur,
478 1029 625 1121 gladium
658 1041 849 1119 monstrans
871 1043 1007 1102 acutum
1031 1042 1066 1100 et
1101 1029 1324 1104 intolerabilia

271 1141 450 1236 supplicia,
475 1153 568 1210 metu
588 1157 786 1211 consumens
807 1135 914 1208 illum.
930 1135 992 1208 llle
1011 1137 1091 1210 verb
1110 1150 1321 1234 temperans,

272 1251 323 1321 his
339 1246 494 1320 omnibus
519 1265 658 1331 vacuus,
675 1243 887 1344 inlibertate
910 1257 980 1332 est,
1003 1257 1037 1316 et
1052 1244 1165 1318 secure
1185 1267 1324 1316 uxorem

231 1349 235 1352 ⁵
273 1377 367 1428 suum
379 1351 487 1439 videt,
505 1351 614 1438 filios,
636 1351 783 1438 amicos,
809 1364 845 1422 et
866 1349 977 1422 liberis
996 1350 1100 1424 oculis
1116 1352 1233 1444 aspicit
1247 1376 1323 1424 orn-

273 1465 340 1537 nia.
360 1462 395 1534 Si
409 1473 522 1534 autern
543 1459 570 1530 is
588 1457 647 1553 qui
673 1455 780 1544 amat,
804 1471 838 1528 et
862 1471 974 1530 tamen
996 1459 1215 1546 recontinet,
1230 1461 1326 1532 tanta

274 1569 398 1642 fruitur
413 1565 609 1660 Voluptate:
619 1565 678 1659 qni
691 1587 760 1636 non
775 1578 876 1652 amat,
893 1565 952 1638 sed
963 1565 1047 1658 pure
1058 1579 1247 1660 temperans
1261 1579 1336 1655 ert,

275 1699 344 1772 quo
363 1661 484 1768 portu,
510 1673 578 1767 qua
602 1670 861 1766 tranquillitate,
883 1694 953 1744 non
967 1671 1153 1744 dulciorem
1167 1684 1202 1744 et
1224 1673 1327 1767 placi-

274 1782 403 1856 diorem
418 1778 598 1875 possidebit
612 1779 780 1860 animam?
803 1776 885 1848 Ideb
902 1777 992 1852 certe
1002 1777 1180 1850 adulteros
1204 1779 1325 1852 rideris

275 1913 419 1986 paucos,
436 1901 657 1982 temperantes
672 1898 784 1965 autem
802 1885 925 1978 plures.
949 1886 1049 1972 Quod
1071 1887 1099 1958 si
1112 1889 1178 1960 hoe
1193 1887 1325 1960 dulcius

275 2011 377 2083 esset,
395 1998 460 2089 hoc
483 1997 593 2089 ipsum
608 1992 706 2064 multi
726 1993 895 2084 eligerent.
914 1997 982 2068 uec
997 1996 1080 2066 mihi
1105 1995 1194 2068 dieas
1209 1995 1324 2090 legum

275 2108 448 2191 timorem,
463 2126 572 2197 neque
590 2101 680 2174 enim
701 2091 1026 2191 hiosslos'continet,
1044 2101 1104 2174 sed
1115 2103 1326 2176 absurditatis

159 2211 161 2222 ’
273 2211 490 2307 magnitudo,
504 2224 538 2282 et
553 2208 645 2306 quod
656 2206 753 2303 plura
762 2210 810 2280 ibi
822 2209 889 2282 sint
899 2211 1007 2284 tristia
1021 2213 1122 2306 quam
1140 2212 1274 2300 suario,
1290 2226 1324 2284 et

275 2319 485 2396 conscientiae
502 2317 636 2414 quoque
647 2316 806 2390 calculus.
816 2319 866 2390 -nt
881 2316 1012 2390 adulter
1021 2318 1158 2413 quidem
1172 2319 1248 2390 talis
1261 2331 1322 2393 est.

277 2429 313 2502 Si
326 2429 436 2520 placet
446 2440 559 2500 autern
572 2479 582 2514 ,
596 2447 731 2498 avarum
741 2424 877 2518 quoque
892 2422 1095 2500 adducamus
1110 2427 1147 2498 in
1161 2427 1322 2516 medium,

276 2534 379 2604 adum
392 2533 504 2605 rursln
525 2533 678 2624 iniquum
693 2551 840 2602 amorem
849 2531 1052 2621 detegentes.
1067 2533 1200 2606 Etenim
1215 2535 1326 2629 iprum

277 2639 377 2710 etiam
390 2637 578 2712 videbimus
592 2637 709 2708 eadem
724 2633 970 2725 formidantem,
984 2659 1047 2712 nec
1061 2639 1227 2714 volentem
1240 2643 1325 2735 pura

274 2744 341 2818 frui
356 2744 547 2838 Voluptate.
565 2747 678 2818 Mente
692 2743 837 2837 namque
851 2765 986 2819 versam
997 2769 1054 2818 eos
1070 2748 1130 2841 qui
1144 2748 1265 2842 injuria
1274 2747 1325 2820 al·

275 2854 454 2940 ficiuntur,
472 2866 505 2922 et
521 2852 652 2945 eosqui
676 2852 961 2926 commiseratione
976 2851 1166 2943 ducuntur,
1183 2869 1222 2926 et
1234 2877 1327 2928 com·

142 3029 145 3032 .
275 2983 412 3034 munem
421 2959 571 3032 omniurn
581 2957 623 3030 de
636 2957 695 3031 illo
706 2957 884 3046 calculum,
899 2958 991 3032 mille
1001 2962 1144 3052 agitatur
1158 2963 1228 3064 ipse
1239 2963 1325 3036 iloc-

275 3070 377 3142 tibus.
395 3071 510 3160 Neque
533 3068 598 3136 hoc
622 3064 730 3136 solum
754 3066 932 3141 molestum
945 3067 1007 3162 ipsi
1030 3083 1103 3162 est3
1131 3069 1191 3142 sed
1214 3092 1325 3164 neque

276 3175 397 3246 dilecta
411 3175 471 3245 sut
481 3171 548 3246 frui
562 3186 681 3267 potest.
698 3173 784 3246 Talis
797 3175 885 3246 enim
898 3190 947 3248 est
962 3181 1137 3252 avarorum
1152 3202 1235 3252 mos.
1254 3183 1324 3252 Ha·

267 3282 371 3368 beat,
389 3303 458 3354 non
473 3294 511 3352 ut
525 3278 691 3369 fruantur,
710 3281 769 3354 sed
783 3296 821 3354 ut
832 3291 902 3356 'non
913 3283 1082 3358 fruantur.
1102 3285 1201 3372 Quod
1216 3287 1244 3358 si
1259 3288 1324 3360 hoc

188 3449 190 3453 ,
276 3389 339 3462 tibi
353 3389 493 3480 aenigma
504 3411 572 3460 esse
586 3389 716 3462 videtur
727 3442 737 3477 ‚
748 3392 841 3484 quod
853 3389 963 3486 adhue
976 3395 1069 3488 pejus
1081 3407 1115 3466 et
1129 3396 1232 3488 magis
1242 3417 1322 3488 per-

275 3496 410 3590 plexum
428 3509 477 3566 est
492 3496 591 3587 audi3
608 3497 696 3589 ipsos
710 3497 831 3588 nempe
846 3521 915 3570 non
925 3499 1003 3571 ided
1017 3501 1125 3572 sollrm
1140 3501 1321 3596 Voluptate

275 3603 396 3696 privari
413 3601 506 3695 quod
521 3625 590 3674 non
605 3601 750 3674 audeant
764 3604 859 3676 bonis
868 3605 945 3676 'frui
960 3621 999 3678 ut
1009 3606 1134 3695 velint,
1149 3598 1207 3678 led
1219 3609 1321 3680 etiam

259 3777 261 3784 .
276 3707 368 3803 quod
381 3711 554 3802 nunquam
574 3708 790 3802 impleantur,
812 3733 850 3782 ac
865 3735 994 3806 semper
1007 3715 1043 3784 in
1057 3715 1110 3786 siti
1123 3728 1317 3803 versentur,

270 3838 345 3909 quo
360 3814 443 3908 quid
464 3814 633 3889 molestius
653 3829 687 3886 et
706 3817 836 3909 gravius
859 3817 1041 3892 fueritrat
1056 3822 1165 3915 justus
1176 3816 1247 3892 non
1270 3836 1320 3896 est

277 3921 374 4008 talis,
392 3921 449 3994 sed
460 3936 618 4011 tremore,
633 3921 834 4013 odio,1netu
850 3938 885 3997 et
898 3925 961 4000 hae
975 3926 1150 4002 incurabili
1166 3928 1220 4000 siti
1234 3926 1320 3998 liber
