2996 4598
274 445 375 493 claun
393 419 442 493 iv.
468 449 509 492 nn
531 448 682 492 remeent
704 449 898 494 concionum
916 447 1117 492 onroarurto.
1175 429 1218 491 ⁷3

181 548 330 619 convivio
344 549 379 617 in
394 547 534 636 deserto,
552 572 621 618 non
637 549 760 618 remisit
769 547 842 619 illos
851 548 893 618 ad
909 548 1021 618 cibum
1031 561 1065 618 et
1078 548 1224 636 lectum,¹

180 652 237 722 sed
262 653 304 723 ad
326 653 507 724 audiendos
533 676 699 724 sermones
723 653 849 762 divinos
874 655 1033 725 invitavit.
1062 659 1107 726 Et
1130 654 1219 724 idem
1273 685 1285 706 ι

180 784 238 832 nos
258 763 391 856 quoque
407 761 581 847 faciamus,
600 783 707 853 eoque
722 759 823 830 modo
838 785 1086 832 consuescamus
1103 786 1219 858 capere

179 868 321 938 cibum1.
342 896 358 933 n
373 910 418 924 -
434 870 525 938 Idem
537 865 579 937 ad
601 865 760 960 populum
772 867 1017 936 Antiochenurn
1032 870 1143 954 iterat,
1161 869 1219 938 ubi

179 975 356 1046 nonnullos
369 973 629 1072 reprehendens,
647 973 704 1066 qui
719 973 805 1042 inter
820 973 1042 1066 superstitiosa
1059 996 1219 1044 annume-

178 1101 249 1150 rare
266 1076 335 1152 non
349 1084 550 1152 verebantur
565 1104 660 1150 usum
672 1079 798 1150 divinos
814 1093 888 1172 post
902 1080 1015 1148 cibum
1029 1081 1065 1148 in
1086 1078 1221 1150 ecclesid

178 1188 294 1258 audire
310 1209 476 1258 sermones
492 1216 500 1256 ;
518 1215 535 1253 «
549 1188 609 1270 Qui
621 1185 843 1280 corporalem,
860 1187 987 1280 inquit,
1006 1187 1113 1276 attigit
1127 1209 1221 1256 men-

177 1294 445 1384 sam,indignum
454 1317 520 1363 esso
531 1295 658 1386 putavit
672 1308 746 1386 post
761 1295 906 1386 corporis
921 1295 1161 1364 nutrimentum
1178 1295 1221 1364 ad

177 1387 368 1470 diuinorum
384 1399 584 1470 auditionem
599 1400 807 1494 eloquiorum
822 1402 944 1471 venire.
965 1399 1030 1470 Sed
1044 1424 1112 1470 non
1131 1402 1219 1470 recte

178 1507 215 1574 in
230 1508 295 1576 hoc
310 1507 473 1576 sentiunt:
487 1507 694 1600 nequeenim
708 1507 735 1576 si
752 1508 816 1577 hoc
828 1522 911 1578 esset
927 1506 1118 1592 absurdum,
1131 1505 1220 1578 mul-

178 1628 228 1682 tos
250 1627 283 1682 et
303 1612 418 1704 longos
440 1613 652 1706 impendisset
673 1637 838 1686 sermones
864 1615 1012 1686 Christus
1035 1627 1109 1707 post
1128 1613 1219 1684 illam

174 1721 345 1810 mysticam
361 1744 491 1790 coenam
510 1751 518 1791 ι
540 1746 610 1793 non
621 1723 737 1817 utique
757 1724 784 1792 si
798 1724 862 1794 hoc
881 1725 1101 1815 incongruum
1117 1737 1223 1810 esset,¹

174 1824 298 1896 refectd
319 1827 437 1920 saepius
461 1828 496 1899 in
522 1827 651 1900 deserto
677 1828 909 1916 multitudine,
932 1830 1030 1900 etiam
1053 1853 1220 1900 sermones

174 1933 251 2026 ipsis
265 1948 346 2026 post
355 1957 501 2004 mensam
517 1935 800 2006 communicdsset.
816 1935 849 2006 Si
865 1937 952 2006 enirn
967 1935 1016 2006 fas
1030 1949 1078 2006 est
1093 1934 1221 2030 aliquid

176 2039 274 2109 etiam
280 2054 404 2133 praeter
419 2042 609 2134 opinionem
623 2042 743 2128 dicere,
759 2056 840 2114 tunc
851 2043 1001 2138 profecto
1010 2041 1219 2114 utilissimum

177 2161 225 2218 est
249 2147 368 2220 divinis
392 2149 531 2244 eloquiis
555 2174 647 2220 aures
663 2149 933 2240 accommodare,
950 2150 1027 2220 crim
1048 2151 1135 2220 enim
1156 2150 1219 2221 tibi

178 2257 388 2348 persuaseris,
406 2271 482 2350 post
497 2257 609 2328 cibum
629 2271 663 2327 et
687 2271 803 2351 potum
828 2271 861 2327 et
876 2254 919 2328 ad
933 2258 1080 2348 synaxim
1096 2280 1218 2327 conve-

178 2365 246 2432 nire
263 2387 397 2435 necesse
416 2387 501 2452 esse,
519 2366 654 2436 omnino
674 2365 727 2434 vel
748 2366 870 2436 invitus
891 2364 1030 2434 multam
1051 2387 1142 2457 geres
1163 2388 1219 2436 so-

178 2469 323 2544 brietatis
339 2477 482 2542 curam2.
499 2499 515 2538 u
526 2514 568 2526 —
581 2476 631 2542 Ex
650 2472 771 2566 quibus
791 2485 902 2566 patet,
915 2471 1136 2542 sicutnullam
1148 2469 1217 2542 sere

179 2577 394 2648 hebdomadae
406 2575 507 2663 diem,
524 2580 570 2648 itlr
580 2578 746 2650 etnullam
758 2579 900 2669 dierum,
909 2579 1026 2652 saltem
1034 2601 1214 2666 sacrorum,
1288 2651 1291 2666 Ι

177 2685 291 2758 horam
303 2685 421 2758 divinis
436 2688 564 2759 vacdsse
579 2688 804 2758 concionibus.

552 2911 764 2978 ARTICULUS
787 2912 838 2974 lll.

402 3129 446 3190 De
460 3125 630 3209 prolixitate
643 3143 794 3190 sacrarum
807 3127 999 3192 concionum.

222 3339 399 3410 Prolixiore
426 3341 504 3410 sane
531 3339 668 3410 dicentis
697 3340 855 3422 oratione,
877 3339 1065 3411 auditorum
1093 3341 1218 3414 animos

179 3448 356 3520 abalienari
365 3448 473 3540 potiits
484 3472 521 3519 ac
534 3447 714 3535 debilitari,
732 3450 833 3542 qutun
843 3449 922 3539 erigi
939 3472 975 3518 ac
992 3448 1156 3518 conciliari
1171 3449 1220 3519 fa·

178 3569 289 3626 tentur
305 3578 430 3626 omnes.
447 3555 533 3624 Hinc
544 3556 645 3646 igitur
660 3569 750 3626 certo
765 3579 803 3625 ac
815 3555 982 3626 communi
997 3555 1085 3626 malo
1101 3570 1139 3626 ut
1151 3579 1219 3624 rne-

179 3661 320 3734 dicinam
338 3663 494 3731 afferrent
508 3661 660 3732 Ecclesiae
676 3668 787 3732 Patres
806 3664 841 3732 in
857 3661 1083 3734 concionando
1108 3661 1220 3732 deter-

178 3769 340 3838 minatum
373 3765 505 3868 dicendi
534 3781 663 3860 tempus
692 3767 827 3862 lereque
858 3768 956 3838 unius
991 3768 1080 3840 horae
1114 3769 1244 3862 spatio·

213 3925 221 3952 ¹
240 3917 265 3966 S.
287 3914 370 3980 muys.
389 3917 464 3968 Cone.
484 3931 494 3968 ι
509 3913 540 3969 de
549 3917 605 3968 taz.
617 3931 641 3968 n.
655 3929 680 3980 9.
696 3939 728 3952 -
743 3924 752 3950 ²
770 3915 806 3966 Id.
821 3913 911 3966 Homil.
921 3931 944 3966 rx
957 3915 988 3970 ad
1001 3915 1083 3984 popul.
1102 3917 1215 3970 Antioch.

181 4015 204 4049 n.
221 4016 242 4052 1.
