2982 4584
297 403 360 466 tta
444 414 670 465 nnnrourcns.
696 413 846 478 etenum,
869 413 944 462 utus
967 419 1013 476 ιι,
1037 413 1121 460 sacr.
1144 417 1168 457 1.

294 521 344 588 tui
360 516 516 611 perditas,¹
528 531 562 587 et
576 541 651 610 quae
663 514 733 586 sine
748 515 826 588 ovili
841 529 945 601 erant,
963 513 1132 607 repetiisti,
1149 509 1332 652 adduxisti,

294 625 379 694 etin
393 625 474 694 atria
490 626 559 716 ejus
574 622 743 714 collegisti

341 755 358 793 a
369 732 489 798 Beatus
501 751 535 798 es
544 743 594 814 tu,
606 751 664 821 qur
655 727 830 822 'luporum
840 726 1026 803 destruxisti
1038 747 1200 810 secessus,
1215 737 1249 794 et
1263 723 1335 792 bel·

267 832 365 904 ‘lnas
387 833 610 926 disperdidisti
628 834 850 920 mactatrices,
874 835 956 926 qui,
979 832 1068 902 illius
1089 833 1191 925 ipsius
1213 831 1335 900 virtute

294 937 411 1034 lapidis
423 940 441 1008 ὲ
451 953 564 1010 monte
579 939 705 1031 praecisi
718 940 787 1009 sine
796 940 962 1026 manibus,
975 937 1101 1009 vallasti
1117 961 1214 1008 muro
1229 935 1335 1027 gregis

294 1045 344 1116 tui
360 1047 464 1133 ovile,
482 1045 632 1139 illudque
643 1045 831 1116 divinorum
843 1067 919 1136 sepe
934 1044 1167 1115 mandatorum
1183 1043 1332 1128 cinxisti,

293 1152 419 1245 quique
434 1151 572 1221 effecisti
586 1152 725 1242 utregis
739 1151 789 1220 tui
801 1174 877 1221 oves
892 1149 1201 1242 multiplicarentur.

341 1261 490 1326 »Beatus
505 1280 539 1326 es
555 1272 614 1344 tu,
631 1257 690 1350 qui
701 1257 840 1348 apostoli
854 1257 987 1326 nomine
1002 1256 1126 1327 uocaris
1137 1285 1146 1344 3
1158 1253 1233 1324 Filii
1246 1254 1334 1323 enim

294 1365 354 1435 uei
365 1358 584 1456 Euangelium
599 1363 783 1457 praedicasti
802 1394 810 1434 ι
833 1365 1068 1435 lncamatiouis
1079 1363 1237 1452 mysterio
1252 1383 1334 1454 gen-

294 1486 362 1542 tem
378 1471 519 1542 alienam
535 1475 579 1562 (a
593 1472 747 1561 Christo)
760 1470 919 1557 erudiisti,
933 1495 1021 1564 quae,
1037 1485 1070 1540 te
1089 1470 1251 1555 docente,
1271 1473 1336 1538 Pa-

293 1577 372 1664 tris,
398 1579 474 1648 Filii
499 1592 532 1648 et
558 1578 697 1670 Spirittis
721 1580 826 1648 sancti
840 1607 842 1612 ’
855 1579 1046 1648 Trinitatem
1069 1576 1277 1648 individuam
1302 1587 1336 1644 et
1382 1619 1386 1625 ·

294 1705 396 1753 unam
411 1680 616 1754 divinitatem
631 1685 791 1755 adoravit.

340 1792 488 1860 »Beatus
504 1814 538 1859 es
549 1804 599 1878 tu,
609 1789 715 1860 fidelis
729 1792 851 1863 Christi
861 1796 999 1881 Martyr,
1013 1789 1124 1885 quide
1136 1813 1175 1860 eo
1187 1789 1336 1860 testimo-

293 1898 386 1967 nium
406 1895 498 1966 velut
517 1901 633 1966 Petrus
648 1896 835 1985 reddidisti,
854 1900 1020 1969 affirmans
1039 1921 1116 1968 eum
1129 1897 1249 1968 Filium
1265 1920 1335 1968 esse
1366 1956 1371 1962 .
1395 1955 1397 1960 .
1476 1903 1478 1962 ἰ

139 1999 141 2004 ’
248 2087 251 2090 p
293 2005 353 2074 Dei
361 2003 427 2074 vivi
441 2055 450 2090 ,
467 2003 676 2074 individuum
689 2005 708 2074 ὲ
719 2003 794 2074 sinu
806 2006 920 2074 Patris.
937 2010 1056 2074 Beatus
1069 2028 1103 2074 es
1113 2017 1150 2074 tn
1161 2057 1170 2091 ,
1183 2005 1290 2098 quiin
1302 2018 1335 2074 te

293 2122 459 2180 tormenta
473 2109 642 2201 suscepisti
657 2133 718 2202 pro
739 2134 778 2181 eo
791 2111 850 2203 qui
865 2134 925 2203 pro
940 2125 974 2180 te
994 2109 1153 2202 supplicia
1164 2133 1336 2202 perpessus

293 2229 354 2285 est.
368 2217 488 2284 Beatus
506 2227 543 2284 tu
555 2215 722 2308 denique,
741 2218 798 2310 qui
819 2240 996 2309 per-annos
1011 2218 1160 2310 quinque
1174 2231 1209 2286 et
1220 2215 1336 2287 decern

293 2322 328 2390 in
354 2335 455 2414 puteo
471 2322 641 2414 patienter
669 2322 798 2415 degisti.
829 2323 986 2416 Spiritum
1009 2339 1161 2395 sanctum
1179 2323 1335 2394 laudibus

293 2428 392 2498 etiam
407 2427 528 2502 extollo
550 2452 650 2521 quem
665 2451 739 2498 cum
758 2433 854 2499 Patre
869 2445 903 2500 et
924 2429 1009 2500 Filio
1024 2431 1170 2524 ejusdem
1186 2431 1336 2500 esseutiae

293 2555 362 2602 esse
383 2534 604 2625 praedicabas,
625 2535 679 2604 cni
694 2535 849 2604 honoret
868 2534 1030 2607 fortitudo
1044 2537 1079 2607 iu
1093 2537 1213 2606 saectda
1228 2559 1334 2608 saecu-

291 2636 412 2706 lorum.
431 2641 574 2707 Amen¹.'
586 2661 602 2704 n

337 2745 379 2812 V.
405 2747 478 2816 Non
501 2758 611 2816 autem
630 2768 731 2832 sacra,
751 2759 790 2816 ut
805 2747 869 2833 ait,
892 2748 999 2840 capita
1018 2749 1226 2820 solummodo
1249 2750 1334 2820 allo-

292 2851 417 2944 quitur,
435 2851 493 2920 sed
509 2851 611 2922 laicos
629 2854 728 2923 etiam
745 2853 1008 2948 temporalesque
1031 2857 1204 2948 praesides,
1223 2871 1262 2926 ut
1277 2879 1335 2948 pa-

290 2973 340 3030 tet
370 2982 408 3028 ex
432 2959 495 3028 halo
518 2960 694 3045 Oratione,
716 2963 783 3052 quat
805 2963 1024 3036 sermocinans
1046 2965 1156 3032 coram
1177 2962 1334 3055 praefecto

292 3067 397 3150 irato,
424 3064 638 3157 populoque
634 3079 727 3134 metu
742 3067 908 3158 perculso,
925 3071 970 3138 sic
985 3068 1101 3139 offensi
1125 3070 1334 3161 magistratus

292 3170 438 3238 furorem
453 3169 556 3238 lenire
572 3170 781 3242 attentabat:

339 3303 356 3342 «
381 3275 500 3346 Adhuc
515 3275 686 3369 pardulum
688 3332 701 3365 ,
716 3293 752 3349 et
766 3277 910 3348 mundus
922 3281 1084 3366 transibit,
1099 3295 1133 3352 et
1145 3283 1209 3350 hoc
1225 3282 1334 3350 taber·

291 3382 448 3452 naculum
460 3381 664 3454 drssolvetur
685 3386 853 3478 Temporis
866 3386 1097 3457 commoditate
1112 3387 1155 3458 ad
1167 3401 1334 3480 quaestum

291 3503 426 3560 utamur
443 3518 451 3559 :
471 3489 567 3560 fluxis
586 3504 619 3559 et
640 3488 811 3579 fragilibus
825 3506 946 3564 aeterna
964 3499 1128 3564 coeamus.
1148 3495 1333 3588 Unusquis-

290 3619 356 3688 que
371 3595 519 3666 nostrdm
533 3596 569 3664 in
582 3597 793 3688 corruptione
811 3611 875 3687 est,
894 3621 931 3669 ac
945 3600 1034 3670 lutea
1050 3603 1122 3672 haec
1136 3624 1240 3675 massa
1256 3601 1333 3694 plu·

290 3701 411 3772 rimrim
425 3703 604 3798 aerisalieni
618 3725 731 3772 secum
745 3704 945 3776 circumfert.
963 3706 1087 3778 Alienis
1100 3710 1178 3800 ergo
1189 3709 1333 3800 peccatis

96 3801 119 3834 '·
172 3861 173 3868 ι
290 3807 765 3896 veniamdemus,utn0st1is
786 3811 1024 3905 impetremus:
1044 3816 1270 3906 remittamus,
1293 3828 1332 3885 ut

326 3947 333 3976 ¹
345 3937 486 3992 Bruanium
498 3941 525 3993 S.
539 3942 638 4007 drogon.
647 3939 775 3996 llluminat.
785 3941 850 4008 apud
861 3945 886 3994 S.
898 3943 1019 4011 chryson
