2930 4582
201 405 304 454 curun
325 407 372 453 rr.
394 405 437 452 ur
452 405 608 454 urrunnu
630 407 666 454 ιιι
687 402 895 452 concremans
917 403 1083 457 ananus.
1110 399 1174 465 ast

137 505 292 600 frequens
303 504 421 599 injuria
433 535 443 594 3
459 504 519 574 ubi
530 517 641 574 autem
656 503 787 597 injuria,
800 504 848 574 ibi
858 517 891 574 et
905 505 1104 603 indignati03
1118 515 1177 586 ubi

128 613 339 704 indignatio,
355 611 509 706 ibi'quies
524 609 615 680 nulla
626 641 636 700 3
648 609 809 704 ubiquies
824 633 893 682 nou
907 627 975 700 est,
988 615 1035 685 ibi
1051 641 1144 692 mens
1159 625 1179 693 l

138 722 305 816 proposito
321 719 407 812 saepe
430 717 623 806 deducitur,
641 715 701 786 ubi
718 730 827 786 sutem
844 739 902 813 per
916 719 1179 814 inquietudinem

140 825 265 922 aliquid
280 824 428 896 aufertur
443 848 483 892 ex
494 822 618 908 studio,
634 823 742 892 minus
757 823 795 892 fit
810 823 853 892 ab
868 827 1014 919 eoquod
1029 829 1179 926 tollitur3

140 949 173 1006 et
186 935 246 1004 ubi
261 934 370 1002 minus
386 945 451 1016 est,
464 928 647 1022 perfectum
663 951 731 998 non
747 941 853 1020 potest
869 929 945 1001 dici.
964 937 1013 1003 Ex
1028 935 1089 1007 hic
1101 959 1182 1033 sup-

140 1042 334 1138 putatione,
352 1039 408 1108 illa
424 1057 549 1110 summa
561 1036 704 1105 nascitur
717 1063 724 1104 :
739 1037 938 1106 Monachum
953 1039 1137 1132 perlectum
1148 1047 1184 1116 in

140 1149 246 1241 patrid
268 1147 327 1215 sud
341 1143 410 1212 esse
433 1164 502 1212 non
520 1163 624 1234 posse.
654 1139 841 1214 Perfectum
861 1157 971 1214 autem
987 1171 1054 1219 esse
1074 1151 1181 1240 nolle,

140 1252 334 1345 delinquere
349 1263 399 1318 est
415 1251 439 1317 ¹.
459 1275 475 1314 a
497 1252 500 1258 '

185 1363 331 1448 Legatur
352 1355 472 1446 pariter
492 1366 525 1422 et
545 1351 629 1422 illud
654 1351 846 1426 Tertulliani
866 1357 1090 1450 ratiocinium,
1117 1385 1185 1460 quo

141 1461 288 1553 oscendit
311 1473 458 1530 nostrum
480 1463 586 1530 Deum
610 1482 678 1529 esse
701 1481 837 1547 verum,
859 1485 929 1534 non
956 1477 1067 1535 autem
1086 1467 1186 1539 istum

143 1569 367 1659 nescioquem
382 1565 612 1638 haereticorum
630 1592 639 1635 ι

189 1701 206 1739 «
222 1673 306 1741 Talis
321 1684 369 1740 est
384 1684 494 1742 noster
512 1671 777 1766 ameritdjudex,
787 1669 866 1768 quia
877 1675 1036 1747 Dominus
1048 1709 1058 1767 3
1068 1679 1186 1752 merito

140 1780 300 1852 Dominus
315 1777 392 1872 quia
408 1791 542 1858 auctum
555 1779 674 1847 meritd
689 1792 823 1864 auctor,
846 1781 923 1872 quin
939 1787 1033 1852 Deus.
1054 1786 1188 1858 illucet

140 1885 197 1958 ille
210 1885 321 1956 nescio
333 1884 407 1978 quis
418 1885 662 1971 haereticorum,
679 1885 799 1956 meritd
813 1909 880 1957 non
892 1885 1007 1979 judex,
1020 1913 1088 1960 non
1101 1894 1188 1962 enim
1260 1911 1263 1917 ’

141 1996 230 2063 Deus
254 2019 262 2062 ε
285 1991 404 2060 merito
426 2014 494 2059 non
517 1990 697 2078 Dominus,
715 2013 784 2061 non
805 1992 893 2063 enim
914 2009 1028 2064 auctor
1048 2023 1057 2067 t
1079 1997 1190 2071 nescio

138 2097 250 2192 jamri
271 2101 374 2182 Deus,
394 2097 452 2189 qui
475 2119 537 2166 nec
550 2110 681 2184 auctor,
697 2096 789 2191 quod
803 2103 905 2186 Deus,
927 2124 989 2172 uec
1009 2103 1185 2192 Dominus,

142 2202 236 2298 quod
251 2217 366 2274 auctor
381 2197 407 2272 2'.
425 2229 440 2266 ι

186 2315 232 2382 Et
257 2308 359 2395 alibi,
384 2329 483 2400 agens
504 2307 547 2378 de
570 2307 720 2378 bonitate
742 2324 775 2380 et
798 2311 970 2383 severitate
993 2315 1053 2384 Dei
1077 2316 1192 2388 contri

142 2417 369 2491 Marcionem:
494 2406 498 2416 ’
862 2471 863 2477 1
1236 2507 1240 2511 Ι

192 2551 209 2588 «
227 2520 343 2607 Illum,
360 2520 485 2614 iuquit,
513 2521 641 2590 bonum
658 2520 787 2616 judicas
804 2525 927 2609 Deunn
944 2524 1003 2617 qui
1022 2525 1189 2596 hominem

143 2627 248 2722 possit
266 2629 370 2717 magis
391 2626 516 2696 malurn
537 2627 644 2695 lacere
662 2629 837 2696 securitate
856 2629 990 2699 delicti?
1008 2632 1091 2714 Quis
1111 2632 1192 2702 boni

143 2748 281 2816 auctor,
303 2731 365 2800 nisi
380 2731 438 2824 qui
455 2744 488 2798 et
500 2733 654 2798 exactru?
670 2731 808 2823 proinde
823 2734 897 2823 quis
914 2734 991 2801 mali
1003 2749 1189 2823 extraneus,

143 2841 208 2910 nisi
223 2840 281 2932 qui
297 2851 330 2908 et
350 2837 520 2907 inimicus?
541 2837 614 2930 quis
634 2839 801 2924 inimicus,
820 2839 881 2907 nisi
896 2839 954 2932 qui
974 2854 1008 2910 et
1022 2863 1191 2932 expugna-

144 2949 222 3019 tor?
238 2944 311 3038 quis
328 2956 548 3036 expugnator,
567 2944 629 3013 nisi
646 2945 705 3038 qui
720 2958 753 3012 et
766 2946 920 3037 punitori
942 2947 993 3016 Sic
1006 2959 1095 3017 totus
1106 2951 1192 3018 Deus

146 3055 326 3136 bonusest,
341 3049 423 3130 dium
437 3073 496 3142 pro
512 3051 601 3119 bono
613 3051 722 3119 omnia
735 3065 784 3120 est
796 3052 821 3120 ⁸.
839 3079 855 3116 u

191 3163 226 3230 6ο
243 3164 288 3231 tt
308 3156 422 3228 melius
441 3156 551 3227 forsan
566 3157 628 3226 erit
639 3149 997 3254 Interrogationibus
1003 3158 1188 3252 indulgere.

148 3275 188 3342 In
206 3263 393 3358 exemplum
412 3261 588 3364 adducitur
604 3264 719 3335 beatus
742 3267 927 3358 Cyprianus
946 3269 993 3336 iu
1012 3269 1193 3338 Demetria·
1290 3303 1295 3310 ·

148 3395 231 3445 num
244 3371 415 3464 alloquens
434 3397 442 3438 ι

196 3509 212 3546 «
228 3483 312 3563 Quae
328 3479 406 3569 crgd
422 3475 540 3546 mentis
555 3475 685 3567 ignavia
703 3489 771 3560 est,
787 3476 854 3546 imd
871 3499 946 3568 quau
961 3466 1193 3568 desipientium
1281 3519 1283 3524 ,
1336 3489 1337 3494 ’

149 3613 243 3660 coeca
260 3601 294 3656 et
308 3585 406 3658 stulta
424 3585 607 3669 dementia,
627 3584 669 3653 ad
684 3582 794 3654 lucem
809 3585 852 3652 de
868 3583 1011 3654 tenebris
1030 3581 1119 3652 nolle
1138 3605 1198 3654 ve-

151 3697 242 3781 nire,
257 3697 291 3766 e't
301 3693 415 3764 mortis
428 3705 560 3762 aeternae
570 3688 695 3784 laqueis
709 3691 848 3776 unctos,
862 3711 952 3783 spem
964 3688 1052 3760 nolle
1061 3689 1197 3779 immor-

189 3853 197 3878 ¹
209 3808 237 3896 Sl.
247 3821 346 3892 Dieron.
358 3839 426 3904 Epist
437 3839 467 3889 ad
480 3839 603 3890 Heliodur.
617 3808 654 3876 ¹·-
669 3833 795 3904 »grecum
806 3837 838 3890 de
849 3841 991 3889 Resurrect.
1009 3853 1076 3889 cam.
1088 3857 1122 3875 -
1134 3832 1146 3878 ¹
1157 3837 1194 3888 ld.

152 3926 195 3978 lib.
210 3943 229 3978 ιι
241 3924 355 3978 adversus
370 3924 489 3974 Marcion.
502 3940 526 3974 n.
544 3924 582 3976 13.
1150 3949 1152 3955 ·
