2996 4598
138 499 143 506 .
255 458 356 506 orror
378 457 429 506 ru.
454 462 496 506 nu
519 459 769 532 rrnrtntnronrr
792 457 834 508 tn
856 455 1124 509 ooncrorrnntnr.
1178 438 1222 503 25

185 557 375 646 consulendi
391 559 541 632 charitati
560 561 756 654 suscipiant,
773 585 842 632 non
861 575 901 632 ut
918 561 1045 655 aliquos
1063 558 1220 642 doceant,

105 759 107 766 Ι
185 667 240 737 sed
257 680 295 738 ut
310 690 343 736 se
359 666 474 738 doctos
498 668 695 758 ostendant,
712 693 774 740 nec
787 669 985 766 profectum,
997 668 1056 738 sed
1070 665 1223 760 plausum

185 774 281 844 dsuis
297 773 504 846 auditoribus
519 789 671 868 quaerant
683 807 693 866 3
706 776 733 844 si
744 789 849 844 totam
864 776 1006 845 scientiae
1021 771 1225 866 diligentiam

126 945 129 948 .
184 881 382 952 transferant
404 879 618 952 maledicaccs
642 883 685 953 ad
707 881 877 974 linguam,
904 895 938 951 et
962 881 1137 951 studiosius
1156 879 1226 949 elo-
1254 919 1258 924 ·

183 988 353 1082 quentiam
372 987 477 1058 velint
497 1011 613 1057 curare
632 991 732 1082 quam
748 988 872 1077 vitam3
894 987 922 1056 si
937 984 1112 1080 supercilio
1133 1007 1227 1054 vanae

184 1093 391 1187 loquacitatis
410 1092 488 1162 elati
503 1093 592 1164 diota
607 1117 664 1164 sua
685 1095 789 1187 magis
813 1094 948 1187 cupiant
962 1091 1109 1177 laudari,
1126 1093 1228 1184 quam

185 1201 278 1291 fieri,
295 1224 357 1270 nec
378 1201 443 1268 sint
465 1199 507 1270 dc
523 1202 691 1271 sanctitate
707 1201 829 1294 operis,
847 1201 904 1271 sed
920 1199 965 1270 de
980 1199 1137 1269 sermonis
1156 1196 1243 1273 elu·,

185 1307 318 1376 eubrati
325 1320 496 1377 venustate
504 1307 650 1394 solliciti,
662 1307 827 1401 numquid
837 1331 907 1378 non
922 1305 1003 1377 tales
1013 1305 1131 1374 meriti>
1146 1327 1230 1372 aera-

183 1427 301 1505 mento
322 1415 465 1501 sonanti,
483 1428 541 1483 aut
557 1415 710 1485 tinnienti
729 1413 884 1506 cymbalo
900 1414 1152 1506 comparantur?
1170 1411 1229 1505 qui

185 1521 225 1590 in
246 1517 392 1590 modum
408 1521 591 1591 tinnientis
608 1524 818 1610 aeramenti,
849 1520 910 1591 del
930 1517 1115 1616 cymbali1
1144 1542 1230 1614 prae-

183 1627 274 1698 clara
296 1626 399 1720 magis
420 1651 562 1721 quaeque
578 1643 739 1723 appetunt
754 1651 890 1726 sonare,
907 1631 1008 1721 quam
1024 1627 1151 1715 facere,
1168 1649 1230 1695 nec

183 1734 386 1804 erubescunt
411 1737 485 1804 ase
504 1735 597 1828 ipsis,
621 1735 716 1805 aliter
740 1734 883 1806 vivendo
905 1737 1006 1829 quarn
1029 1731 1227 1826 praedicant,

183 1838 392 1933 discrepare,
410 1840 480 1934 qui,
495 1855 535 1910 ut
550 1865 687 1936 quoquo
699 1842 800 1912 modo
814 1839 1054 1936 turpitudinem
1068 1863 1136 1909 suae
1148 1862 1230 1908 con-

183 1962 377 2018 versationis
387 1947 596 2036 obnubilent
604 1951 741 2022 honesta
748 1949 928 2044 praedrcare
937 1972 1005 2020 non
1015 1961 1154 2033 cessant
1161 1969 1230 2016 non

183 2070 223 2126 ut
243 2055 409 2126 auditores
419 2081 470 2127 sur
481 2081 596 2128 eorum
605 2057 1038 2153 praedicationeproficrant
1050 2053 1108 2126 sed
1117 2069 1155 2124 ut
1169 2031 1245 2148 ipsi

183 2164 364 2233 videantur
375 2187 489 2233 curare
509 2189 584 2258 quae
595 2165 806 2259 praedicantl.
813 2193 829 2231 u
841 2169 1012 2235 -Beatus
1028 2177 1138 2233 autern
1151 2161 1231 2232 Hie-

185 2293 368 2361 ronymus:
387 2299 401 2334 «
416 2275 491 2341 Non
502 2271 726 2359 confundant,
737 2274 861 2367 inquit,
871 2297 970 2366 opera
980 2286 1038 2341 tua
1047 2275 1232 2340 sermonem

185 2392 306 2467 tuum,
323 2401 367 2446 ne
380 2376 457 2447 clun
472 2378 508 2447 in
528 2377 674 2449 Ecclesia
688 2379 849 2474 loqueris,
870 2380 989 2449 tacitus
1009 2376 1150 2470 quilibet
1165 2398 1232 2445 res·

185 2483 334 2578 pondeat
349 2514 356 2554 :
371 2487 440 2555 Cur
454 2487 533 2576 ergo
548 2487 636 2572 haec,
651 2511 727 2580 quae
747 2486 838 2574 dicis,
858 2487 928 2582 ipse
946 2509 1014 2556 non
1030 2477 1129 2556 fa'cis?
1141 2482 1232 2554 Deli-

183 2605 281 2660 catus
292 2592 446 2683 magister
458 2605 518 2679 est,
537 2594 605 2686 qui,
624 2591 723 2686 pleno
735 2608 863 2681 ventre,
877 2594 919 2663 de
927 2593 1061 2688 jejuniis
1073 2590 1230 2685 disputat.

188 2704 352 2769 Accusare
369 2685 539 2770 ⁴avaritiam
561 2713 595 2768 et
610 2700 694 2770 latro
708 2716 827 2794 potest.
847 2701 1030 2773 Sacerdotis
1043 2701 1164 2772 Christi
1179 2724 1232 2786 οε,

187 2829 283 2874 mens
299 2828 481 2900 manusque
496 2804 732 2876 concordent³.
750 2834 766 2871 u

235 2910 294 2980 His
319 2910 498 2981 concordat
521 2925 555 2981 et
575 2925 705 2982 sanctus
731 2910 875 2981 Isidorus
896 2909 1114 3003 Hispalensis,
1141 2912 1235 3004 cujus

188 3019 262 3086 haec
278 3031 356 3086 sunt
368 3017 469 3087 verba
488 3047 496 3086 ι
517 3046 533 3084 a
545 3019 626 3088 Tam
638 3016 787 3088 doctrina
802 3019 902 3112 quam
916 3017 983 3088 vita
997 3015 1120 3086 clarere
1135 3014 1236 3085 debet

191 3123 427 3193 ecclesiasticus
444 3123 580 3204 doctor3
598 3127 676 3194 nam
692 3124 841 3195 doctrina
856 3125 926 3194 sine
945 3124 1013 3195 vita
1029 3138 1236 3215 arrogantem

191 3229 320 3320 reddit,
339 3229 405 3301 vita
421 3231 491 3300 sine
508 3231 657 3301 doctrind
673 3233 824 3303 inutilem
841 3231 930 3304 facit.
952 3233 1134 3304 Sacerdotis
1150 3258 1237 3327 prae-

192 3335 312 3406 dicatio
340 3337 495 3429 operibus
525 3338 750 3409 confirmanda
781 3353 850 3430 est,
876 3341 921 3409 ira
945 3354 983 3410 ut
1006 3339 1098 3434 quod
1120 3340 1237 3411 doceat

192 3442 329 3528 verbo,
319 3456 461 3512 rnstruat
471 3443 636 3537 exemplo:
646 3469 724 3516 vera
733 3460 782 3516 ost
794 3448 882 3515 enim
893 3445 949 3516 illa
963 3447 1124 3533 doctrina,
1135 3471 1236 3540 quam

193 3547 325 3619 vivendi
347 3547 452 3620 forma
468 3553 636 3644 sequitur3
656 3555 733 3621 ndnr
754 3552 837 3622 nihil
853 3554 982 3646 turpius
1002 3569 1067 3639 est,
1089 3578 1189 3648 quarn
1211 3557 1258 3624 si

194 3655 337 3743 bonum,
358 3659 450 3750 quod
472 3659 611 3752 quisque
635 3681 783 3729 sermone
798 3658 975 3753 praedicat,
994 3649 1125 3754 explere
1138 3683 1238 3756 opere

194 3761 347 3854 negligat.
361 3768 454 3834 Tunc
468 3765 557 3834 enim
568 3765 757 3858 praedicatio
772 3765 896 3837 utiliter
910 3766 1089 3859 profertur,
1101 3771 1236 3863 quandd

209 3965 216 3978 ,
230 3915 238 3942 ¹
256 3924 266 3959 r
283 3908 339 3958 eor.
349 3921 400 3974 xm,
417 3925 440 3958 r.
454 3933 487 3945 -·
501 3909 572 3961 ’Iul
586 3912 680 3963 Pomer.
696 3909 728 3962 do
747 3909 808 3962 virt.
824 3917 850 3962 ct
862 3911 930 3964 Vitiis
941 3950 948 3977 ,
961 3928 983 3964 o.
1008 3911 1048 3980 14.
1065 3939 1097 3951 ·-
1112 3911 1236 3970 ³S.'Hicr.

196 3989 270 4056 Ep'ut.
286 4007 378 4060 mu,
391 3992 422 4045 ad
434 3993 522 4059 Nepot.
