2982 4584
227 435 334 483 utros
357 437 636 483 v1.nuranruono
659 438 695 482 ru
717 435 924 482 coucrornrua
947 433 1112 484 ιιιιιιιιιι.
1140 421 1205 484 47⁷

165 539 213 630 gis
227 539 491 610 virum'lerooem
502 539 737 630 l'erreoportet.
754 537 820 607 Sed
830 559 901 608 non
911 537 984 609 haec
997 537 1073 611 dico
1085 553 1206 612 utver·

164 644 300 716 beretur
314 644 449 732 mulier,
466 644 574 733 absit3
590 643 668 712 nani
682 643 755 713 haec
769 655 915 714 extrema
926 647 1127 716 contumelia
1141 660 1203 734 est,

164 773 235 824 non
253 752 455 836 verberata,
472 747 531 820 sed
546 748 743 820 verberanti.
758 747 825 820 Sed
839 748 867 818 si
881 757 961 820 casu
974 749 1087 844 aliquo
1105 751 1206 822 talem

164 857 338 978 conjugem
354 857 470 930 sortita
488 853 608 944 Γιιιιιι,
625 853 799 942 dmulier,
816 878 859 925 ne
875 853 1011 947 indigne
1026 853 1132 944 luas,
1149 863 1208 928 co'·

164 963 269 1056 girans
284 963 459 1082 repositam
474 960 536 1034 ti'bi
561 960 767 1049 mercedem,
783 975 818 1032 et
842 963 878 1033 in
893 963 956 1034 htc
977 963 1045 1034 viu
1057 961 1204 1036 laudern.

162 1067 456 1164 Vobisquoque
425 1067 502 1147 uris
516 1068 581 1140 boc
592 1051 678 1140 dico.
691 1067 782 1141 Nihil
795 1066 1121 1162 talesitpeocatum,
1138 1052 1208 1164 quo

48 1213 50 1222 ·
162 1175 328 1268 cogamini
342 1188 479 1247 uxorem
490 1173 675 1246 verberare.
685 1174 824 1268 thuid
834 1173 911 1246 dico
925 1197 1062 1248 morem
1072 1179 1087 1244 t
1087 1197 1208 1280 neque

162 1282 316 1356 ancillam
327 1282 501 1354 verberare
510 1294 569 1354 aut
581 1281 613 1352 ei
624 1303 741 1352 manus
752 1277 919 1356 inserte
888 1304 961 1352 vrru
971 1282 1118 1374 ingenuo
1128 1282 1208 1353 fue-

161 1387 206 1460 rit
219 1386 440 1460 tolerandum.
459 1387 559 1472 Quod
580 1410 609 1458 ει
599 1385 776 1458 ancillam
790 1385 963 1460 verberare
975 1409 1137 1480 maguum
1151 1388 1206 1460 in·

162 1493 274 1566 fert
243 1517 314 1566 vno
328 1495 509 1589 probrum,
530 1493 637 1566 multb
655 1493 758 1587 magis
781 1495 897 1566 ιοιιιιι
911 1493 1050 1564 liberam
1069 1516 1205 1568 manum
1278 1493 1286 1508 '
1327 1577 1330 1582 .

162 1601 343 1675 intendere.
359 1607 403 1674 llt
425 1605 489 1674 hoc
503 1603 538 1673 in
560 1601 702 1674 externis
723 1600 824 1672 etiarn
837 1599 1080 1693 legislatoribus
1094 1601 1207 1672 videre

162 1723 229 1797 est,
246 1711 304 1805 qui
319 1733 391 1781 eam
406 1735 483 1805 quae
505 1711 552 1782 ita
577 1733 730 1804 percussa
748 1709 812 1782 fuit
827 1733 897 1782 non
913 1723 1038 1802 cogunt
1056 1710 1207 1782 habitare

160 1839 238 1904 eum
254 1839 462 1910 percussore,
481 1819 600 1911 utpote
621 1819 680 1910 qui
694 1816 783 1886 illius
802 1817 967 1888 consortio
981 1815 1136 1908 indignus
1150 1817 1204 1888 sit.

159 1923 294 1996 Etenim
309 1939 464 1996 extremae
475 1938 526 1994 est
536 1923 730 2018 iniquitatis,
748 1923 826 1996 vitae
837 1937 1036 2012 consortem,
1053 1947 1130 2018 quae
1144 1924 1206 1996 tibi

160 2031 196 2100 iu
211 2030 311 2106 rebus
326 2031 514 2104 necessariis
526 2028 656 2125 jamdiu
671 2051 805 2122 operam
817 2030 1011 2122 praestabat,
1025 2044 1065 2102 ut
1079 2031 1206 2102 mouci-

159 2140 264 2233 pium‚
281 2139 613 2232 ignominiaafficese.
629 2137 775 2233 Ideoque
795 2139 895 2210 ιιιειιι
910 2141 1036 2227 virum,
1053 2140 1081 2210 si
1098 2139 1206 2212 virum

159 2262 272 2318 umen
287 2245 365 2318 licet
374 2245 560 2339 appellare,
575 2269 644 2330 non
657 2241 783 2332 leram,
800 2247 969 2338 patricidae
980 2259 1014 2317 et
1024 2245 1206 2319 matricidae

158 2377 275 2450 parem
288 2377 358 2426 esse
377 2354 526 2426 dixerim.
543 2355 627 2428 llam
643 2353 670 2423 si
686 2366 822 2447 propter
833 2352 922 2422 illam
935 2406 945 2440 ,
959 2367 993 2422 et
1003 2367 1153 2446 patrem,
1171 2367 1207 2423 et

158 2475 298 2532 matrem
313 2461 500 2557 relinquere
513 2461 596 2555 jussi
607 2483 741 2548 sumus,
755 2481 825 2532 non
836 2459 900 2530 illis
914 2461 1069 2554 iujuriam
1080 2457 1205 2533 facien-

158 2583 227 2654 tes,
251 2569 310 2638 sed
324 2567 472 2640 divinam
486 2567 594 2689 legero
609 2566 830 2690 implentess
821 2567 899 2660 apsis
913 2565 1105 2660 parentibus
1121 2565 1206 2641 adeb

159 2675 429 2761 desiderabilem,
452 2688 490 2744 ut
509 2687 554 2743 et
551 2675 621 2766 ipsi
634 2697 693 2766 qur
682 2674 964 2765 relinquuntur,
982 2677 1121 2764 gratiam
1147 2675 1204 2746 lra-

158 2783 273 2868 beant,
289 2794 324 2850 et
337 2766 403 2851 hoc
418 2802 496 2850 cum
492 2778 622 2850 studio
637 2778 936 2871 magnoefficiant·
927 2781 1127 2873 wquomodd
1136 2803 1206 2852 non

159 2903 314 2960 extremae
324 2886 619 2976 demendaeluerit,
637 2909 711 2958 eam
724 2884 927 2958 contumelia
941 2887 1071 2958 allicere
1083 2937 1092 2974 ,
1106 2901 1206 3008 prop·

159 3011 210 3070 ter
219 3017 321 3090 quarn
333 3011 486 3089 parentes
498 2995 608 3068 Deus
596 2994 889 3090 Jussitdimittcre'l
890 2994 986 3066 llum
994 2994 1079 3066 lroc
1069 2995 1207 3068 insaniae

158 3103 266 3178 solium
278 3105 349 3172 est‘l
361 3101 505 3174 dedecus
521 3117 555 3174 et
570 3101 785 3196 ignominiam
804 3117 916 3174 autem
925 3100 1117 3196 hujusmodi
1130 3102 1206 3196 quis

158 3212 269 3285 ferat?
284 3211 358 3305 quis
380 3213 487 3281 sermo
501 3210 604 3302 possit
617 3213 691 3281 eam
708 3209 890 3302 explicare,
907 3210 1042 3304 quandd
1056 3210 1206 3286 ululatus

159 3335 194 3392 et
209 3319 349 3412 gemitus
359 3339 423 3410 per
438 3318 582 3409 compita
601 3316 775 3399 feruutur,
793 3327 827 3385 et
841 3339 1020 3388 concursus
1034 3319 1131 3389 estin
1146 3317 1206 3390 do·

159 3450 253 3498 mum
270 3423 415 3520 ejusqui
430 3424 498 3493 tam
511 3422 667 3492 indecore
682 3443 717 3490 ae
732 3419 816 3512 gerit
827 3434 861 3490 et
870 3420 1054 3494 vicinorum
1070 3437 1105 3492 et
1120 3447 1206 3517 prae-

159 3526 375 3618 tereuntium,
389 3554 427 3601 ac
438 3529 544 3624 silere
554 3529 731 3622 quaepiam,
742 3551 818 3620 quae
829 3525 919 3598 intris
927 3541 1018 3616 sunt,
1027 3528 1206 3602 labefactet

159 3654 194 3710 et
209 3637 349 3732 perdat?
371 3635 558 3730 optabilius
581 3649 664 3706 esset
687 3648 808 3704 terram
824 3633 991 3704 dehiscere
1010 3635 1040 3703 ei
1055 3637 1113 3730 qui
1134 3639 1205 3706 tim

110 3753 117 3768 '
159 3743 285 3817 sunone
309 3767 343 3814 se
363 3758 473 3834 gerat,
503 3744 604 3836 quarn
618 3754 656 3810 ut
680 3742 793 3832 postea
808 3741 843 3810 iu
859 3738 932 3810 foro
948 3755 1113 3834 appareat.
1139 3741 1206 3813 Sed
1236 3750 1237 3754 ’

160 3852 292 3938 mulier,
313 3851 434 3944 inquit,
450 3849 556 3922 audax
572 3865 607 3920 et
620 3871 731 3941 aspera
748 3862 807 3918 est.
825 3846 892 3920 Sed
905 3847 1013 3940 cogita
1028 3847 1119 3920 illam
1134 3871 1207 3924 esse

159 3960 345 4044 mulierem,
362 3978 418 4029 vas
431 3956 615 4043 infirmum,
625 3969 658 4032 te
673 3965 786 4032 auten
796 3955 916 4030 virum.
927 3957 1103 4050 Propterea
1115 3957 1208 4028 enirn
