2984 4580
269 417 332 482 350
422 427 602 483 snuroamt
624 427 651 480 s.
677 427 826 492 rtrunu,
852 427 929 478 rtis
951 433 999 494 rr,
1023 427 1108 478 sacr.
1133 433 1158 477 r.

267 535 413 606 adoratio
425 558 503 606 cnm
519 540 615 604 Patre
630 531 700 604 sine
715 531 901 624 principio,
919 546 953 602 et
972 547 1099 618 sancto,
1119 545 1152 602 et
1166 531 1257 600 bono
1276 543 1309 600 et

265 643 451 714 vivificante
465 641 565 733 ipsius
576 639 711 732 Spiritu,
726 662 829 727 nunc,
840 653 875 710 et
885 663 1014 734 semper
1024 653 1059 710 et
1070 641 1107 711 in
1117 637 1239 710 saecula
1252 659 1310 708 sae·

266 749 622 827 culorum.lmen‚1.»
668 823 670 832 ,
1087 785 1089 788 -

310 859 367 926 27⁰
382 853 578 946 Suspensio
593 852 648 924 illa
672 852 793 927 dicitur
814 853 972 926 sermonis
986 855 1110 946 figura,
1135 853 1202 947 qul
1216 855 1309 926 Con·

266 964 426 1052 cionator,
443 975 483 1036 ut
497 962 559 1036 sibi
574 961 790 1035 attentionem
805 961 973 1047 conciliet,
991 959 1186 1056 aliquandiu
1200 961 1310 1054 loqui·-

265 1085 320 1143 tur
335 1071 377 1142 de
393 1067 534 1145 mirabili
549 1067 696 1164 quodam
716 1070 787 1140 viro
811 1067 865 1140 vel
886 1066 994 1154 facto,
1020 1093 1087 1140 non
1110 1069 1306 1154 indicando,

265 1179 480 1262 usitatim,
498 1176 572 1268 quis
587 1176 627 1246 sit
642 1175 698 1249 ille
713 1177 782 1262 vir,
800 1176 854 1250 vel
876 1175 1046 1269 quodnam
1068 1175 1152 1245 illud
1169 1175 1305 1246 sactum.

267 1285 318 1356 Sic
328 1298 460 1362 sanctos
471 1283 724 1373 chrysostomus
736 1283 778 1356 dc
790 1285 887 1356 beato
899 1284 1066 1358 Abraham
1078 1283 1307 1356 dissertaturos

265 1415 447 1466 sermonem
464 1390 652 1482 aggreditur
670 1418 678 1462 a

267 1583 269 1590 Α
312 1497 479 1571 «Vidistis
502 1497 655 1571 canitiem
677 1511 846 1587 vegetam,
864 1521 902 1568 ac
918 1497 1070 1570 floridam
1084 1499 1308 1596 senectutem?

264 1605 389 1676 vidistis
400 1605 556 1677 athletam
574 1628 785 1696 generosum,
801 1620 922 1678 etcum
934 1609 1053 1678 natura
1064 1606 1308 1699 visceribusque

234 1777 237 1786 .
265 1715 489 1806 pugnantem?
504 1710 630 1784 vidistis
646 1713 764 1797 virum,
782 1713 818 1780 in
843 1728 988 1786 extremo
1013 1715 1116 1800 senio,
1134 1712 1308 1782 adamante

265 1821 463 1890 firmiorem?
477 1819 562 1890 vires
581 1818 716 1912 quidem
740 1821 885 1911 corporis
908 1809 978 1913 ejus
999 1820 1233 1913 elanguerant,
1250 1819 1308 1890 eed

266 1930 337 2022 ejus
352 1928 429 1996 fidei
445 1927 536 2016 vigor
548 1925 778 1998 corroboratus
793 1941 873 2001 erat.
894 1928 983 2000 Talia
996 1943 1073 1998 sunt
1088 1929 1178 1997 enim
1191 1927 1307 1998 Ecde-

266 2037 321 2106 siae
337 2033 494 2126 praeclara
516 2033 678 2117 facinora,
696 2046 735 2104 ut
750 2033 957 2108 imbecillitas
978 2036 1123 2128 corporis
1145 2035 1222 2106 fidei
1238 2035 1308 2106 ala-

266 2142 415 2214 critatem
440 2163 508 2213 non
529 2139 628 2213 laedat
653 2168 663 2208 ι,
686 2155 915 2214 ornamentum
939 2143 1063 2236 qnippe
1086 2157 1136 2212 est
1155 2143 1309 2218 Ecclesiae

266 2240 400 2320 canities
410 2247 560 2333 demissa,
571 2261 604 2316 et
614 2245 695 2316 fides
710 2245 769 2316 alis
780 2248 950 2336 instructa,
962 2264 1062 2344 atque
1076 2251 1138 2320 hle
1154 2252 1308 2344 repetis-1

266 2356 384 2428 simirm
398 2353 541 2426 Ecclesia
558 2352 701 2424 laetatur.
717 2357 799 2429 Nam
815 2356 849 2428 ia
864 2356 1010 2448 profanis
1023 2357 1159 2451 quidem
1171 2359 1307 2449 negotiis

265 2463 392 2532 inutilis
404 2475 452 2530 est
465 2485 579 2546 senex,
598 2483 660 2532 nec
676 2461 778 2533 ullam
790 2463 833 2536 ad
847 2487 916 2534 rem
928 2464 1087 2557 idonens3
1108 2468 1166 2536 sed
1181 2466 1308 2560 ubique

267 2567 387 2660 dignus
409 2565 613 2656 indulgentia
636 2579 808 2652 censetur,
834 2569 926 2661 qudd
947 2586 1083 2664 propter
1100 2573 1308 2647 imbecillita-

266 2687 333 2744 tem
355 2673 396 2744 ad
412 2696 489 2744 usus
504 2672 581 2745 vitae
597 2673 792 2746 necessarios
806 2675 941 2747 minime
964 2678 1071 2750 valeat
1084 2680 1304 2750 commodare.

266 2778 415 2874 Exempli
433 2781 551 2866 causa,
569 2803 637 2850 non
652 2793 761 2872 potest
774 2805 873 2854 senex
888 2783 924 2852 in
947 2783 1037 2857 bello
1055 2800 1140 2856 stare
1160 2788 1196 2856 in
1215 2788 1303 2873 acie,

265 2889 382 2959 nonin
402 2910 524 2981 equum
539 2885 729 2971 ascendere,
752 2911 820 2958 non
840 2891 966 2962 hastam
982 2891 1127 2971 vibrare,
1149 2917 1219 2964 nort
1232 2894 1305 2985 ely·-

264 3017 364 3087 peum
381 3016 530 3079 movere,
548 3015 617 3064 non
637 2992 712 3066 solis
725 2993 874 3067 ardorem
889 2991 987 3085 ferre,
1006 3023 1073 3070 non
1088 3001 1214 3072 itineris
1231 3003 1305 3073 lon·-

265 3101 448 3192 gitudinem
467 3098 644 3184 sustinere,
659 3123 727 3169 non
743 3098 838 3170 famis
854 3105 1084 3196 asperitatem
1095 3131 1163 3178 non
1182 3111 1303 3180 molam

263 3203 469 3276 tumultuum
478 3203 698 3274 tolerarezsed
706 3207 884 3300 tranquillo
896 3211 931 3281 in
939 3211 1013 3285 loco
1025 3214 1154 3286 canitiei
1166 3216 1303 3307 patroci-

262 3315 318 3382 nio
327 3311 430 3384 fretus
442 3310 545 3380 sedet.
560 3315 630 3382 Hoc
639 3313 717 3382 verd
728 3313 763 3382 in
778 3315 912 3408 navigiis
924 3320 1058 3412 quoqne
1069 3321 1160 3390 cerni
1172 3335 1298 3414 potest:

262 3420 304 3492 ad
326 3417 547 3514 gubernacula
566 3421 682 3512 nequit
696 3443 794 3492 senex
809 3423 942 3511 sedere,
960 3449 1029 3500 non
1044 3427 1146 3500 maria
1161 3428 1299 3514 sulcare,

260 3551 328 3601 non
344 3549 473 3600 remum
482 3526 614 3612 ducere,
628 3548 697 3596 non
712 3527 785 3596 vela
800 3528 946 3617 tendere,
960 3555 1029 3604 non
1038 3536 1211 3611 contrariis
1221 3557 1304 3606 ren·

171 3671 173 3674 ·
259 3636 300 3704 tis
308 3634 476 3718 obsistere,
489 3655 557 3703 non
569 3633 774 3725 asperitatem
788 3633 915 3728 frigoris
923 3640 1004 3730 pati,
1019 3665 1088 3716 nnn
1099 3641 1190 3716 aliud
1205 3640 1299 3736 quid·

258 3742 344 3833 piam
362 3740 524 3834 ejusmodi
539 3753 647 3830 potest
661 3741 836 3831 perficere,
850 3742 908 3814 sed
926 3745 962 3818 in
979 3749 1055 3820 navi
1070 3748 1180 3836 sedet,
1197 3764 1298 3844 atque

166 3839 171 3848 '
258 3848 361 3922 aetatis
377 3847 475 3919 cause
494 3845 622 3919 veniam
638 3846 802 3940 impetrat.
825 3855 895 3923 Hoc
917 3851 1025 3946 ipsum
1040 3870 1074 3928 et
1091 3858 1127 3928 in
1149 3855 1298 3951 agricolis

292 3987 300 4012 ¹
311 3977 336 4027 S.
347 3973 422 4042 Ephr.
434 3976 504 4026 Prec.
518 3989 546 4027 rr
556 3973 587 4027 ed
597 3975 679 4027 Senot.
694 3974 793 4041 Deipar.
