2984 4580
293 421 357 487 lli
440 436 617 486 nnsromct
641 429 666 480 s'.
693 435 841 495 strauit,
865 433 941 478 atas
965 435 1012 494 rr,
1037 429 1119 510 secr.
1145 433 1168 473 1.
1361 502 1363 508 ἲ

290 539 425 633 quoque
446 568 453 606 :
471 535 573 604 Ecce
593 557 711 624 aqna,
730 525 818 622 (inid
834 555 891 600 me
910 526 1080 624 prohibet
1098 522 1329 620 baptr'znrr'¹?

292 645 459 739 Temporis
483 643 687 713 occasionem
707 643 839 734 arripe:
858 639 902 708 ob
924 640 1052 708 bonum
1075 636 1223 706 laetitiam
1247 659 1330 705 con·

290 755 363 846 cipe
384 781 390 822 :
409 761 509 844 atque
524 749 596 818 haec
614 748 766 833 locutus,
781 749 962 840 baptizare3
975 746 1173 838 baptizatus,
1190 741 1331 812 salutem

291 861 423 952 accipe3
438 871 471 927 et
482 857 632 950 quamvis
644 879 781 948 corpore
793 855 963 946 AEthiopns
972 848 1026 936 sis,
1041 852 1149 920 animo
1161 849 1327 919 dealbare.

292 964 438 1036 Salutem
461 986 675 1056 consequere,
692 965 758 1056 qual
770 961 854 1030 nihil
869 959 1041 1030 sublimius
1056 947 1332 1057 praestantiusque

291 1087 350 1158 est,
363 1065 452 1164 apud
468 1093 523 1140 eos
534 1070 687 1162 certequi
702 1083 813 1138 mente
829 1063 1206 1160 praeditisunt.Nedicas
1225 1092 1232 1132 :
1250 1068 1331 1155 Bap-

221 1237 226 1248 ,
247 1185 249 1189 ’
290 1181 429 1248 tizetme
443 1179 634 1270 episcopua,
654 1191 754 1269 atque
768 1175 795 1243 is
803 1167 1090 1266 metropolitanus,
1105 1184 1163 1239 aut
1178 1171 1332 1240 Hieroso-

290 1283 485 1374 lymitanns3
503 1287 588 1373 (non
604 1283 691 1350 enim
707 1281 856 1351 locorum
872 1296 920 1348 est
936 1280 1054 1370 gratia,
1074 1277 1133 1346 sed
1150 1277 1332 1369 Spiritds3)

290 1393 382 1484 isque
404 1390 501 1458 etiam
524 1390 565 1458 sit
582 1388 671 1456 claro
687 1401 720 1456 et
743 1386 847 1456 nobili
863 1409 981 1477 genere
1000 1397 1108 1474 ortns3
1126 1407 1224 1474 grave
1244 1386 1331 1452 enirn

258 1527 267 1542 ¹
281 1493 390 1570 ‘fuerit
407 1495 572 1565 nobilitati
586 1515 668 1562 meae
682 1493 726 1562 ob
741 1495 827 1585 ejus,
849 1493 908 1584 qni
919 1491 1063 1583 baptizat
1077 1489 1329 1572 obscuritatem,

289 1601 399 1670 labem
418 1623 455 1670 ac
475 1599 619 1669 dedecus
638 1588 786 1687 inferri,¹
799 1612 857 1667 aut
875 1599 901 1666 si
920 1599 1110 1690 presbyter,
1139 1595 1255 1665 saltem
1274 1596 1332 1688 qni
1411 1593 1419 1600 ’

232 1695 235 1699 ’
292 1709 408 1803 caelehs
422 1710 478 1793 sit,
498 1709 555 1800 qni
576 1707 787 1777 continentiae
802 1705 901 1774 lande
920 1722 1019 1799 atque
1034 1703 1181 1794 angelicis
1200 1704 1332 1774 vivendi

292 1818 418 1885 ratione
429 1816 568 1905 lloreat,
586 1837 683 1908 grave
698 1817 786 1884 enim
807 1813 923 1900 luerit,
941 1815 967 1882 si
979 1815 1014 1882 in
1029 1811 1333 1906 purgationistem-

291 1946 371 2015 pore
386 1919 520 1992 'inficiar
544 1934 643 2013 atque
670 1920 900 1991 commaculer.
930 1923 978 1991 Ne
1011 1919 1250 1990 concionatoris
1275 1931 1333 1988 ant

171 2047 174 2051 ·
290 2027 486 2120 baptizantis
500 2027 726 2096 auctoritatem
740 2027 896 2118 inquiras.
914 2025 1007 2100 Alius
1019 2029 1139 2096 homm
1147 2024 1250 2118 judex
1264 2039 1330 2111 est,

176 2143 183 2155 “
248 2141 251 2148 ’
291 2157 329 2204 ae
344 2155 454 2202 rerunt
470 2132 685 2202 obscurarum
696 2132 880 2224 explorator
899 2163 906 2202 :
924 2131 1196 2226 quandoquidem
1207 2129 1333 2201 Homo

281 2241 439 2339 faciem,
457 2229 562 2310 Dens
573 2253 694 2308 antem
713 2264 778 2311 cor
796 2239 954 2312 intuetur
967 2247 992 2309 ².
1012 2241 1085 2311 Tibi
1099 2254 1210 2310 autem
1225 2241 1332 2334 quivis

292 2349 334 2418 ad
354 2349 582 2441 purgationem
604 2350 683 2416 satis.
700 2348 839 2418 idonens
860 2362 928 2435 est,
947 2348 1048 2418 modb
1070 2349 1156 2418 inter
1178 2348 1333 2440 probatos

291 2469 480 2546 censeatur,
498 2477 536 2522 ac
552 2477 620 2522 non
636 2457 747 2545 aperte
767 2456 1005 2527 condemnatus
1020 2456 1077 2541 sit,
1095 2467 1195 2547 atque
1206 2457 1249 2524 ab
1265 2457 1331 2524 Ec-

290 2561 387 2630 clesid
400 2561 537 2628 alienus.
556 2561 620 2640 Qui
636 2559 806 2628 curatione
827 2559 969 2651 indiges,
984 2562 1018 2630 in
1030 2560 1157 2654 judices
1170 2561 1330 2653 judicium
1394 2605 1400 2612 -

289 2678 331 2734 ne
351 2668 474 2760 arripe,
498 2688 559 2734 nec
574 2689 686 2735 eorum
697 2665 708 2751 ',
732 2668 750 2734 b
766 2657 886 2760 quibus
902 2669 1069 2760 purgaris,
1088 2667 1262 2758 dignitates
1277 2691 1332 2737 ex·

289 2785 377 2859 cute,
393 2795 457 2842 nec
472 2772 559 2842 inter
570 2772 733 2864 genitores
745 2772 911 2842 delectum
922 2773 1021 2843 habe.
1036 2778 1095 2843 Est
1104 2773 1239 2868 quidem
1250 2767 1345 2844 alius

289 2879 353 2949 alio
368 2880 596 2972 praestantior,
617 2878 671 2950 vel
687 2878 844 2950 inferior:
866 2894 899 2950 te
918 2895 1028 2968 antem
1045 2883 1151 2975 quivis
1167 2895 1216 2950 est
1231 2868 1330 2975 snpe-

286 2989 365 3057 rior.
394 2989 446 3058 Sic
470 3001 580 3056 tecum
601 3001 728 3078 reputa.
751 2987 915 3058 Sintduo
935 2989 1068 3076 annuli,
1090 2988 1173 3080 alter
1192 2984 1327 3076 aureus,

289 3081 370 3163 alter
387 3091 524 3177 ferreus,
543 3106 641 3184 atque
656 3093 755 3162 ambo
770 3093 919 3163 eamdem
939 3096 1144 3188 imperatoris
1153 3097 1329 3188 imaginem

287 3200 484 3291 insculptam
505 3199 666 3284 habeant,
685 3223 722 3268 ac
742 3199 862 3268 deinde
883 3225 991 3270 ceram
1018 3203 1220 3295 imprimant.
1241 3205 1329 3288 Quid

287 3304 421 3375 tandem
434 3305 498 3374 hoc
509 3306 637 3396 signum
655 3304 764 3374 abillo
776 3307 869 3396 signo
885 3307 1036 3378 differet?
1046 3307 1142 3379 nihil.
1157 3312 1329 3380 Materiam

287 3413 323 3480 in
340 3413 413 3481 eerd
428 3413 633 3498 internosse,
651 3413 834 3507 quamlibet
850 3412 1005 3504 singulari
1024 3415 1155 3485 solertiai
1170 3417 1232 3486 sis?
1248 3420 1326 3504 Dic,

285 3534 398 3590 utrum
418 3519 584 3590 eduobus
601 3521 719 3611 signis,
738 3522 837 3590 aureo
858 3522 980 3592 scilicet
995 3523 1137 3608 annulo,
1157 3547 1200 3593 an
1221 3524 1328 3596 ferreo

285 3649 469 3719 expressum
480 3627 533 3711 sit,
548 3640 581 3694 et
595 3622 763 3718 quomodb
775 3651 879 3696 unum
892 3628 1046 3722 idemque
1054 3630 1184 3722 signum
1193 3633 1328 3702 existat?

284 3730 1326 3832 Dis'crimeneniminmateridestmoninsigno.Sictibiqnoqne

240 3923 247 3928 ‚
283 3859 408 3926 omnes,
423 3839 481 3931 qui
495 3836 683 3931 baptizandi
695 3861 831 3909 munere
840 3837 1026 3929 funguntur
1037 3841 1171 3927 ,idonei
1182 3845 1325 3914 babean-

202 3943 204 3948 .
322 3967 394 4015 'Act
406 3981 454 4026 un,
473 3965 511 4016 36.
525 3948 556 4000 ss-
571 3975 580 4000 ²
597 3981 607 4015 t
625 3963 683 4030 Reg.
704 3981 754 4030 xrr,
774 3983 797 4030 7.
