2930 4582
313 419 378 486 atr
469 434 649 484 annuorum
672 437 698 483 ε.
725 433 880 499 strauit,
905 435 982 484 raus
1005 441 1049 500 ιι,
1074 435 1159 484 sacr.
1186 443 1210 482 1.

310 539 391 608 simo
404 551 591 628 acceperat,
609 551 642 608 et
655 537 696 606 ad
712 535 818 606 solum
832 541 937 606 Deum
954 561 988 608 se
1000 536 1126 608 orando
1138 551 1351 642 convertprat.

311 643 519 714 Admonetur
543 643 742 728 insomnis,
770 643 1055 736 appropinquante
1085 645 1226 730 Paschal,
1259 660 1297 716 ut
1322 646 1354 716 in

311 768 405 844 parte
416 752 627 822 foeminarum
637 753 824 821 observanti
841 751 883 822 ad
900 751 1126 843 baptisterium
1138 777 1353 846 quaecumque

311 859 358 928 illi
373 860 536 951 baptizata
553 859 704 950 primitiis
720 858 925 942 occurrisset,
943 860 1087 949 signaret
1098 860 1127 928 ei
1141 859 1253 928 locum
1266 863 1353 950 signo

309 967 430 1038 Christi
446 996 453 1036 :
469 965 558 1050 lecit,
576 980 609 1034 et
624 963 798 1034 confestim
815 966 933 1034 sanitas
947 981 1122 1036 consecuta
1135 981 1194 1034 est.
1210 967 1354 1036 Medicus

310 1075 388 1144 sanc
404 1075 461 1166 qui
475 1074 504 1142 ei
522 1072 649 1142 dixerat
667 1087 706 1140 ut
721 1073 803 1140 nihil
817 1075 992 1142 curationis
1005 1073 1197 1160 adhiberet,
1216 1075 1243 1142 si
1259 1076 1352 1166 paulli

311 1180 434 1270 diutius
448 1178 546 1246 vellet
562 1179 690 1262 vivore,
709 1178 785 1246 citm
807 1182 995 1270 inspexisset
1010 1205 1081 1248 cnm
1099 1183 1228 1272 posted,
1253 1197 1287 1250 ct
1305 1206 1352 1251 sa-

310 1287 476 1354 nissimam
501 1285 722 1375 comperisset,
748 1284 957 1378 quampride
982 1288 1110 1356 babere·
1125 1287 1210 1354 illud
1233 1289 1352 1358 malurn

200 1401 204 1410 '
310 1393 367 1462 tali
387 1393 589 1484 inspectione
612 1407 825 1479 cognoverat,
850 1395 999 1484 quacsivit
1019 1399 1060 1462 ub
1085 1396 1122 1462 eal
1145 1395 1353 1464 vehementer

309 1501 392 1594 quid
406 1499 628 1586 adhibuisset3
643 1499 790 1588 cupiens,
804 1501 965 1590 quantirm
982 1501 1122 1591 intelligi
1139 1501 1249 1587 datur,
1265 1523 1353 1572 nosse

310 1609 612 1692 medicamentum,
649 1631 715 1699 quo
746 1608 951 1699 Hippocratis
983 1607 1131 1678 definitio
1156 1609 1351 1680 vinceretur.

310 1716 462 1815 Girmque
483 1717 525 1782 ab
551 1717 587 1781 cal
609 1713 691 1805 quid
713 1712 837 1808 lactum
861 1729 944 1783 esset
975 1713 1137 1801 audisset,
1162 1741 1246 1786 voce
1266 1717 1354 1788 velut
1433 1751 1435 1755 ’

310 1823 551 1893 contemnentis
564 1836 597 1890 et
612 1822 720 1906 vultu,
732 1821 778 1890 itt
792 1836 829 1890 ut
841 1822 896 1890 illa
910 1837 1070 1892 metueret
1079 1847 1121 1892 nc
1132 1824 1269 1918 aliquod
1283 1851 1353 1896 con·

266 1924 271 1930 ’
310 1929 521 1999 tumeliosum
531 1929 670 1997 verbum
686 1926 847 2018 proferret
856 1929 890 1996 in
905 1929 1089 2014 Christum,
1102 1929 1251 2022 religiosa
1263 1933 1353 2002 urba·

310 2039 414 2106 nitate
449 2034 653 2127 respondisse
678 2034 809 2104 sertor:
837 2037 1017 2122 Putabam,
1043 2038 1171 2130 inquit,
1199 2063 1351 2131 magnum

245 2221 247 2229 ,
312 2142 436 2236 aliquid
460 2157 492 2210 te
510 2142 591 2209 mihi
614 2140 713 2210 fuisse
738 2142 912 2212 dicturam.
942 2149 1051 2237 Atque
1077 2145 1134 2214 itta
1153 2149 1222 2238 jam
1239 2150 1353 2218 exhor·

312 2263 478 2334 rescente,
506 2272 582 2316 mox
604 2247 732 2327 addidit
763 2279 769 2318 :
793 2249 881 2331 Quid
906 2253 1030 2340 grande
1047 2250 1123 2321 lecit
1136 2255 1285 2324 Christus
1306 2279 1353 2324 sa-

312 2381 391 2426 nare
407 2379 584 2439 cancrum,
602 2357 660 2447 qui
680 2355 939 2448 quatriduanum
962 2373 1130 2428 mortuum
1148 2362 1353 2434 suscitante?

307 2469 385 2538 Hoc
401 2463 475 2532 cirm
498 2461 677 2545 audissem,
706 2478 739 2530 et
758 2465 970 2532 vehementer
991 2468 1233 2552 stomacharer,
1252 2470 1286 2538 in
1301 2467 1352 2538 itta

312 2571 444 2642 civitate
468 2586 566 2662 atquc
585 2570 621 2638 in
640 2568 697 2636 ittt
712 2573 869 2660 personat,
884 2595 953 2642 non
973 2574 1087 2665 utique
1111 2575 1263 2660 obscurat,
1285 2575 1352 2645 l'ac·

312 2693 386 2748 tum
402 2681 471 2746 tarn
487 2677 603 2766 ingens
625 2677 820 2746 miraculum
839 2677 885 2746 sic
901 2679 1025 2764 latere,
1043 2682 1121 2752 hinc
1146 2707 1220 2750 eam
1243 2697 1277 2752 et
1295 2682 1352 2752 ad·

311 2783 511 2856 monendam
527 2795 559 2850 et
576 2784 660 2875 pene
676 2783 917 2876 objurgandam
937 2787 1060 2876 putavi.
1085 2792 1167 2870 Quae
1181 2789 1261 2858 cirm
1278 2790 1353 2858 mihi

312 2891 530 2986 respondisset
550 2914 618 2978 non
639 2913 672 2958 se
693 2890 771 2958 inde
796 2892 952 2978 tacuisse,
971 2895 1107 2985 quaesivi
1123 2897 1165 2964 ab
1190 2897 1255 2979 eis,
1277 2919 1353 2989 quas

227 3001 229 3006 ’
312 2999 398 3070 fort'e
414 3015 493 3068 tunc
516 3011 679 3066 matronas
695 2997 903 3067 amicissimas
927 3023 1037 3068 secum
1063 3001 1218 3087 babebat,
1244 3003 1353 3072 utritm

312 3108 376 3174 boc
400 3105 495 3171 antea
525 3103 669 3170 scissent.
704 3103 959 3195 Responddrunt
983 3129 1017 3174 se
1045 3108 1350 3183 omninb'nescisse.

312 3217 415 3296 Ecce,
432 3210 585 3302 inquam,
604 3210 770 3303 quomodo
787 3236 855 3282 non
871 3209 956 3284 taces
968 3267 977 3301 ,
991 3230 1029 3284 ut
1045 3241 1105 3286 nec
1120 3217 1190 3286 istie
1206 3219 1351 3303 audiant,

313 3345 388 3415 quoe
408 3319 470 3387 tihi
488 3320 579 3386 tanti
595 3316 814 3388 lanriliaritate
826 3321 1026 3412 junguntur.
1050 3328 1094 3392 Et
1113 3324 1191 3416 quia
1215 3326 1355 3396 breviter

305 3416 356 3498 'ab
372 3428 409 3495 ed
429 3426 663 3520 quaesiueram,
681 3424 746 3494 leci
762 3439 816 3509 ut,
834 3425 897 3494 illis
918 3427 1130 3498 audientibus
1145 3430 1355 3526 moltitmque
1455 3429 1456 3502 ζ

224 3579 227 3586 -
312 3535 506 3606 mirantibus
530 3547 571 3602 et·
586 3531 845 3623 glorificantibus
871 3539 998 3628 Deum,
1022 3548 1130 3606 totum
1157 3539 1352 3625 exordiae,
1455 3543 1456 3548 ’

312 3638 591 3733 quemadmodum
608 3653 736 3728 gestum
750 3635 862 3722 fuerit,
881 3638 1045 3710 indicaret
1058 3647 1084 3710 ².
1106 3673 1120 3708 »

357 3753 404 3817 De
425 3745 588 3816 miraculis
607 3757 718 3814 autem
742 3745 828 3816 inter
848 3748 1114 3826 condonandum
1139 3751 1271 3844 relatis,
1294 3778 1354 3826 no·

252 3897 258 3908 .
358 3879 449 3925 istan.
469 3892 502 3924 xr.
523 3900 554 3908 —
576 3885 586 3908 ²
612 3877 635 3931 S.
670 3875 772 3940 August.
797 3877 830 3925 de
855 3877 953 3926 ctrttat.
977 3879 1037 3940 unt,
1062 3879 1105 3930 lib.
1139 3897 1207 3938 rut,
1238 3898 1295 3951 cap.
1322 3886 1352 3946 8,

315 3979 329 4010 rr
355 3957 410 4022 3¹l
1272 3967 1276 3970 “
