2992 4590
259 403 321 472 tet
405 413 583 468 enumeret
605 412 632 462 s·
657 411 811 476 eruitur,
836 412 913 482 rtur
932 417 977 478 u,
1002 416 1086 467 orsu.
1113 417 1137 460 1.

257 515 356 588 etiam
371 526 482 584 nostra
496 512 675 606 primordia
691 541 698 590 3
716 527 749 582 et
765 514 834 606 ipse
849 511 946 588 iaciat
961 535 1021 606 nos
1036 515 1095 584 Dei
1111 511 1215 598 filios,
1236 515 1295 609 qni

256 635 390 718 propter
405 645 465 699 nos
476 619 548 690 fieri
561 619 666 694 voluit
681 620 822 700 hominis
835 620 937 696 Filius
951 623 976 690 ¹.
997 648 1013 685 »

300 734 474 806 Doctorem
493 727 639 802 habuisti
661 726 853 816 mysterium
881 720 1296 804 orthodoxis‘evolventem
1399 720 1402 724 ’

255 836 488 922 sermonibus3
519 833 684 920 rethorem
714 833 834 906 audisti
860 833 1058 918 verborum,
1092 831 1296 924 oppositione

219 945 223 962 ‘
255 940 444 1030 ludentem
461 937 609 1014 ausculta
633 961 739 1026 nunc,
761 961 895 1032 quaeso,
918 952 1081 1020 oratorem
1097 937 1185 1020 idern
1200 961 1298 1030 argu-

255 1060 406 1120 mentum
430 1046 478 1121 itt
501 1057 772 1138 pertractantem,
788 1059 827 1116 ut
852 1043 937 1122 illud
951 1045 1078 1128 cunctis
1098 1043 1298 1138 veloquentiae
1329 1075 1331 1078 ·

255 1151 436 1248 perfundat
450 1153 581 1226 divitiis.
705 1197 709 1206 ·

304 1289 321 1334 u
344 1260 540 1350 Mysterium
556 1281 681 1332 novum
701 1271 735 1328 et
755 1256 948 1334 admirabile
968 1256 1066 1332 video
1092 1286 1100 1328 ε
1130 1271 1300 1350 pastorum

255 1367 392 1440 vocibus
404 1389 498 1441 aures
510 1388 593 1452 necne
604 1366 862 1452 circumsonant,
876 1365 934 1458 qui
945 1389 1014 1437 non
1025 1363 1092 1439 leni
1108 1378 1209 1450 cantu
1224 1365 1296 1437 sibi·

255 1474 343 1562 lant,
360 1475 419 1554 sed
440 1469 607 1550 crelestem
626 1475 788 1563 hymnum
804 1472 996 1544 concinunt.
1014 1471 1131 1562 Angeli
1152 1485 1297 1560 canunt,

255 1581 454 1674 Archangeli
464 1578 690 1667 modulantur,
704 1579 883 1654 Cherubim
891 1579 1056 1668 hymnum
1065 1577 1193 1664 dicunt,
1206 1582 1300 1672 ‚Sera-

170 1682 172 1690 ’
255 1689 349 1782 phim
365 1687 565 1779 glorificant,
585 1710 699 1760 omnes
714 1684 832 1762 festum
849 1683 1037 1772 celebrant,
1055 1684 1136 1757 ditm
1154 1685 1299 1771 interris

256 1795 381 1882 Deum,
396 1807 430 1868 et
443 1793 612 1870 hominem
626 1792 773 1870 incoelie
795 1805 936 1871 cernunt
958 1821 966 1864 ι
984 1815 1078 1880 eum,
1095 1793 1154 1886 qui
1169 1793 1300 1875 rursum

255 1914 321 1992 est,
338 1913 474 1994 propter
488 1899 764 1992 dispensationem
784 1897 938 1982 deorsum
958 1899 1079 1971 versari
1103 1921 1225 1986 zeum,
1240 1900 1299 1993 qui
1349 1931 1352 1936 Α

134 2077 139 2086 ,
154 2009 156 2016 '
255 2005 411 2092 deorsum
421 2021 501 2093 erat,
519 2019 654 2100 propter
665 2006 902 2096 benignitatem
917 2005 1046 2083 sursirm
1061 2027 1151 2082 nunc
1164 2006 1295 2079 versari.

148 2118 151 2123 ’
257 2113 364 2187 Hodie
379 2111 572 2186 Bethlehem
583 2105 707 2188 coelum
720 2111 845 2190 imitata
860 2125 908 2182 est
924 2141 933 2184 ε
951 2136 1027 2204 quae
1042 2111 1210 2196 stellarum
1221 2112 1299 2206 qui·

256 2219 333 2291 dem
351 2219 426 2290 loco
437 2218 579 2310 Angelos
595 2231 749 2304 canentes
763 2216 1000 2310 excepit,·solis
1021 2233 1132 2296 autem
1146 2217 1221 2291 loco
1228 2221 1300 2313 jus-

256 2327 337 2406 eitiae
364 2325 474 2400 Solem
496 2323 800 2418 incircumpscripte
823 2322 992 2418 complexa
1010 2323 1086 2396 suit.
1112 2329 1225 2419 Neque
1244 2327 1300 2415 hic

256 2435 432 2530 quaesieris,
450 2432 618 2528 quomode
629 2434 694 2522 hoc
709 2431 834 2508 factum
845 2433 887 2510 sit
903 2461 911 2502 ι
929 2432 989 2520 ubi
1001 2433 1091 2520 ⁴enim
1106 2437 1194 2505 neus
1207 2433 1298 2522 vult,

256 2540 319 2632 sihi
340 2554 467 2612 naturae
483 2539 565 2624 ordo
586 2538 684 2617 eedit.
707 2537 821 2616 Voluit
836 2538 942 2628 enim,
959 2539 1086 2632 potuit,
1110 2539 1298 2630 descendit,

255 2647 409 2740 salvavit3
436 2647 545 2727 omnia
569 2645 628 2725 Dei
653 2659 772 2722 nutum
798 2659 993 2740 sequuntur.
1025 2645 1132 2718 Hodie
1162 2648 1220 2741 qui
1241 2662 1300 2718 est

258 2755 418 2850 gignitur,
436 2769 470 2826 et
485 2753 615 2834 rursirm
636 2755 695 2850 qui
710 2767 775 2842 est,
793 2755 832 2825 fit
846 2754 900 2841 id,
918 2753 1010 2848 quod
1029 2778 1097 2827 non
1117 2769 1203 2846 erat3
1221 2757 1301 2828 nhm

257 2864 334 2943 com
348 2869 434 2942 Deus
449 2879 548 2954 esset,
566 2865 605 2942 lit
619 2864 736 2954 hom03
754 2863 796 2936 ab
816 2864 854 2935 ed
869 2876 996 2948 tamen,
1020 2875 1120 2956 quarn
1134 2863 1298 2952 habehat,

157 3057 160 3066 Α
257 2973 385 3048 Deitate
402 2996 470 3052 non
486 2969 628 3048 excidit:
642 2991 751 3060 neque
765 2969 853 3044 enirn
870 2991 946 3046 cum.
957 2970 1092 3041 Deitatis
1097 2969 1225 3063 jacturis
1235 2969 1300 3040 fac·

258 3091 311 3163 tus
326 3079 507 3163 esthemo,
525 3097 632 3168 neque
654 3074 785 3144 rursirm
804 3098 863 3168 per
877 3076 1085 3148 succedentia
1098 3079 1301 3149 incrementa

257 3207 297 3262 ,ex
311 3183 445 3257 homine
460 3181 565 3254 lactus
580 3195 627 3258 est
647 3185 734 3254 Deus
744 3171 756 3252 ‘r
774 3182 831 3256 sed
841 3182 989 3257 Verbum
1008 3185 1162 3270 existens,
1181 3185 1300 3261 natural

257 3291 389 3386 proprii
400 3289 443 3360 oh
455 3289 506 3358 sui
521 3287 796 3382 impatibilitatem
806 3304 962 3363 manente
974 3290 1158 3381 immutati,
1173 3289 1300 3370 sactum

154 3489 156 3492 Ι
258 3410 308 3474 est
319 3420 406 3490 caro.
420 3395 562 3480 Quandb
577 3409 687 3467 autem
702 3408 798 3465 natus
815 3409 882 3486 est,
896 3395 1005 3466 Judeei
1016 3396 1151 3490 quidem
1160 3397 1300 3487 inusita-

209 3518 331 3587 ‚tum
351 3516 483 3597 partum
507 3502 689 3594 negabant,
716 3502 871 3578 Pharisaei
894 3505 972 3574 verb
996 3505 1169 3597 perperim
1185 3527 1300 3594 ¹sacros

258 3611 375 3692 Libros
392 3608 714 3704 interpretabantur,
737 3621 771 3682 et
787 3609 908 3680 Scribee
928 3633 1003 3703 quae
1023 3608 1088 3701 legi
1111 3624 1205 3702 erant
1219 3634 1299 3684 con·

257 3723 357 3798 traria
376 3719 611 3814 loquebantur.
632 3713 778 3790 Herodes
804 3740 899 3806 eum,
913 3719 972 3812 qui
987 3732 1083 3795 natus
1099 3733 1185 3810 erat,
1203 3745 1299 3814 qnae·
1364 3785 1371 3798 ,

259 3828 372 3920 rebat,
390 3851 459 3913 non
476 3842 516 3917 ut
529 3851 607 3907 eum
624 3827 751 3916 honore
767 3827 927 3918 afficeret,
945 3827 1003 3900 sed
1017 3843 1058 3900 ut
1075 3853 1152 3916 eum
1172 3831 1300 3914 interfi-

296 3966 305 3994 ¹
319 3957 343 4008 S.
358 3959 418 4022 hug.
432 3959 511 4009 Serm.
521 3971 630 4022 cumr,
642 3955 674 4008 de
685 3952 763 4007 Natali
774 3954 868 4006 Domini
878 3973 896 4007 1.
