<?xml version="1.0" encoding="UTF-8"?>
<!DOCTYPE html PUBLIC "-//W3C//DTD XHTML 1.0 Transitional//EN"
    "http://www.w3.org/TR/xhtml1/DTD/xhtml1-transitional.dtd">
<html xmlns="http://www.w3.org/1999/xhtml" xml:lang="en" lang="en">
 <head>
  <title>
</title>
<meta http-equiv="Content-Type" content="text/html;charset=utf-8" />
  <meta name='ocr-system' content='tesseract 3.04.00' />
  <meta name='ocr-capabilities' content='ocr_page ocr_carea ocr_par ocr_line ocrx_word'/>
</head>
<body>
  <div class='ocr_page' id='page_1' title='image "./rhetoricasancto00cailgoog_0164.png"; bbox 0 0 2992 4590; ppageno 0'>
   <div class='ocr_carea' id='block_1_1' title="bbox 202 421 1176 484">
    <p class='ocr_par' dir='ltr' id='par_1_1' title="bbox 202 421 1176 484">
     <span class='ocr_line' id='line_1_1' title="bbox 202 421 1176 484; baseline 0.01 -10"><span class='ocrx_word' id='word_1_1' title='bbox 202 426 306 476; x_wconf 73' lang='lat' dir='ltr'>orror</span> <span class='ocrx_word' id='word_1_2' title='bbox 328 433 374 478; x_wconf 86' lang='lat' dir='ltr'>vr.</span> <span class='ocrx_word' id='word_1_3' title='bbox 394 431 436 477; x_wconf 81' lang='lat' dir='ltr'>nn</span> <span class='ocrx_word' id='word_1_4' title='bbox 452 431 609 478; x_wconf 72' lang='lat' dir='ltr'>morrono</span> <span class='ocrx_word' id='word_1_5' title='bbox 632 431 667 477; x_wconf 84' lang='lat' dir='ltr'>m</span> <span class='ocrx_word' id='word_1_6' title='bbox 690 433 898 480; x_wconf 71' lang='lat' dir='ltr'>concionibus</span> <span class='ocrx_word' id='word_1_7' title='bbox 920 428 1087 482; x_wconf 78' lang='lat' dir='ltr'>tommrt.</span> <span class='ocrx_word' id='word_1_8' title='bbox 1115 421 1176 484; x_wconf 89' lang='lat'>161</span> 
     </span>
    </p>
   </div>
   <div class='ocr_carea' id='block_1_2' title="bbox 65 529 1250 3826">
    <p class='ocr_par' dir='ltr' id='par_1_2' title="bbox 140 529 1183 928">
     <span class='ocr_line' id='line_1_2' title="bbox 142 529 1181 627; baseline 0.009 -30"><span class='ocrx_word' id='word_1_9' title='bbox 142 529 183 598; x_wconf 86' lang='lat' dir='ltr'>tri</span> <span class='ocrx_word' id='word_1_10' title='bbox 195 531 335 622; x_wconf 86' lang='lat' dir='ltr'>speciem</span> <span class='ocrx_word' id='word_1_11' title='bbox 346 530 522 626; x_wconf 90' lang='lat' dir='ltr'>quamdam</span> <span class='ocrx_word' id='word_1_12' title='bbox 533 531 643 602; x_wconf 91' lang='lat' dir='ltr'>animo</span> <span class='ocrx_word' id='word_1_13' title='bbox 657 531 840 620; x_wconf 88' lang='lat' dir='ltr'>intuentes,</span> <span class='ocrx_word' id='word_1_14' title='bbox 854 547 953 627; x_wconf 89' lang='lat' dir='ltr'>atque</span> <span class='ocrx_word' id='word_1_15' title='bbox 962 559 1003 605; x_wconf 89' lang='lat' dir='ltr'>ex</span> <span class='ocrx_word' id='word_1_16' title='bbox 1017 536 1181 624; x_wconf 78' lang='lat' dir='ltr'>Mosaicis,</span> 
     </span>
     <span class='ocr_line' id='line_1_3' title="bbox 141 637 1183 733; baseline 0.009 -29"><span class='ocrx_word' id='word_1_17' title='bbox 141 650 178 706; x_wconf 92' lang='lat' dir='ltr'>ut</span> <span class='ocrx_word' id='word_1_18' title='bbox 192 639 329 730; x_wconf 88' lang='lat' dir='ltr'>opinor,</span> <span class='ocrx_word' id='word_1_19' title='bbox 347 639 532 733; x_wconf 81' lang='lat' dir='ltr'><strong>nostrisque</strong></span> <span class='ocrx_word' id='word_1_20' title='bbox 546 637 639 707; x_wconf 88' lang='lat' dir='ltr'>libris</span> <span class='ocrx_word' id='word_1_21' title='bbox 654 689 663 725; x_wconf 92' lang='lat'>,</span> <span class='ocrx_word' id='word_1_22' title='bbox 686 640 816 708; x_wconf 89' lang='lat' dir='ltr'>tametsi</span> <span class='ocrx_word' id='word_1_23' title='bbox 830 639 865 708; x_wconf 91' lang='lat' dir='ltr'>in</span> <span class='ocrx_word' id='word_1_24' title='bbox 881 641 1014 711; x_wconf 89' lang='lat' dir='ltr'>nomine</span> <span class='ocrx_word' id='word_1_25' title='bbox 1029 643 1183 713; x_wconf 91' lang='lat' dir='ltr'>nonnihil</span> 
     </span>
     <span class='ocr_line' id='line_1_4' title="bbox 140 737 1181 842; baseline 0.008 -30"><span class='ocrx_word' id='word_1_26' title='bbox 140 741 377 842; x_wconf 74' lang='lat' dir='ltr'>discreptrint,</span> <span class='ocrx_word' id='word_1_27' title='bbox 412 745 483 816; x_wconf 85' lang='lat' dir='ltr'>aliis</span> <span class='ocrx_word' id='word_1_28' title='bbox 514 759 626 816; x_wconf 87' lang='lat' dir='ltr'>tamen</span> <span class='ocrx_word' id='word_1_29' title='bbox 661 737 829 814; x_wconf 86' lang='lat' dir='ltr'>vocabulis</span> <span class='ocrx_word' id='word_1_30' title='bbox 854 746 918 815; x_wconf 89' lang='lat' dir='ltr'>hoc</span> <span class='ocrx_word' id='word_1_31' title='bbox 950 746 1058 838; x_wconf 89' lang='lat' dir='ltr'>ipsum</span> <span class='ocrx_word' id='word_1_32' title='bbox 1091 748 1181 820; x_wconf 91' lang='lat' dir='ltr'>indi-</span> 
     </span>
     <span class='ocr_line' id='line_1_5' title="bbox 141 855 1015 928; baseline -0.003 -7"><span class='ocrx_word' id='word_1_33' title='bbox 141 855 286 922; x_wconf 80' lang='lat' dir='ltr'>cantcs¹.</span> <span class='ocrx_word' id='word_1_34' title='bbox 304 879 321 919; x_wconf 74' lang='lat' dir='ltr'>s</span> <span class='ocrx_word' id='word_1_35' title='bbox 1008 920 1015 928; x_wconf 75' lang='grc'><strong>,</strong></span> 
     </span>
    </p>

    <p class='ocr_par' dir='ltr' id='par_1_3' title="bbox 98 957 1230 1276">
     <span class='ocr_line' id='line_1_6' title="bbox 185 957 1186 1053; baseline 0 -21"><span class='ocrx_word' id='word_1_36' title='bbox 185 966 233 1031; x_wconf 83' lang='lat'>4⁰.</span> <span class='ocrx_word' id='word_1_37' title='bbox 259 964 310 1032; x_wconf 71' lang='lat' dir='ltr'>Ita</span> <span class='ocrx_word' id='word_1_38' title='bbox 331 960 419 1031; x_wconf 92' lang='lat' dir='ltr'>illius</span> <span class='ocrx_word' id='word_1_39' title='bbox 439 958 482 1030; x_wconf 90' lang='lat' dir='ltr'>ad</span> <span class='ocrx_word' id='word_1_40' title='bbox 505 960 770 1053; x_wconf 87' lang='lat' dir='ltr'>prsebyteratum</span> <span class='ocrx_word' id='word_1_41' title='bbox 785 957 980 1030; x_wconf 86' lang='lat' dir='ltr'>electionem</span> <span class='ocrx_word' id='word_1_42' title='bbox 999 975 1129 1049; x_wconf 87' lang='lat' dir='ltr'>narrat,</span> <span class='ocrx_word' id='word_1_43' title='bbox 1146 977 1186 1032; x_wconf 94' lang='lat' dir='ltr'>ut</span> 
     </span>
     <span class='ocr_line' id='line_1_7' title="bbox 140 1065 1184 1160; baseline 0 -22"><span class='ocrx_word' id='word_1_44' title='bbox 140 1092 200 1138; x_wconf 88' lang='lat' dir='ltr'>nec</span> <span class='ocrx_word' id='word_1_45' title='bbox 216 1070 340 1140; x_wconf 72' lang='lat' dir='ltr'>temere</span> <span class='ocrx_word' id='word_1_46' title='bbox 356 1082 390 1137; x_wconf 89' lang='lat' dir='ltr'>et</span> <span class='ocrx_word' id='word_1_47' title='bbox 404 1069 474 1136; x_wconf 79' lang='lat' dir='ltr'>sine</span> <span class='ocrx_word' id='word_1_48' title='bbox 489 1067 606 1135; x_wconf 89' lang='lat' dir='ltr'>merito</span> <span class='ocrx_word' id='word_1_49' title='bbox 618 1066 759 1152; x_wconf 84' lang='lat' dir='ltr'>factam,</span> <span class='ocrx_word' id='word_1_50' title='bbox 777 1089 839 1136; x_wconf 91' lang='lat' dir='ltr'>nec</span> <span class='ocrx_word' id='word_1_51' title='bbox 850 1083 926 1160; x_wconf 87' lang='lat' dir='ltr'>post</span> <span class='ocrx_word' id='word_1_52' title='bbox 940 1065 1067 1138; x_wconf 84' lang='lat' dir='ltr'>factum</span> <span class='ocrx_word' id='word_1_53' title='bbox 1083 1069 1184 1139; x_wconf 89' lang='lat' dir='ltr'>meri-</span> 
     </span>
     <span class='ocr_line' id='line_1_8' title="bbox 98 1170 1230 1276; baseline -0.002 -32"><span class='ocrx_word' id='word_1_54' title='bbox 98 1172 103 1178; x_wconf 76' lang='grc'><strong><em>’</em></strong></span> <span class='ocrx_word' id='word_1_55' title='bbox 141 1176 180 1246; x_wconf 90' lang='lat' dir='ltr'>tis</span> <span class='ocrx_word' id='word_1_56' title='bbox 192 1189 227 1245; x_wconf 87' lang='lat' dir='ltr'>et</span> <span class='ocrx_word' id='word_1_57' title='bbox 240 1174 421 1261; x_wconf 88' lang='lat' dir='ltr'>virtutibus</span> <span class='ocrx_word' id='word_1_58' title='bbox 433 1195 569 1244; x_wconf 81' lang='lat' dir='ltr'>vacuam</span> <span class='ocrx_word' id='word_1_59' title='bbox 582 1170 680 1242; x_wconf 84' lang='lat' dir='ltr'>fuisse</span> <span class='ocrx_word' id='word_1_60' title='bbox 695 1171 870 1243; x_wconf 84' lang='lat' dir='ltr'>ostendat:</span> <span class='ocrx_word' id='word_1_61' title='bbox 1219 1262 1230 1276; x_wconf 36' lang='grc' dir='ltr'><strong><em>ι</em></strong></span> 
     </span>
    </p>

    <p class='ocr_par' dir='ltr' id='par_1_4' title="bbox 65 1279 1250 3826">
     <span class='ocr_line' id='line_1_9' title="bbox 186 1279 1236 1376; baseline 0.005 -28"><span class='ocrx_word' id='word_1_62' title='bbox 186 1311 203 1349; x_wconf 89' lang='lat'>«</span> <span class='ocrx_word' id='word_1_63' title='bbox 227 1286 297 1354; x_wconf 88' lang='lat' dir='ltr'>Nec</span> <span class='ocrx_word' id='word_1_64' title='bbox 314 1281 402 1350; x_wconf 89' lang='lat' dir='ltr'>enirn</span> <span class='ocrx_word' id='word_1_65' title='bbox 427 1280 507 1350; x_wconf 91' lang='lat' dir='ltr'>mihi</span> <span class='ocrx_word' id='word_1_66' title='bbox 524 1279 726 1370; x_wconf 80' lang='lat' dir='ltr'>perturbatio</span> <span class='ocrx_word' id='word_1_67' title='bbox 748 1279 1049 1376; x_wconf 85' lang='lat' dir='ltr'>illatemeritasque</span> <span class='ocrx_word' id='word_1_68' title='bbox 1063 1284 1186 1376; x_wconf 91' lang='lat' dir='ltr'>proba·</span> <span class='ocrx_word' id='word_1_69' title='bbox 1233 1311 1236 1314; x_wconf 93' lang='lat'>·</span> 
     </span>
     <span class='ocr_line' id='line_1_10' title="bbox 139 1377 1185 1482; baseline 0.003 -25"><span class='ocrx_word' id='word_1_70' title='bbox 139 1403 220 1473; x_wconf 93' lang='lat' dir='ltr'>tur,</span> <span class='ocrx_word' id='word_1_71' title='bbox 238 1387 316 1482; x_wconf 75' lang='lat' dir='ltr'>quae</span> <span class='ocrx_word' id='word_1_72' title='bbox 330 1385 419 1479; x_wconf 90' lang='lat' dir='ltr'>apud</span> <span class='ocrx_word' id='word_1_73' title='bbox 429 1409 487 1455; x_wconf 90' lang='lat' dir='ltr'>nos</span> <span class='ocrx_word' id='word_1_74' title='bbox 501 1388 759 1478; x_wconf 79' lang='lat' dir='ltr'>nonnunqubm,</span> <span class='ocrx_word' id='word_1_75' title='bbox 781 1400 814 1456; x_wconf 92' lang='lat' dir='ltr'>et</span> <span class='ocrx_word' id='word_1_76' title='bbox 830 1387 865 1455; x_wconf 91' lang='lat' dir='ltr'>in</span> <span class='ocrx_word' id='word_1_77' title='bbox 882 1387 1052 1459; x_wconf 86' lang='lat' dir='ltr'>nonnullis</span> <span class='ocrx_word' id='word_1_78' title='bbox 1065 1377 1185 1460; x_wconf 82' lang='lat' dir='ltr'>Eccle-</span> 
     </span>
     <span class='ocr_line' id='line_1_11' title="bbox 137 1483 1182 1587; baseline 0.002 -25"><span class='ocrx_word' id='word_1_79' title='bbox 137 1495 196 1562; x_wconf 84' lang='lat' dir='ltr'>siae</span> <span class='ocrx_word' id='word_1_80' title='bbox 212 1492 405 1587; x_wconf 85' lang='lat' dir='ltr'>praesidibus</span> <span class='ocrx_word' id='word_1_81' title='bbox 421 1493 537 1562; x_wconf 78' lang='lat' dir='ltr'><strong>existit.</strong></span> <span class='ocrx_word' id='word_1_82' title='bbox 557 1495 630 1563; x_wconf 91' lang='lat' dir='ltr'>Non</span> <span class='ocrx_word' id='word_1_83' title='bbox 645 1492 734 1560; x_wconf 89' lang='lat' dir='ltr'>enim</span> <span class='ocrx_word' id='word_1_84' title='bbox 751 1483 791 1561; x_wconf 85' lang='lat' dir='ltr'>eb</span> <span class='ocrx_word' id='word_1_85' title='bbox 806 1492 952 1564; x_wconf 86' lang='lat' dir='ltr'>audaciae</span> <span class='ocrx_word' id='word_1_86' title='bbox 968 1494 1182 1587; x_wconf 83' lang='lat' dir='ltr'>progrediar,</span> 
     </span>
     <span class='ocr_line' id='line_1_12' title="bbox 138 1597 1186 1692; baseline 0.002 -22"><span class='ocrx_word' id='word_1_87' title='bbox 138 1615 180 1670; x_wconf 87' lang='lat' dir='ltr'>ut</span> <span class='ocrx_word' id='word_1_88' title='bbox 195 1622 308 1669; x_wconf 90' lang='lat' dir='ltr'>omnes</span> <span class='ocrx_word' id='word_1_89' title='bbox 320 1622 480 1688; x_wconf 75' lang='lat' dir='ltr'>accusem,</span> <span class='ocrx_word' id='word_1_90' title='bbox 494 1599 608 1692; x_wconf 74' lang='lat' dir='ltr'>iniqub</span> <span class='ocrx_word' id='word_1_91' title='bbox 619 1599 708 1668; x_wconf 84' lang='lat' dir='ltr'>anim</span> <span class='ocrx_word' id='word_1_92' title='bbox 719 1597 872 1670; x_wconf 85' lang='lat' dir='ltr'>facerem.</span> <span class='ocrx_word' id='word_1_93' title='bbox 885 1600 1010 1670; x_wconf 72' lang='lat' dir='ltr'>Verium</span> <span class='ocrx_word' id='word_1_94' title='bbox 1019 1602 1186 1672; x_wconf 84' lang='lat' dir='ltr'>nauticam</span> 
     </span>
     <span class='ocr_line' id='line_1_13' title="bbox 136 1705 1186 1800; baseline 0.004 -24"><span class='ocrx_word' id='word_1_95' title='bbox 136 1707 248 1800; x_wconf 83' lang='lat' dir='ltr'>legem</span> <span class='ocrx_word' id='word_1_96' title='bbox 263 1706 382 1792; x_wconf 89' lang='lat' dir='ltr'>laudo,</span> <span class='ocrx_word' id='word_1_97' title='bbox 397 1731 473 1800; x_wconf 81' lang='lat' dir='ltr'>quae</span> <span class='ocrx_word' id='word_1_98' title='bbox 486 1706 699 1796; x_wconf 84' lang='lat' dir='ltr'>gubernatori</span> <span class='ocrx_word' id='word_1_99' title='bbox 711 1705 826 1776; x_wconf 85' lang='lat' dir='ltr'>futuro</span> <span class='ocrx_word' id='word_1_100' title='bbox 844 1707 990 1799; x_wconf 85' lang='lat' dir='ltr'>primirm</span> <span class='ocrx_word' id='word_1_101' title='bbox 999 1732 1106 1779; x_wconf 88' lang='lat' dir='ltr'>remos</span> <span class='ocrx_word' id='word_1_102' title='bbox 1117 1723 1186 1780; x_wconf 88' lang='lat' dir='ltr'>tra-</span> 
     </span>
     <span class='ocr_line' id='line_1_14' title="bbox 138 1811 1185 1908; baseline 0.003 -25"><span class='ocrx_word' id='word_1_103' title='bbox 138 1815 205 1900; x_wconf 90' lang='lat' dir='ltr'>dit,</span> <span class='ocrx_word' id='word_1_104' title='bbox 233 1812 354 1882; x_wconf 73' lang='lat' dir='ltr'>deinde</span> <span class='ocrx_word' id='word_1_105' title='bbox 378 1814 420 1882; x_wconf 90' lang='lat' dir='ltr'>ad</span> <span class='ocrx_word' id='word_1_106' title='bbox 440 1836 574 1905; x_wconf 90' lang='lat' dir='ltr'>proram</span> <span class='ocrx_word' id='word_1_107' title='bbox 601 1836 679 1882; x_wconf 90' lang='lat' dir='ltr'>eum</span> <span class='ocrx_word' id='word_1_108' title='bbox 699 1811 861 1899; x_wconf 91' lang='lat' dir='ltr'>collocat,</span> <span class='ocrx_word' id='word_1_109' title='bbox 887 1814 999 1907; x_wconf 87' lang='lat' dir='ltr'>sicque</span> <span class='ocrx_word' id='word_1_110' title='bbox 1019 1816 1185 1908; x_wconf 79' lang='lat' dir='ltr'>prioribus</span> 
     </span>
     <span class='ocr_line' id='line_1_15' title="bbox 136 1914 1186 2013; baseline 0.001 -23"><span class='ocrx_word' id='word_1_111' title='bbox 136 1919 331 1990; x_wconf 90' lang='lat' dir='ltr'>muneribus</span> <span class='ocrx_word' id='word_1_112' title='bbox 346 1919 408 2012; x_wconf 92' lang='lat' dir='ltr'>ipsi</span> <span class='ocrx_word' id='word_1_113' title='bbox 430 1914 618 2005; x_wconf 87' lang='lat' dir='ltr'>commissis,</span> <span class='ocrx_word' id='word_1_114' title='bbox 635 1921 771 1988; x_wconf 86' lang='lat' dir='ltr'>tandem</span> <span class='ocrx_word' id='word_1_115' title='bbox 787 1943 886 2006; x_wconf 90' lang='lat' dir='ltr'>eum,</span> <span class='ocrx_word' id='word_1_116' title='bbox 903 1935 978 2013; x_wconf 88' lang='lat' dir='ltr'>post</span> <span class='ocrx_word' id='word_1_117' title='bbox 994 1919 1186 1992; x_wconf 82' lang='lat' dir='ltr'>diuturnam</span> 
     </span>
     <span class='ocr_line' id='line_1_16' title="bbox 136 2026 1184 2118; baseline 0.005 -23"><span class='ocrx_word' id='word_1_118' title='bbox 136 2027 386 2118; x_wconf 86' lang='lat' dir='ltr'>remigationem</span> <span class='ocrx_word' id='word_1_119' title='bbox 409 2040 638 2096; x_wconf 87' lang='lat' dir='ltr'>ac·ventorum</span> <span class='ocrx_word' id='word_1_120' title='bbox 654 2027 935 2113; x_wconf 84' lang='lat' dir='ltr'>observationem,</span> <span class='ocrx_word' id='word_1_121' title='bbox 953 2026 996 2097; x_wconf 89' lang='lat' dir='ltr'>ad</span> <span class='ocrx_word' id='word_1_122' title='bbox 1018 2029 1184 2118; x_wconf 86' lang='lat' dir='ltr'>guberna-</span> 
     </span>
     <span class='ocr_line' id='line_1_17' title="bbox 65 2121 1209 2227; baseline 0 -23"><span class='ocrx_word' id='word_1_123' title='bbox 65 2128 67 2133; x_wconf 67' lang='grc'><strong>’</strong></span> <span class='ocrx_word' id='word_1_124' title='bbox 136 2134 212 2204; x_wconf 86' lang='lat' dir='ltr'>cula</span> <span class='ocrx_word' id='word_1_125' title='bbox 233 2133 417 2204; x_wconf 90' lang='lat' dir='ltr'>constituit.</span> <span class='ocrx_word' id='word_1_126' title='bbox 435 2133 560 2202; x_wconf 86' lang='lat' dir='ltr'>Eadem</span> <span class='ocrx_word' id='word_1_127' title='bbox 580 2133 628 2202; x_wconf 90' lang='lat' dir='ltr'>rei</span> <span class='ocrx_word' id='word_1_128' title='bbox 651 2132 800 2203; x_wconf 87' lang='lat' dir='ltr'>militaris</span> <span class='ocrx_word' id='word_1_129' title='bbox 816 2146 864 2201; x_wconf 91' lang='lat' dir='ltr'>est</span> <span class='ocrx_word' id='word_1_130' title='bbox 878 2131 962 2201; x_wconf 91' lang='lat' dir='ltr'>ratio</span> <span class='ocrx_word' id='word_1_131' title='bbox 979 2159 986 2202; x_wconf 93' lang='lat'><strong>:</strong></span> <span class='ocrx_word' id='word_1_132' title='bbox 1006 2131 1099 2204; x_wconf 90' lang='lat' dir='ltr'>miles</span> <span class='ocrx_word' id='word_1_133' title='bbox 1114 2135 1185 2227; x_wconf 91' lang='lat' dir='ltr'>pri·</span> <span class='ocrx_word' id='word_1_134' title='bbox 1205 2121 1209 2129; x_wconf 47' lang='lat'>¹</span> 
     </span>
     <span class='ocr_line' id='line_1_18' title="bbox 136 2238 1185 2330; baseline 0 -20"><span class='ocrx_word' id='word_1_135' title='bbox 136 2244 243 2326; x_wconf 82' lang='lat' dir='ltr'>mirm,</span> <span class='ocrx_word' id='word_1_136' title='bbox 264 2239 387 2310; x_wconf 74' lang='lat' dir='ltr'>deinde</span> <span class='ocrx_word' id='word_1_137' title='bbox 403 2239 568 2323; x_wconf 88' lang='lat' dir='ltr'>centurio,</span> <span class='ocrx_word' id='word_1_138' title='bbox 581 2239 655 2308; x_wconf 84' lang='lat' dir='ltr'>tiun</span> <span class='ocrx_word' id='word_1_139' title='bbox 669 2238 857 2330; x_wconf 86' lang='lat' dir='ltr'>imperator.</span> <span class='ocrx_word' id='word_1_140' title='bbox 876 2239 937 2307; x_wconf 86' lang='lat' dir='ltr'>Hic</span> <span class='ocrx_word' id='word_1_141' title='bbox 947 2239 1091 2330; x_wconf 91' lang='lat' dir='ltr'>optimus</span> <span class='ocrx_word' id='word_1_142' title='bbox 1103 2239 1185 2311; x_wconf 91' lang='lat' dir='ltr'>ordo</span> 
     </span>
     <span class='ocr_line' id='line_1_19' title="bbox 137 2342 1184 2440; baseline -0.001 -24"><span class='ocrx_word' id='word_1_143' title='bbox 137 2361 208 2433; x_wconf 90' lang='lat' dir='ltr'>est,</span> <span class='ocrx_word' id='word_1_144' title='bbox 227 2347 353 2440; x_wconf 90' lang='lat' dir='ltr'>iisque,</span> <span class='ocrx_word' id='word_1_145' title='bbox 371 2345 430 2439; x_wconf 91' lang='lat' dir='ltr'>qui</span> <span class='ocrx_word' id='word_1_146' title='bbox 456 2343 617 2429; x_wconf 85' lang='lat' dir='ltr'>subsunt,</span> <span class='ocrx_word' id='word_1_147' title='bbox 645 2344 802 2436; x_wconf 89' lang='lat' dir='ltr'>imprimis</span> <span class='ocrx_word' id='word_1_148' title='bbox 829 2342 1057 2414; x_wconf 89' lang='lat' dir='ltr'>conducibilis.</span> <span class='ocrx_word' id='word_1_149' title='bbox 1075 2347 1184 2428; x_wconf 75' lang='lat' dir='ltr'>Qutm</span> 
     </span>
     <span class='ocr_line' id='line_1_20' title="bbox 135 2447 1184 2546; baseline -0.002 -23"><span class='ocrx_word' id='word_1_150' title='bbox 135 2453 297 2546; x_wconf 75' lang='lat' dir='ltr'>praeclare</span> <span class='ocrx_word' id='word_1_151' title='bbox 315 2452 487 2534; x_wconf 72' lang='lat' dir='ltr'>nobiscum</span> <span class='ocrx_word' id='word_1_152' title='bbox 501 2463 671 2541; x_wconf 81' lang='lat' dir='ltr'>ageretur,</span> <span class='ocrx_word' id='word_1_153' title='bbox 690 2450 717 2519; x_wconf 94' lang='lat' dir='ltr'>si</span> <span class='ocrx_word' id='word_1_154' title='bbox 732 2447 821 2519; x_wconf 89' lang='lat' dir='ltr'>idem</span> <span class='ocrx_word' id='word_1_155' title='bbox 833 2463 915 2519; x_wconf 88' lang='lat' dir='ltr'>esset</span> <span class='ocrx_word' id='word_1_156' title='bbox 931 2473 1041 2520; x_wconf 85' lang='lat' dir='ltr'>rerum</span> <span class='ocrx_word' id='word_1_157' title='bbox 1056 2467 1184 2523; x_wconf 88' lang='lat' dir='ltr'>nostra·</span> 
     </span>
     <span class='ocr_line' id='line_1_21' title="bbox 137 2555 1181 2650; baseline 0.002 -22"><span class='ocrx_word' id='word_1_158' title='bbox 137 2583 215 2630; x_wconf 87' lang='lat' dir='ltr'>rum</span> <span class='ocrx_word' id='word_1_159' title='bbox 227 2559 348 2629; x_wconf 89' lang='lat' dir='ltr'>status!</span> <span class='ocrx_word' id='word_1_160' title='bbox 363 2562 458 2630; x_wconf 87' lang='lat' dir='ltr'>Nune</span> <span class='ocrx_word' id='word_1_161' title='bbox 474 2571 583 2626; x_wconf 89' lang='lat' dir='ltr'>autem</span> <span class='ocrx_word' id='word_1_162' title='bbox 595 2555 780 2650; x_wconf 87' lang='lat' dir='ltr'>periculum</span> <span class='ocrx_word' id='word_1_163' title='bbox 793 2570 859 2644; x_wconf 90' lang='lat' dir='ltr'>est,</span> <span class='ocrx_word' id='word_1_164' title='bbox 877 2580 920 2626; x_wconf 91' lang='lat' dir='ltr'>ne</span> <span class='ocrx_word' id='word_1_165' title='bbox 938 2557 1020 2627; x_wconf 89' lang='lat' dir='ltr'>ordo</span> <span class='ocrx_word' id='word_1_166' title='bbox 1032 2561 1181 2630; x_wconf 92' lang='lat' dir='ltr'>omnium</span> 
     </span>
     <span class='ocr_line' id='line_1_22' title="bbox 138 2662 1182 2756; baseline -0.001 -20"><span class='ocrx_word' id='word_1_167' title='bbox 138 2666 363 2736; x_wconf 86' lang='lat' dir='ltr'>sanctissimus</span> <span class='ocrx_word' id='word_1_168' title='bbox 387 2664 428 2732; x_wconf 91' lang='lat' dir='ltr'>sit</span> <span class='ocrx_word' id='word_1_169' title='bbox 443 2663 576 2756; x_wconf 75' lang='lat' dir='ltr'>quoqu&#39;e</span> <span class='ocrx_word' id='word_1_170' title='bbox 598 2663 748 2732; x_wconf 85' lang='lat' dir='ltr'>omnium</span> <span class='ocrx_word' id='word_1_171' title='bbox 764 2663 903 2732; x_wconf 71' lang='lat' dir='ltr'>maximc</span> <span class='ocrx_word' id='word_1_172' title='bbox 920 2662 1088 2733; x_wconf 88' lang='lat' dir='ltr'>ridiculus.</span> <span class='ocrx_word' id='word_1_173' title='bbox 1107 2669 1182 2738; x_wconf 89' lang='lat' dir='ltr'>Non</span> 
     </span>
     <span class='ocr_line' id='line_1_23' title="bbox 137 2759 1183 2861; baseline -0.001 -20"><span class='ocrx_word' id='word_1_174' title='bbox 137 2773 231 2842; x_wconf 86' lang='lat' dir='ltr'>enim</span> <span class='ocrx_word' id='word_1_175' title='bbox 251 2771 376 2843; x_wconf 82' lang='lat' dir='ltr'>virtute</span> <span class='ocrx_word' id='word_1_176' title='bbox 393 2773 511 2860; x_wconf 84' lang='lat' dir='ltr'>magis,</span> <span class='ocrx_word' id='word_1_177' title='bbox 527 2770 628 2861; x_wconf 70' lang='lat' dir='ltr'>quim</span> <span class='ocrx_word' id='word_1_178' title='bbox 644 2767 805 2836; x_wconf 89' lang='lat' dir='ltr'>maleficio</span> <span class='ocrx_word' id='word_1_179' title='bbox 819 2781 853 2836; x_wconf 90' lang='lat' dir='ltr'>et</span> <span class='ocrx_word' id='word_1_180' title='bbox 871 2759 1014 2853; x_wconf 86' lang='lat' dir='ltr'>scelere,</span> <span class='ocrx_word' id='word_1_181' title='bbox 1032 2770 1183 2840; x_wconf 86' lang='lat' dir='ltr'>sacerdo-</span> 
     </span>
     <span class='ocr_line' id='line_1_24' title="bbox 136 2865 1180 2973; baseline -0.005 -22"><span class='ocrx_word' id='word_1_182' title='bbox 136 2865 224 2950; x_wconf 81' lang='lat' dir='ltr'>tium</span> <span class='ocrx_word' id='word_1_183' title='bbox 234 2892 382 2973; x_wconf 71' lang='lat' dir='ltr'>paratur,</span> <span class='ocrx_word' id='word_1_184' title='bbox 392 2897 453 2945; x_wconf 90' lang='lat' dir='ltr'>nec</span> <span class='ocrx_word' id='word_1_185' title='bbox 462 2874 662 2965; x_wconf 83' lang='lat' dir='ltr'>digniorum,</span> <span class='ocrx_word' id='word_1_186' title='bbox 672 2874 729 2943; x_wconf 90' lang='lat' dir='ltr'>sed</span> <span class='ocrx_word' id='word_1_187' title='bbox 740 2872 963 2966; x_wconf 90' lang='lat' dir='ltr'>potentiorum</span> <span class='ocrx_word' id='word_1_188' title='bbox 973 2873 1180 2946; x_wconf 86' lang='lat' dir='ltr'>thronisunt.</span> 
     </span>
     <span class='ocr_line' id='line_1_25' title="bbox 137 2979 1180 3082; baseline -0.006 -25"><span class='ocrx_word' id='word_1_189' title='bbox 137 2985 276 3058; x_wconf 69' lang='lat' dir='ltr'>Samnii</span> <span class='ocrx_word' id='word_1_190' title='bbox 286 2985 373 3054; x_wconf 89' lang='lat' dir='ltr'>inter</span> <span class='ocrx_word' id='word_1_191' title='bbox 380 2982 574 3074; x_wconf 88' lang='lat' dir='ltr'>Prophetas,</span> <span class='ocrx_word' id='word_1_192' title='bbox 586 2979 658 3068; x_wconf 85' lang='lat' dir='ltr'>itte,</span> <span class='ocrx_word' id='word_1_193' title='bbox 672 2981 826 3073; x_wconf 90' lang='lat' dir='ltr'>inquam,</span> <span class='ocrx_word' id='word_1_194' title='bbox 841 2979 953 3049; x_wconf 83' lang='lat' dir='ltr'>sutura</span> <span class='ocrx_word' id='word_1_195' title='bbox 963 2981 1180 3082; x_wconf 74' lang='lat' dir='ltr'>prospiciens,</span> 
     </span>
     <span class='ocr_line' id='line_1_26' title="bbox 135 3087 1250 3182; baseline -0.004 -18"><span class='ocrx_word' id='word_1_196' title='bbox 135 3094 193 3165; x_wconf 90' lang='lat' dir='ltr'>sed</span> <span class='ocrx_word' id='word_1_197' title='bbox 220 3107 256 3163; x_wconf 91' lang='lat' dir='ltr'>et</span> <span class='ocrx_word' id='word_1_198' title='bbox 279 3091 376 3178; x_wconf 87' lang='lat' dir='ltr'>Saiil,</span> <span class='ocrx_word' id='word_1_199' title='bbox 393 3089 465 3162; x_wconf 87' lang='lat' dir='ltr'>vilis</span> <span class='ocrx_word' id='word_1_200' title='bbox 487 3087 543 3158; x_wconf 86' lang='lat' dir='ltr'>itte</span> <span class='ocrx_word' id='word_1_201' title='bbox 568 3103 602 3158; x_wconf 92' lang='lat' dir='ltr'>et</span> <span class='ocrx_word' id='word_1_202' title='bbox 619 3087 826 3182; x_wconf 87' lang='lat' dir='ltr'>rejiciendus.</span> <span class='ocrx_word' id='word_1_203' title='bbox 854 3088 1005 3176; x_wconf 87' lang='lat' dir='ltr'>Roboom</span> <span class='ocrx_word' id='word_1_204' title='bbox 1030 3087 1181 3160; x_wconf 87' lang='lat' dir='ltr'>Salomo·</span> <span class='ocrx_word' id='word_1_205' title='bbox 1244 3135 1250 3146; x_wconf 86' lang='lat'>.</span> 
     </span>
     <span class='ocr_line' id='line_1_27' title="bbox 134 3193 1175 3289; baseline -0.003 -18"><span class='ocrx_word' id='word_1_206' title='bbox 134 3202 185 3271; x_wconf 91' lang='lat' dir='ltr'>nis</span> <span class='ocrx_word' id='word_1_207' title='bbox 197 3199 287 3270; x_wconf 87' lang='lat' dir='ltr'>filius</span> <span class='ocrx_word' id='word_1_208' title='bbox 296 3199 383 3268; x_wconf 87' lang='lat' dir='ltr'>inter</span> <span class='ocrx_word' id='word_1_209' title='bbox 393 3220 505 3289; x_wconf 82' lang='lat' dir='ltr'>reges3</span> <span class='ocrx_word' id='word_1_210' title='bbox 522 3193 580 3276; x_wconf 87' lang='lat' dir='ltr'>sed</span> <span class='ocrx_word' id='word_1_211' title='bbox 590 3207 624 3264; x_wconf 88' lang='lat' dir='ltr'>et</span> <span class='ocrx_word' id='word_1_212' title='bbox 636 3194 830 3281; x_wconf 84' lang='lat' dir='ltr'>Jeroboam,</span> <span class='ocrx_word' id='word_1_213' title='bbox 845 3217 955 3277; x_wconf 88' lang='lat' dir='ltr'>servus</span> <span class='ocrx_word' id='word_1_214' title='bbox 971 3208 1005 3264; x_wconf 91' lang='lat' dir='ltr'>et</span> <span class='ocrx_word' id='word_1_215' title='bbox 1016 3211 1175 3288; x_wconf 88' lang='lat' dir='ltr'>apostata.</span> 
     </span>
     <span class='ocr_line' id='line_1_28' title="bbox 135 3301 1178 3402; baseline -0.007 -22"><span class='ocrx_word' id='word_1_216' title='bbox 135 3309 307 3402; x_wconf 80' lang='lat' dir='ltr'>Girmque,</span> <span class='ocrx_word' id='word_1_217' title='bbox 324 3327 385 3375; x_wconf 90' lang='lat' dir='ltr'>nec</span> <span class='ocrx_word' id='word_1_218' title='bbox 399 3301 538 3388; x_wconf 89' lang='lat' dir='ltr'>medici,</span> <span class='ocrx_word' id='word_1_219' title='bbox 556 3324 618 3370; x_wconf 89' lang='lat' dir='ltr'>nec</span> <span class='ocrx_word' id='word_1_220' title='bbox 629 3301 762 3394; x_wconf 91' lang='lat' dir='ltr'>pictoris</span> <span class='ocrx_word' id='word_1_221' title='bbox 775 3323 910 3387; x_wconf 90' lang='lat' dir='ltr'>nomen,</span> <span class='ocrx_word' id='word_1_222' title='bbox 923 3301 1100 3395; x_wconf 90' lang='lat' dir='ltr'>quisquam</span> <span class='ocrx_word' id='word_1_223' title='bbox 1115 3304 1178 3373; x_wconf 94' lang='lat' dir='ltr'>ob·</span> 
     </span>
     <span class='ocr_line' id='line_1_29' title="bbox 134 3406 1179 3505; baseline -0.007 -19"><span class='ocrx_word' id='word_1_224' title='bbox 134 3417 260 3502; x_wconf 89' lang='lat' dir='ltr'>tineat,</span> <span class='ocrx_word' id='word_1_225' title='bbox 286 3413 348 3483; x_wconf 92' lang='lat' dir='ltr'>nisi</span> <span class='ocrx_word' id='word_1_226' title='bbox 369 3410 460 3505; x_wconf 77' lang='lat' dir='ltr'>prius</span> <span class='ocrx_word' id='word_1_227' title='bbox 481 3407 675 3478; x_wconf 90' lang='lat' dir='ltr'>morborum</span> <span class='ocrx_word' id='word_1_228' title='bbox 699 3419 831 3476; x_wconf 86' lang='lat' dir='ltr'>naturas</span> <span class='ocrx_word' id='word_1_229' title='bbox 857 3406 1093 3494; x_wconf 69' lang='lat' dir='ltr'>considerabit,</span> <span class='ocrx_word' id='word_1_230' title='bbox 1121 3423 1179 3480; x_wconf 92' lang='lat' dir='ltr'>aut</span> 
     </span>
     <span class='ocr_line' id='line_1_30' title="bbox 135 3510 1178 3605; baseline -0.006 -14"><span class='ocrx_word' id='word_1_231' title='bbox 135 3523 260 3593; x_wconf 88' lang='lat' dir='ltr'>multos</span> <span class='ocrx_word' id='word_1_232' title='bbox 280 3520 404 3591; x_wconf 89' lang='lat' dir='ltr'>colores</span> <span class='ocrx_word' id='word_1_233' title='bbox 423 3514 608 3600; x_wconf 83' lang='lat' dir='ltr'>miscuerit,</span> <span class='ocrx_word' id='word_1_234' title='bbox 625 3512 795 3605; x_wconf 88' lang='lat' dir='ltr'>variasque</span> <span class='ocrx_word' id='word_1_235' title='bbox 814 3510 935 3581; x_wconf 83' lang='lat' dir='ltr'>formas</span> <span class='ocrx_word' id='word_1_236' title='bbox 950 3511 1105 3603; x_wconf 87' lang='lat' dir='ltr'>penicillo</span> <span class='ocrx_word' id='word_1_237' title='bbox 1119 3537 1178 3585; x_wconf 86' lang='lat' dir='ltr'>ex-</span> 
     </span>
     <span class='ocr_line' id='line_1_31' title="bbox 134 3617 1176 3723; baseline -0.009 -23"><span class='ocrx_word' id='word_1_238' title='bbox 134 3629 306 3723; x_wconf 75' lang='lat' dir='ltr'>presserit,</span> <span class='ocrx_word' id='word_1_239' title='bbox 323 3625 455 3696; x_wconf 87' lang='lat' dir='ltr'>antistes</span> <span class='ocrx_word' id='word_1_240' title='bbox 466 3623 581 3693; x_wconf 69' lang='lat' dir='ltr'>contri</span> <span class='ocrx_word' id='word_1_241' title='bbox 592 3618 688 3688; x_wconf 74' lang='lat' dir='ltr'>facile</span> <span class='ocrx_word' id='word_1_242' title='bbox 702 3617 879 3703; x_wconf 90' lang='lat' dir='ltr'>invenitur,</span> <span class='ocrx_word' id='word_1_243' title='bbox 894 3641 962 3686; x_wconf 91' lang='lat' dir='ltr'>non</span> <span class='ocrx_word' id='word_1_244' title='bbox 977 3617 1176 3708; x_wconf 88' lang='lat' dir='ltr'>elaboratus,</span> 
     </span>
     <span class='ocr_line' id='line_1_32' title="bbox 134 3719 1177 3826; baseline -0.01 -18"><span class='ocrx_word' id='word_1_245' title='bbox 134 3737 194 3807; x_wconf 90' lang='lat' dir='ltr'>sed</span> <span class='ocrx_word' id='word_1_246' title='bbox 208 3758 322 3807; x_wconf 88' lang='lat' dir='ltr'>recens</span> <span class='ocrx_word' id='word_1_247' title='bbox 336 3786 345 3821; x_wconf 91' lang='lat'>,</span> <span class='ocrx_word' id='word_1_248' title='bbox 361 3729 523 3826; x_wconf 80' lang='lat' dir='ltr'>quantirm</span> <span class='ocrx_word' id='word_1_249' title='bbox 549 3727 591 3798; x_wconf 91' lang='lat' dir='ltr'>ad</span> <span class='ocrx_word' id='word_1_250' title='bbox 608 3725 800 3816; x_wconf 84' lang='lat' dir='ltr'>dignitatem</span> <span class='ocrx_word' id='word_1_251' title='bbox 814 3719 940 3811; x_wconf 85' lang='lat' dir='ltr'>,simul</span> <span class='ocrx_word' id='word_1_252' title='bbox 954 3737 1043 3796; x_wconf 89' lang='lat' dir='ltr'>satus</span> <span class='ocrx_word' id='word_1_253' title='bbox 1056 3740 1090 3797; x_wconf 87' lang='lat' dir='ltr'>et</span> <span class='ocrx_word' id='word_1_254' title='bbox 1105 3727 1177 3798; x_wconf 91' lang='lat' dir='ltr'>edi-</span> 
     </span>
    </p>
   </div>
   <div class='ocr_carea' id='block_1_3' title="bbox 171 3869 1016 4046">
    <p class='ocr_par' dir='ltr' id='par_1_5' title="bbox 171 3869 1016 4046">
     <span class='ocr_line' id='line_1_33' title="bbox 171 3869 700 3948; baseline -0.032 -10"><span class='ocrx_word' id='word_1_255' title='bbox 171 3891 179 3919; x_wconf 86' lang='lat'>¹</span> <span class='ocrx_word' id='word_1_256' title='bbox 200 3886 226 3936; x_wconf 86' lang='lat' dir='ltr'>S.</span> <span class='ocrx_word' id='word_1_257' title='bbox 239 3883 340 3948; x_wconf 81' lang='lat' dir='ltr'>Gregor.</span> <span class='ocrx_word' id='word_1_258' title='bbox 355 3875 438 3930; x_wconf 75' lang='lat' dir='ltr'>theol.</span> <span class='ocrx_word' id='word_1_259' title='bbox 454 3872 525 3926; x_wconf 84' lang='lat' dir='ltr'>Orat.</span> <span class='ocrx_word' id='word_1_260' title='bbox 539 3887 605 3938; x_wconf 83' lang='lat' dir='ltr'>xmu,</span> <span class='ocrx_word' id='word_1_261' title='bbox 620 3887 644 3922; x_wconf 87' lang='lat' dir='ltr'>n.</span> <span class='ocrx_word' id='word_1_262' title='bbox 658 3869 700 3922; x_wconf 80' lang='lat'>23.</span> 
     </span>
     <span class='ocr_line' id='line_1_34' title="bbox 224 3972 1016 4046; baseline -0.015 -2"><span class='ocrx_word' id='word_1_263' title='bbox 224 3999 273 4046; x_wconf 83' lang='lat' dir='ltr'>u.</span> <span class='ocrx_word' id='word_1_264' title='bbox 807 4023 809 4026; x_wconf 85' lang='lat'>.</span> <span class='ocrx_word' id='word_1_265' title='bbox 981 3972 1016 4033; x_wconf 86' lang='lat'>11</span> 
     </span>
    </p>
   </div>
   <div class='ocr_carea' id='block_1_4' title="bbox 0 0 1500 4590">
    <p class='ocr_par' dir='ltr' id='par_1_6' title="bbox 0 0 1500 4590">
     <span class='ocr_line' id='line_1_35' title="bbox 0 0 1500 4590; baseline 0 3"><span class='ocrx_word' id='word_1_266' title='bbox 0 0 1500 4590; x_wconf 95' lang='lat' dir='ltr'> </span> 
     </span>
    </p>
   </div>
  </div>
 </body>
</html>
