2996 4598
312 449 413 498 ctrur
435 455 473 498 11.
499 455 541 498 nu
563 454 773 503 nucessrrnrn
797 456 1007 508 inmutatum.
1136 451 1178 511 17

136 549 327 622 irradiabat.
347 556 397 624 lta
415 557 452 634 S.
470 557 614 627 loannes
635 559 905 648 Chrysostomus,
927 565 984 657 qui
1003 567 1109 658 patrii
1124 591 1181 637 ex·

136 658 233 727 torris
245 671 279 727 et
293 659 327 727 in
337 674 519 730 extremum
533 662 622 746 orbis
635 663 795 756 oppidum
808 671 975 740 Cucusum
990 672 1177 765 ablegatus,

136 761 273 840 absens
288 762 434 855 quidem
450 791 614 862 corpore,
623 793 786 862 proesens
795 787 919 843 autem
929 780 1182 873 spr'n'tu¹,igna·

137 894 189 940 ros
199 869 479 963 docere,aegr0tos
490 895 617 961 curare,
625 877 772 946 infirmos
780 881 993 952 corroborare
1003 889 1180 976 satagebat.

136 979 186 1045 lta
206 977 426 1048 sanctissimus
443 979 494 1048 vir
517 981 723 1072 Cyprianus,
743 985 1008 1077 carthaginensis
1027 991 1181 1063 Ecclesiae

135 1097 261 1172 martyr
276 1097 310 1152 et
327 1085 517 1176 episcopus,
535 1109 634 1178 quent
647 1083 759 1178 prodit
771 1090 946 1182 Gregorius
960 1097 1183 1170 Nazianzenus

135 1187 246 1280 plures
260 1190 370 1282 ipsum
386 1190 493 1259 solum
509 1190 544 1259 in
556 1191 653 1261 exilio
664 1195 807 1284 positum
816 1219 875 1290 per
886 1199 1037 1291 epistolas
1048 1201 1091 1273 ad
1100 1205 1183 1274 sub-

134 1295 286 1364 eundum
304 1297 497 1386 martyrium
512 1295 693 1386 induxisse,
712 1303 813 1394 quim
829 1318 964 1376 caeteros
975 1331 1105 1398 omnes,
1122 1314 1182 1406 qui

134 1400 370 1471 dimicantibus
387 1426 522 1495 corpore
537 1417 570 1472 et
585 1427 667 1475 voce
683 1423 858 1498 praesentes
872 1409 1010 1485 aderant
1029 1443 1037 1486 :
1061 1444 1078 1482 r
1097 1421 1184 1488 Tan-

133 1508 235 1592 dem,
257 1507 390 1602 inquit,
416 1509 452 1578 in
487 1509 619 1580 exilium
640 1513 750 1600 actus,
776 1517 1036 1612 haudquaqubm
1056 1523 1091 1592 in
1116 1525 1200 1618 prir

136 1615 211 1683 vati
232 1613 338 1683 salute
363 1617 422 1683 sual
443 1615 658 1708 viregregius
685 1622 928 1714 acquiescebat,
946 1642 1004 1697 aut
1025 1630 1182 1722 praeclare

133 1744 246 1790 secum
269 1709 320 1812 agi
344 1723 503 1814 putabat,
532 1723 625 1816 quod
639 1725 705 1794 vita
733 1728 801 1819 ipsi
817 1746 929 1823 erepta
953 1753 1020 1804 non
1044 1737 1180 1826 fuisset,

134 1827 188 1896 vel
203 1827 412 1908 securitatem
428 1829 574 1921 corporis
591 1829 700 1922 potiris
722 1833 807 1903 hanc
828 1837 1061 1928 ignominiam,
1081 1848 1184 1938 qu'am

135 1933 255 2006 animae
271 1934 456 2026 periculum
477 1936 774 2028 interpretabatur,
792 1943 819 2010 si
842 1945 910 2015 otio
931 1960 965 2015 et
980 1948 1109 2020 silentio
1131 1953 1185 2020 in-

135 2040 306 2132 dulgeret,
326 2065 508 2136 eorumque
528 2042 667 2114 salutem
688 2048 896 2138 negligeret,
913 2054 970 2146 qui
994 2059 1184 2147 gravissimo

135 2149 284 2240 tempore
299 2148 589 2239 periclitabantur,
613 2165 652 2220 ut
676 2153 734 2246 qui
754 2157 920 2226 neminem
941 2161 1103 2243 haberent
1123 2169 1183 2262 qui

135 2253 220 2344 ipsos
243 2251 287 2322 ad
315 2267 482 2322 certamen
509 2255 653 2325 erudiret
680 2260 864 2354 animisque
890 2265 1081 2340 obfirmaret
1244 2325 1248 2332 1

136 2357 279 2430 Proind'e
294 2359 443 2453 quamvis
457 2382 593 2452 corpore
610 2361 757 2450 abesset,
774 2367 890 2458 spiritu
912 2385 1025 2444 tamen
1042 2377 1179 2468 aderat,
1253 2384 1261 2398 ⁴

135 2463 380 2560 infeodemque
405 2488 482 2534 curn
508 2465 558 2536 his
583 2467 641 2561 qui
666 2470 858 2561 pugnabant
878 2483 1056 2552 certamine
1076 2509 1183 2558 versa·

136 2571 253 2656 batur,
279 2586 312 2640 et
339 2571 459 2665 quibus
488 2571 602 2664 linguai
617 2576 785 2668 ‘opitulari
804 2605 873 2652 non
895 2600 1042 2678 poterat,
1065 2593 1181 2665 iisdem

135 2699 196 2770 per
218 2676 344 2746 litteras
366 2679 588 2748 succurrebat.
615 2680 756 2774 Aliptem
775 2689 880 2774 enim,
900 2696 1029 2766 tametsi
1057 2700 1091 2768 in
1112 2705 1182 2772 exi-

135 2784 182 2854 lio
205 2784 350 2876 positus,
374 2807 448 2853 sese
471 2799 626 2880 praestat,
652 2789 887 2862 cohortatorias
912 2803 1074 2872 orationes
1097 2831 1180 2876 con·

136 2889 306 2974 scribens,
322 2889 544 2982 pietatemque
558 2888 744 2962 litterarum
769 2905 992 2972 monumentis
1014 2909 1178 3002 prodens3

137 3021 175 3066 ac
202 2996 314 3088 plures
333 2995 575 3088 propemoditm
591 2997 680 3068 solus
699 2999 769 3092 ipse
789 3026 849 3095 per
870 3008 1021 3100 epistolas
1041 3014 1083 3085 ad
1106 3007 1182 3088 sub-
1216 3099 1218 3104 ,

136 3102 285 3171 eundum
302 3101 499 3190 martyrium
510 3101 657 3191 induxit,
678 3108 778 3198 quim
790 3113 900 3182 caeteri
911 3138 971 3208 per
989 3141 1024 3189 se
1042 3145 1178 3214 omnes,

136 3208 196 3302 qui
212 3231 289 3278 curn
306 3207 539 3279 dimicantibus
554 3212 673 3300 praesto
688 3211 811 3284 erant2.
837 3244 854 3282 u
1252 3313 1254 3316 Ι

180 3318 239 3384 Vl.
250 3317 318 3386 Nec
330 3315 428 3382 etiam
445 3311 623 3385 defuerunt
633 3317 690 3410 qui
702 3341 867 3392 sermones
879 3329 1102 3422 rescripserint
1111 3361 1181 3410 non

136 3425 201 3492 ise
215 3423 312 3514 ipsis,
331 3419 388 3490 sed
404 3421 446 3491 ab
462 3420 530 3490 aliis
547 3423 645 3493 etiam
661 3425 829 3519 episcopis,
848 3432 969 3524 quibus
985 3435 1116 3511 dicendi
1127 3444 1179 3514 fa-

136 3528 241 3598 cilitas
256 3551 327 3596 non
340 3527 492 3614 suberat,
511 3529 783 3620 pronuntiandus.
803 3537 874 3606 Hoc
908 3539 954 3609 iu
985 3543 1028 3612 de
1053 3549 1179 3635 Cyrillo

135 3633 358 3704 Alexandrino
374 3634 515 3701 allirmat
530 3633 719 3704 Gennadius
735 3665 742 3705 :
763 3665 779 3704 «
797 3641 940 3729 Gyrillus
952 3647 1180 3725 Alexandrinae

136 3739 293 3810 Ecclesiae
317 3740 488 3832 episcopus
515 3737 667 3815 homilias
690 3749 875 3836 composuit
901 3750 1058 3843 plurimas
1073 3784 1178 3855 ,quae
1217 3811 1218 3815 =
1279 3833 1285 3837 .

138 3845 181 3914 ad
202 3844 454 3916 declamandum
475 3847 495 3914 b
515 3848 636 3917 Graecis
657 3849 815 3943 episcopis
831 3860 1002 3952 memoriae
1015 3885 1180 3940 commen·

175 3983 180 4012 ¹
200 3990 208 4022 r
225 3975 281 4024 Gor.
297 3989 323 4034 v,
337 3973 360 4023 3.
378 3997 409 4008 -
424 3983 435 4008 ²
448 3974 473 4024 S.
488 3974 560 4038 Grcg.
575 3973 743 4044 theol-Orat.
757 3991 827 4044 xxiv,
840 3997 864 4032 n.
883 3981 922 4050 14,
938 3987 977 4038 15.
1059 3987 1062 3993 '

295 4070 335 4125 n.
529 4113 533 4120 f
1040 4076 1060 4135 2
