2992 4590
303 422 365 488 Iol
450 438 629 485 nausearet
651 440 676 484 s.
703 439 859 499 sarnum,
881 439 956 488 raas
980 445 1029 506 ιι,
1054 416 1150 489 sucas
1164 445 1187 486 1.

296 541 451 634 pecunias
465 554 498 609 et
505 539 720 633 possessiones
732 593 741 626 ,
755 554 789 608 et
796 563 908 608 curam
925 555 959 610 et
975 542 1205 634 occupationes
1225 541 1339 611 omries

296 646 466 717 saeculares
496 645 731 739 repudiabunt,
758 660 910 740 totosque
932 669 965 716 se
992 651 1059 716 Deo
1084 650 1338 736 consecrlrunt,

200 795 204 803 ·
296 769 393 826 nocte
419 753 539 847 dieque
560 775 688 846 semper
710 751 804 822 verbi
825 750 985 822 doctrinae
1016 755 1232 824 attendentes.
1260 759 1341 825 Haec

297 877 346 932 est
359 862 447 930 enim
457 859 633 952 spiritualis
644 858 728 950 ignis
738 873 873 946 natura,
884 869 923 928 u't
941 860 1068 928 nullam
1081 885 1191 930 rerum
1202 859 1341 932 saccula-

296 971 384 1038 rium
395 967 609 1060 cupiditatem
621 965 802 1058 relinquat,
821 965 925 1036 sedin
944 967 1236 1046 aliumtransferat
1250 989 1343 1038 amo-

297 1099 378 1150 rem.
398 1079 606 1165 Quapropter
621 1073 738 1142 talium
763 1095 875 1143 rerum
903 1073 1064 1167 cupidus,
1084 1076 1211 1144 etiamsi
1233 1077 1343 1164 omnia

298 1181 511 1276 profundere,
524 1179 862 1273 etiamsivoluptatem
874 1195 907 1250 et
917 1181 1053 1273 gloriam
1061 1181 1209 1268 irridere,
1219 1171 1342 1275 ipsam-

297 1313 362 1384 que
378 1284 518 1358 animam
535 1289 664 1357 tradere
680 1303 849 1382 oporteat,
868 1313 946 1358 cum
957 1291 1077 1380 magni
1100 1289 1256 1359 facilitate
1272 1292 1343 1360 haec
1429 1342 1431 1346 »

298 1392 408 1466 omnia
419 1396 557 1489 perficit.
569 1399 652 1465 Nam
662 1393 750 1465 illius
760 1395 843 1486 ignis
856 1395 953 1464 ardor
969 1397 1003 1464 in
1013 1395 1155 1464 animam
1167 1397 1342 1486 ingressus,

300 1517 467 1596 torporem
487 1525 618 1572 omnem
635 1501 762 1594 abjicit,
785 1517 818 1572 et
837 1506 946 1595 penna
968 1501 1125 1573 leviorem
1147 1503 1249 1574 efficit
1268 1527 1343 1574 eum

301 1633 402 1704 quem
411 1609 552 1694 invadit,
564 1610 610 1677 itt
623 1622 661 1677 ut
672 1609 781 1679 omnia
790 1623 865 1702 qua‘e
879 1611 941 1678 sub
952 1623 1121 1701 aspectum
1130 1611 1266 1698 cadunt,
1275 1610 1346 1680 des-

299 1717 479 1810 piciat.Qui
487 1714 560 1784 talis
571 1729 630 1801 est,
638 1715 673 1783 in
683 1717 1103 1808 perpetuacompunctione
1112 1717 1232 1786 deinde
1242 1741 1345 1810 perse

300 1837 408 1908 verat,
422 1821 531 1892 fontes
544 1815 766 1911 lacrymarum
782 1820 973 1916 frequenter
988 1822 1175 1908 effundens,
1187 1825 1345 1893 multam-

301 1952 367 2024 que
378 1927 456 1998 inde
465 1927 670 2019 voluptatem
682 1949 868 2021 excerpens.
880 1927 970 1999 Nihil
978 1930 1101 2022 quippe
1117 1934 1186 2001 Deo
1201 1933 1247 2000 ita
1267 1955 1347 2001 eon-

304 2037 462 2128 glutinat,
480 2050 514 2104 et
527 2036 700 2128 conjungit
712 2088 720 2120 ,
732 2049 770 2106 ut
786 2035 941 2126 lacrymae
964 2035 1166 2130 hujusmodi.
1187 2039 1245 2106 Vir
1260 2035 1345 2122 talis,

303 2145 363 2214 etsi
374 2144 411 2212 in
425 2141 541 2211 mediis
556 2135 694 2232 urbibus
709 2141 857 2228 habitet,
874 2143 967 2235 quasi
982 2143 1018 2210 in
1034 2143 1182 2230 deserto,
1199 2145 1235 2216 in
1249 2167 1347 2214 mon-

302 2238 393 2321 tibus
408 2265 442 2320 et
456 2248 621 2342 speluncis
630 2263 779 2338 versatur
789 2271 806 2335 ‚'
816 2249 915 2318 rebus
924 2249 1140 2342 praesentibus
1156 2273 1224 2321 non
1241 2265 1349 2320 atten-

304 2359 373 2443 dit,
391 2380 500 2450 neque
515 2355 705 2448 hujusmodi
722 2355 854 2424 fletibus
869 2357 1018 2449 unqu‘am
1035 2358 1187 2444 satiatur,
1199 2359 1273 2428 'sive
1288 2381 1349 2450 pro

304 2489 354 2551 se,
373 2451 440 2534 sive
455 2485 515 2556 pro
534 2460 672 2532 aliorum
688 2463 829 2554 peccatis
841 2461 1001 2552 lacrymas
1018 2463 1181 2533 effundat.
1203 2465 1349 2558 ldedque

304 2571 453 2641 Christus
478 2571 577 2638 hosce
601 2591 670 2660 prae
686 2567 755 2636 aliis
771 2569 884 2638 beatos
900 2567 1057 2661 praedicat
1074 2568 1207 2640 dicens:
1237 2569 1354 2640 Beati

207 2689 209 2694 ’
306 2679 370 2769 qur'
383 2675 540 2772 [agenat
556 2679 625 2746 Gur
647 2677 727 2747 verb
749 2677 869 2746 Paulus
891 2675 999 2746 dicit:
1025 2675 1193 2746 Gaudere
1218 2679 1255 2747 in
1277 2677 1350 2748 Do·

306 2786 603 2878 mino‘sempefl?
625 2799 664 2853 ut
687 2783 910 2874 lacrymarum
926 2783 1118 2877 hujusmodi
1145 2778 1351 2878 voluptatem

294 2885 459 2964 declaret.
473 2889 761 2974 Quemadmodum
774 2891 863 2958 enirn
874 2889 990 2959 mundi
1000 2889 1156 2981 gaudium
1173 2915 1351 2962 moerorem

238 2989 240 2994 ⁷
305 2999 407 3071 habet
422 2999 660 3092 conjunctum,
678 2996 724 3064 sic
744 3009 777 3064 et
788 2995 942 3085 lacrymae
958 2993 1024 3064 illac
1046 2997 1229 3066 secundum
1245 3003 1350 3068 Deum

306 3106 455 3176 laetitiam
479 3107 613 3196 pariunt
633 3124 832 3195 perennem,
861 3116 895 3171 et
918 3127 993 3196 quae
1018 3108 1189 3198 nunquam
1206 3105 1348 3182 deficiat.

310 3214 362 3284 Sic
374 3213 528 3280 meretrix
550 3210 607 3280 illa
631 3210 811 3302 virginibus
831 3209 948 3279 clarior
968 3211 1084 3280 effecta
1107 3227 1172 3297 est,
1196 3213 1261 3282 hoc
1278 3216 1352 3304 igne

313 3343 480 3391 succensa.
501 3321 584 3402 Quia
607 3319 693 3388 enim
722 3319 924 3410 poenitentiae
955 3317 1083 3388 fervore
1107 3334 1257 3412 correpta
1283 3335 1350 3406 est,

313 3427 435 3500 Christi
447 3449 557 3496 amore
570 3422 683 3522 posted
699 3425 828 3511 exarsit,
846 3425 923 3492 crim
950 3424 1064 3494 solutis
1091 3425 1232 3518 capillis,
1249 3451 1360 3498 sacros

310 3535 384 3606 illos
408 3533 507 3626 pedes
532 3533 684 3622 lacrymis
704 3533 840 3624 rigavit,
867 3535 960 3602 c'oml
976 3535 1034 3602 sual
1058 3532 1231 3620 abstersit,
1255 3551 1353 3629 atque

258 3683 260 3686 ·
311 3655 523 3732 unguentum
543 3637 683 3708 effudit.
711 3643 754 3707 Ilt
772 3640 851 3708 'haec
878 3639 1013 3732 quidem
1040 3639 1239 3730 extrinseeirs
1266 3655 1352 3735 gesta

311 3764 389 3820 sunt
408 3747 486 3819 :illa
501 3748 580 3819 verb
603 3739 740 3842 quaein
762 3748 871 3816 animo
897 3747 1096 3838 agebantur,
1114 3746 1165 3816 his
1185 3745 1285 3838 longe
1303 3773 1353 3816 ar-

312 3855 462 3926 dentiora
478 3869 593 3941 erant,
623 3877 699 3948 quae
723 3875 810 3922 unus
841 3852 996 3922 cernebat
1019 3857 1116 3922 Deus.
1148 3857 1353 3946 Quapropter

349 3979 532 4048 nauum.
549 3953 788 4048 ss-srarrrp.1v‚r.
1111 3955 1114 3964 ’
