2930 4582
215 427 316 474 curun
339 433 385 475 vr.
405 431 448 488 ps
465 433 621 504 murnouo
646 435 680 476 m
704 434 911 476 concionatus
934 429 1100 476 runrxrrt.
1127 415 1191 474 215

149 545 221 600 tum
236 532 326 600 hunc
341 545 485 600 vestrum
498 533 691 601 existimare.
705 536 803 600 Hunc
818 533 918 622 igitur
933 555 1059 602 morem
1072 555 1191 623 geren·

148 652 213 724 tes,
231 637 404 708 maluimus
419 637 545 722 redire,
570 640 700 708 tametsi
720 639 830 708 morbi
851 639 997 734 reliquiae
1013 653 1188 726 restarent,

147 746 247 839 quhm
263 746 407 838 eorporis
422 745 649 814 infirmitatem
666 745 798 836 prorsirs
810 744 974 837 deponere
990 759 1188 836 satagentes,

148 849 189 920 de
206 866 324 921 caetero
339 853 492 922 charitati
508 865 623 920 vestrae
643 849 808 920 molestias
824 850 958 920 inferre.
975 853 1059 920 N'am
1076 865 1109 919 et
1124 851 1191 922 illic

145 983 281 1028 manens
302 961 547 1030 criminationes
563 973 686 1028 vestras
702 958 877 1028 audiebam
896 986 905 1028 r
922 959 1088 1028 continuae
1104 959 1191 1026 enim

144 1061 262 1134 litterae
273 1069 333 1142 has
355 1067 451 1134 nobis
471 1066 670 1150 afferebant,
688 1066 900 1156 animumque
921 1063 1059 1132 adhibui
1078 1063 1191 1134 crimir·

143 1173 301 1239 nantibus
327 1193 394 1239 non
422 1170 551 1254 mimis,
580 1173 678 1263 quam
709 1168 932 1239 laudantibus.
961 1173 1044 1240 N'am
1071 1172 1190 1242 animae
1217 1225 1220 1234 .

142 1276 276 1344 scientis
292 1299 401 1343 amare
412 1273 478 1342 illae
495 1275 734 1346 criminationes
752 1274 901 1361 fuerant,
916 1275 1096 1344 absentiam
1111 1299 1190 1346 nos·

143 1395 230 1450 tram
254 1393 452 1448 accusantes.
480 1384 652 1472 Propterea
677 1398 812 1472 surgens
837 1384 989 1472 cucurri3
1017 1383 1188 1474 propterea
1220 1450 1223 1462 ,

143 1489 318 1578 nunquhm
352 1487 424 1554 meai
459 1509 515 1556 vos
540 1501 649 1556 mente
682 1488 774 1580 quivi
803 1487 988 1556 excludere.
1018 1487 1085 1557 sed·
1108 1489 1191 1581 quid

143 1591 264 1660 minim
283 1592 350 1659 ruri
371 1592 396 1659 si
415 1606 650 1678 commoratus,
673 1592 806 1662 licentii
826 1591 968 1686 quddam
990 1607 1023 1661 et
1039 1592 1190 1662 libertate

141 1696 267 1782 sruenS,
286 1711 401 1766 vestrae
415 1701 581 1770 charitatis
593 1725 660 1770 non
671 1723 744 1778 sum
755 1700 876 1770 oblitus
893 1731 900 1770 :
919 1699 1190 1793 quandoquidem

139 1803 263 1873 Paulus
278 1804 419 1873 vinculis
433 1805 605 1895 alligatus,
623 1829 784 1874 carcerem
801 1807 1000 1891 inhabitans,
1019 1821 1118 1898 atque
1134 1807 1189 1876 iu-

140 1910 233 1978 smita
259 1911 345 2002 pene
369 1911 513 2002 pericula
544 1913 748 1982 imminentia
772 1911 900 1997 videns,
926 1913 960 1980 in
977 1936 1105 1982 carcere
1120 1933 1190 1983 non

139 2015 231 2085 seclis
254 2017 355 2108 quam
377 2017 412 2084 in
439 2032 534 2108 prato
557 2033 730 2102 versatus,
765 2019 810 2086 sic
833 2019 972 2096 fratrum
997 2021 1189 2090 memoriam
1229 2019 1232 2024 ’

140 2122 297 2206 hahebat,
312 2136 345 2189 et
358 2124 523 2192 scribebat
541 2121 652 2192 dicens
668 2153 675 2192 :
691 2123 793 2194 Sicut
806 2138 859 2193 eat
866 2125 1006 2221 justum
1017 2124 1108 2194 milri
1119 2123 1188 2196 lzoc

141 2230 274 2298 sentire
295 2253 365 2320 pro
386 2227 550 2298 omnibus
571 2228 692 2316 vobio,
713 2243 747 2300 et
768 2230 866 2322 quod
880 2230 1039 2300 liniacum
1063 2255 1127 2301 uos
1149 2234 1188 2303 in

139 2333 248 2406 eorde
265 2351 300 2405 et
316 2338 353 2406 in
369 2335 521 2406 ur'uculr's
541 2337 642 2424 meis,
662 2339 699 2406 r'n
714 2336 925 2433 ders'ensr'one
943 2353 977 2408 et
992 2346 1186 2436 conflrma-

141 2438 487 2538 rioneEvangelii1?
498 2445 598 2513 Extrh
610 2444 817 2512 inimicorum
829 2459 955 2532 catena,
969 2447 1053 2514 intra
1070 2445 1188 2515 amoris

139 2549 374 2641 discipulorum
391 2563 506 2619 eatena
530 2579 537 2620 ι
556 2549 614 2620 sed
630 2551 770 2620 exterior
784 2551 919 2643 quidem
936 2576 975 2620 ex
990 2552 1188 2624 ferrocons-

139 2668 265 2739 tructa‚
283 2655 420 2726 interior
438 2679 477 2722 ex
492 2655 650 2724 charitate
667 2645 771 2744 facta3
786 2670 819 2725 et
834 2657 924 2724 illam
939 2649 1073 2750 quidem
1089 2682 1186 2752 saepe-

96 2756 99 2768 ’
139 2764 278 2830 numeri)
291 2761 455 2853 deposuit,
473 2763 559 2832 hanc
573 2763 650 2830 verb
666 2765 837 2855 nunquam
853 2762 1000 2832 dissolvit
1011 2770 1036 2832 ².
1057 2790 1073 2828 u

181 2869 334 2937 Alterum
350 2868 429 2937 alibi
441 2868 587 2960 ejusdem
605 2868 729 2959 generis
745 2866 915 2936 exordium
928 2867 1017 2960 apud
1033 2867 1186 2939 eumdem

138 2975 335 3065 reperimus,
350 2975 465 3064 utpote
483 2978 541 3066 qui
558 2975 607 3042 bis
624 2974 739 3043 morbo
756 2987 941 3066 correptus,
959 2975 1075 3068 bisque
1091 2997 1187 3044 sana-

137 3093 190 3148 tus
205 3079 317 3164 fucrit,
336 3081 417 3150 dhm
431 3081 632 3172 praedicandi
648 3103 771 3149 munus
786 3081 904 3151 obiret.
918 3082 976 3152 Sic
992 3096 1103 3152 autem
1118 3102 1185 3152 ser-

137 3208 270 3256 monem
289 3184 503 3276 aggreditur:
605 3267 610 3274 ,
955 3204 958 3210 ·

184 3323 200 3360 a
225 3294 325 3376 Quasi
347 3318 386 3360 ex
406 3293 588 3386 longinqua
611 3293 873 3385 peregrinatione
898 3294 1014 3364 advos
1037 3319 1185 3366 reversus

137 3423 256 3484 essem,
274 3399 320 3466 ita
332 3423 385 3466 me
401 3397 500 3468 hodie
525 3399 681 3467 affectum
703 3401 808 3468 sentio
827 3429 834 3468 ε
853 3399 930 3468 cirm
946 3402 1033 3470 enim
1053 3403 1183 3471 nullum

138 3481 323 3576 amicoruni
341 3506 543 3576 consortium
568 3509 635 3574 esse
652 3520 779 3598 potest,
799 3505 1066 3593 nihileommodi
1085 3510 1183 3579 affert

137 3637 250 3684 eorum
263 3615 447 3704 praesentia.
458 3613 682 3706 Quamobrem
698 3637 770 3699 nos,
782 3614 839 3706 qui
856 3612 945 3683 domi
958 3615 1180 3704 versabamur,

136 3723 271 3813 peregre
287 3721 491 3790 versantibus
507 3720 612 3790 nihilo
628 3722 690 3790 haic
705 3721 739 3789 in
753 3735 846 3813 parte
862 3718 1020 3790 feliciores
1035 3723 1179 3796 fuimus:

137 3826 292 3896 nimirum
309 3828 366 3920 qui
383 3828 549 3920 superiore
566 3841 713 3919 tempore
725 3827 818 3898 nulla
832 3829 1001 3900 vobiscum
1016 3829 1180 3924 colloquia

172 3966 179 3994 ¹
193 3955 280 4023 Philip.
295 3972 314 4020 r,
329 3971 353 4022 7.
369 3979 401 3994 -·
419 3957 467 4008 ²8.
483 3954 566 4020 Chrys.
581 3954 838 4020 damnaremur.
853 3971 877 4007 n.
894 3973 916 4006 ι.
