2982 4584
242 431 343 476 nnana
367 434 411 475 vr.
431 433 472 475 ne
489 431 643 499 untaouo
668 432 701 474 rn
725 429 932 476 concreantur
955 428 1121 474 mutarat.
1149 413 1213 476 499

151 573 155 582 ‹
176 530 346 615 furentur,
361 529 615 612 latrocinentur,
632 525 782 618 sepulcra
793 526 968 612 effodiant,
987 528 1115 598 infinita
1131 531 1233 626 mala(

176 653 387 732 perpetrent,
416 640 436 710 a
459 638 523 708 suis
546 637 624 726 erga
646 650 758 703 ornnes
787 633 953 704 beneficiis
972 659 1041 704 non
1065 636 1215 728 absistit,

176 747 234 814 sed
248 761 439 816 communes
455 741 582 826 radios,
600 760 792 810 communes
813 739 933 810 imbres
956 755 990 812 et
1006 741 1134 814 fruetus
1151 759 1218 826 ter·

176 877 222 924 rae
235 852 380 947 profert,
395 874 487 922 snanr
506 849 665 919 exhibens
680 851 756 939 erga
771 849 921 920 homines
944 850 1216 924 beneficentiam:

176 964 222 1032 sie
237 977 272 1034 et
281 977 319 1032 tu
332 961 451 1044 facito,
464 967 499 1027 et
515 958 592 1028 erim
606 971 735 1051 tempus
746 957 977 1029 misericordiae
992 959 1219 1032 humanitatis·

177 1093 242 1162 que
258 1064 454 1137 exhibendae
473 1065 618 1152 affuerit,
636 1083 795 1158 pauperet
810 1064 909 1153 fove,
928 1064 1051 1136 famem
1062 1065 1160 1154 aeda,
1175 1069 1218 1138 ab

177 1169 332 1256 ¹aerumnis
343 1172 466 1258 libera,
490 1172 575 1242 nihil
590 1172 727 1242 ulteriiu
737 1186 894 1244 scrutare.
912 1175 995 1246 me
1006 1175 1034 1245 si
1048 1177 1220 1248 vitamho·

178 1283 307 1352 minum
329 1270 455 1350 eurioad
476 1279 710 1374 disquiramus,
733 1279 856 1350 nullius
878 1303 1027 1375 unquam
1051 1285 1221 1354 miserebi-

178 1413 275 1460 mur:
292 1388 349 1458 sed
369 1389 431 1458 hae
446 1389 674 1482 intempestiva
686 1390 875 1460 curiositate
887 1392 1076 1482 praepediti,
1094 1393 1221 1487 aiuque

179 1498 312 1584 fructu,
334 1510 368 1567 et
394 1497 484 1567 omni
504 1497 694 1591 adjumento
715 1497 865 1567 destituti
886 1499 1109 1586 manebimus,
1132 1502 1221 1572 mul·

180 1605 319 1699 tbmque
333 1604 452 1676 laboris
464 1603 584 1676 frustm
593 1619 627 1675 et
637 1605 800 1675 incassum
812 1605 1223 1702 suscipiemus.Quaprop·
1317 1691 1320 1694 ¹

182 1727 231 1782 ter
252 1735 355 1806 rogo,
379 1715 637 1808 inopportunam
659 1715 745 1782 hano
771 1713 996 1816 curiositatem⁸
1016 1715 1221 1808 abjicientes,

180 1819 290 1910 egenis
306 1821 460 1890 omnibus
483 1819 683 1912 largiamur,
700 1817 801 1910 idque
816 1818 1025 1890 abundanter
1040 1822 1220 1912 iaciamus,

181 1939 220 1994 nt
231 1935 265 1995 'et
278 1927 340 2018 ipsi
354 1925 413 1996 illo
431 1929 485 1995 die
497 1949 650 2018 magnam
666 1929 686 1996 t
701 1931 770 1996 Deo
781 1919 1037 1997 misericordiam
1051 1943 1085 1998 et
1103 1931 1222 2023 benig-

181 2033 320 2104 nitatem
329 2055 684 2128 consequamur,quam
693 2035 1033 2108 nosomnesohnnera
1041 2038 1222 2129 contingat,

182 2141 285 2232 gratih
299 2156 333 2210 et
348 2139 551 2233 benignitate
563 2142 694 2211 Domini
709 2142 812 2211 nostri
828 2145 907 2211 Jeau
920 2143 1060 2231 Christi,
1078 2169 1227 2239 quocum

182 2251 292 2337 Patri,
306 2250 471 2344 simulque
486 2264 599 2352 saneto
613 2250 748 2342 Spiritui
761 2249 879 2341 gloria,
893 2251 1088 2344 imperium,
1106 2255 1225 2343 honor,

182 2373 322 2428 nuncet
336 2379 487 2451 semper,
503 2372 535 2427 et
549 2359 585 2426 in
596 2357 714 2428 saeeula
726 2357 933 2454 saeculorum.
951 2363 1058 2429 hmen
1068 2363 1094 2430 ¹.
1113 2387 1130 2426 a

229 2467 308 2536 Tim
336 2464 491 2560 frequens
504 2479 553 2534 est
580 2468 613 2536 S.
635 2465 889 2555 chrysostomus
903 2467 938 2535 in
965 2466 1228 2538 commendandi

184 2579 371 2665 Paupemm
382 2574 492 2660 causat,
506 2585 545 2640 ut
556 2572 933 2643 necessariumvideatur
943 2575 1043 2643 etiam
1054 2574 1109 2644 bio
1124 2597 1226 2644 unam

185 2694 244 2751 aut
259 2679 394 2748 alteram
410 2679 588 2771 adjungere
599 2683 685 2747 cirea
694 2680 783 2746 idern
796 2688 1028 2769 argumentum
1044 2685 1230 2754 Peroratio·

187 2809 286 2875 nem,
302 2787 357 2854 hio
372 2786 460 2853 enim
488 2785 653 2877 praecipue
677 2781 849 2854 facundia*
862 2785 1002 2876 explieat
1016 2787 1156 2858 divitias.
1177 2789 1230 2860 Sic

187 2906 381 2984 exaggerato
404 2889 597 2978 iudaeorum
621 2887 753 2978 ardore,
770 2894 828 2985 qui
851 2893 974 2964 Christi
996 2885 1230 2988 triumphalem

187 2997 877 3091 ingressumpraeparaverant,ei1mveniret
892 3000 1142 3090 ierosolymam,
1153 2999 1232 3071 inde

187 3107 320 3178 initium
335 3129 484 3194 sumens,
497 3108 663 3200 eleganter
674 3107 771 3177 simul
786 3123 819 3177 et
835 3108 942 3179 vivide
958 3108 1167 3202 progreditur
1185 3137 1193 3180 ε

199 3263 213 3280 -,
237 3243 253 3279 a
271 3213 345 3296 Qut
355 3213 451 3284 venit
465 3211 710 3304 digni‘erimua,
727 3214 846 3283 siniam
861 3213 917 3284 alii
932 3216 1068 3302 asinam,
1083 3217 1138 3286 cui
1149 3217 1231 3287 insi-

190 3321 307 3406 debat,
323 3321 524 3392 vestimentis
540 3321 713 3412 operiunt,
731 3319 785 3387 alii
797 3321 866 3410 ejus
885 3319 1025 3412 pedibus
1040 3323 1234 3392 vestimenta
1345 3395 1348 3402 ,

192 3428 428 3517 substernunt3
451 3448 512 3496 nos
527 3424 655 3494 nudum
677 3423 771 3491 illum
792 3422 942 3494 videntes
956 3423 975 3510 ,'
988 3447 1049 3494 nec
1064 3427 1146 3518 jussi
1170 3451 1231 3498 nos

194 3559 331 3621 exuere,
349 3534 406 3604 sed
418 3531 544 3626 aliquid
555 3530 744 3625 impendere
757 3563 766 3620 3
783 3552 825 3600 ne
840 3525 926 3602 hano
941 3531 1074 3625 quidem
1086 3533 1233 3604 liberali-

194 3655 295 3714 tatem
314 3643 546 3712 exhibeamus?
572 3639 626 3710 tlti
639 3653 822 3733 sequuntur
837 3640 914 3708 antt
929 3653 1066 3733 etpost,
1085 3663 1145 3711 nos
1156 3644 1236 3712 verb

194 3764 226 3820 et
236 3745 906 3846 accedentemlrepellimusmtcontumeliis
915 3735 1235 3832 afficimnaPQuanto

116 3913 121 3919 .
194 3856 265 3924 h'aec
277 3855 456 3948 supplicio,
473 3855 597 3947 quanta
618 3851 746 3922 ultione
761 3852 861 3946 digna
874 3853 977 3923 snut?
993 3853 1045 3921 nd
1060 3866 1093 3922 te
1109 3855 1235 3925 aceedit

231 3985 273 4034 ¹8.
287 3983 371 4047 Chrys.
386 3983 419 4033 de
434 3981 552 4034 Eleemas.
566 3997 590 4032 n.
606 3981 634 4032 6.

1065 4064 1115 4125 32.
1224 4147 1228 4170 ι
