2930 4582
203 459 306 506 curor
329 465 374 506 vr.
402 465 442 506 ou
465 462 623 507 nuruooo
639 464 673 506 ιιι
689 463 897 508 concinamus
919 460 1086 507 toururrt.
1113 443 1178 506 245

136 560 194 652 qui
209 561 401 630 recitaretur
411 559 445 629 in
457 559 582 653 populo
595 563 620 628 ¹.
641 588 657 624 >r
677 558 765 628 lllud
778 572 889 628 autem
909 583 977 630 nou
996 559 1177 646 insolitum,

137 665 194 736 sed
211 665 254 735 de
267 690 358 736 more
371 665 491 738 laetum
511 663 611 734 luisse
623 678 751 735 constat
763 687 803 734 er
818 663 935 734 eodem
950 666 1134 755 Augustino
1144 667 1180 736 iu

136 771 259 870 eodem·
272 771 358 843 lrbro
377 803 384 842 :
406 804 422 838 e
441 767 561 842 Libelli
576 769 646 840 dati
666 783 743 839 sunt
757 769 817 863 qui
832 769 1046 840 recitarentur
1066 771 1103 840 in
1117 795 1180 865 po·

135 879 242 973 pulis3
258 879 293 949 id
309 902 454 972 namque
469 878 540 947 fieri
551 876 728 962 voluimus,
745 875 823 947 edm
839 874 1025 947 videremus
1039 877 1183 970 antiquis

135 985 252 1056 similia
275 983 463 1057 divinarum
486 984 578 1074 signa
601 983 761 1053 virtutum
786 981 886 1052 etiarn
913 981 1032 1052 nostris
1051 995 1184 1076 ternpo-

135 1092 226 1163 ribus
241 1091 457 1185 frequentari,
471 1103 505 1160 et
520 1112 558 1158 ea
569 1112 638 1160 uon
647 1086 767 1158 debere
782 1087 965 1158 multorum
982 1088 1109 1159 notitiae
1123 1087 1185 1162 de·

134 1199 243 1292 perire
258 1203 283 1265 ².
305 1225 321 1261 u

181 1301 249 1374 Sed
260 1302 341 1396 quid
350 1301 445 1394 plura
461 1303 504 1371 ad
512 1301 717 1372 asserendam
726 1297 1185 1373 illameoosuetodinemcon·

135 1432 310 1502 geramus,
322 1407 397 1477 erim
409 1406 572 1500 exemplar
583 1407 675 1476 istius
683 1407 775 1477 modi
782 1405 971 1477 libellorum
977 1407 1067 1500 apud
1075 1407 1185 1502 ipsum

112 1503 115 1510 ’
135 1514 360 1606 Augustinum
374 1513 594 1603 inveniamus3
610 1511 714 1582 libelli
725 1515 825 1605 porrd
836 1513 1051 1605 inscriptioea
1065 1527 1115 1584 est
1129 1544 1137 1584 :

185 1651 202 1686 ι(
227 1621 402 1712 Exemplar
415 1619 519 1689 libelli
535 1623 554 1690 a
573 1619 678 1691 Paulo
690 1620 759 1690 dati
772 1621 957 1712 Augustino
973 1621 1138 1714 episeopo.
1163 1648 1181 1688 o
1296 1607 1299 1612 ¹

133 1727 257 1798 Paulus
281 1725 374 1795 ittet
395 1726 494 1796 beato
516 1729 684 1820 Stephano
699 1727 827 1796 sanitati
854 1725 961 1796 fuerat
995 1728 1182 1815 restitutus,

132 1848 173 1904 ut
188 1857 227 1902 ex
241 1834 311 1925 ipsi
329 1833 457 1925 patebit
468 1832 575 1902 libelli
589 1831 743 1902 lectione.
763 1833 973 1924 Inscriptioni
988 1856 1064 1904 mox
1078 1833 1185 1926 subji-

131 1939 268 2010 ciuntur
286 1941 387 2010 verba
409 1927 485 2032 quae
500 1937 609 2008 dicere
624 1937 751 2008 solebat
770 1938 901 2007 sanitati
920 1937 1085 2028 redditus,
1102 1938 1183 2008 dum

131 2046 284 2116 libellum
300 2049 454 2140 episcopo
472 2045 606 2140 publice
621 2043 828 2116 recitandum
844 2039 1032 2118 exhibebat.

182 2182 196 2217 «
223 2158 337 2245 Rogo,
351 2153 502 2238 domine,
521 2153 707 2222 beatissime
721 2175 807 2245 papa
823 2141 1023 2244 Augustine,
1037 2165 1076 2223 ut
1090 2153 1182 2224 bunc

130 2259 287 2330 libellum
309 2282 439 2346 meum,
458 2281 557 2351 quem
580 2283 621 2328 ex
640 2273 806 2352 praecepto
829 2273 888 2330 tuo
912 2258 1042 2347 obtuli,
1060 2273 1181 2332 sanctae

131 2367 225 2460 plebi
235 2367 353 2461 jubeas
369 2366 510 2436 recitari.
531 2393 548 2431 o
670 2411 675 2422 «

180 2472 348 2546 Libellum
368 2475 447 2545 verb
461 2475 591 2567 ipsum,
609 2473 688 2546 licet
701 2473 898 2566 longiorem,
920 2475 998 2569 quia
1021 2498 1092 2546 rem
1108 2496 1183 2546 om·

133 2605 214 2652 nem
229 2581 346 2652 ordine
355 2582 496 2675 explicat
511 2597 544 2652 et
555 2583 640 2675 pene
650 2583 753 2653 oculis
766 2582 915 2677 subjicit,
931 2598 1065 2678 propter
1074 2583 1184 2676 legen-

133 2690 219 2758 tium
240 2689 416 2759 utilitatem
435 2690 596 2780 asoribere
614 2704 723 2760 totum
734 2689 870 2762 minime
886 2693 1106 2781 gravabimur.
1125 2693 1183 2764 His

64 2820 67 2826 ·
133 2798 235 2889 porrb
245 2795 353 2866 verbis
365 2795 634 2887 concipiebatur:

183 2932 201 2969 e
225 2902 311 2973 Cium
333 2895 441 2970 adhbe
470 2902 505 2970 in
527 2901 632 2994 patrii
657 2903 770 2972 nostri
791 2904 940 2973 Caesarei
964 2905 1183 2998 Cappadociae

134 3032 355 3094 moraremur,
373 3005 474 3076 irater
490 3021 601 3078 noster
623 3022 705 3078 natu
720 3011 826 3103 major
843 3010 997 3102 gravibus
1012 3025 1112 3106 atque.
1127 3013 1181 3083 in·

134 3113 313 3184 tolerandis
328 3137 538 3184 communem
554 3127 692 3184 matrem
709 3116 819 3185 affecit
836 3117 982 3211 injuriis,
998 3118 1182 3193 intantum

134 3235 175 3291 ut
190 3221 221 3289 ei
236 3221 335 3290 etiam
346 3243 463 3303 manus
475 3244 544 3289 non
557 3220 723 3290 dubitaret
734 3220 868 3290 inferre.
883 3223 982 3304 Quod
993 3249 1053 3296 nos
1070 3251 1183 3298 omnes

136 3325 197 3398 filii
216 3329 338 3421 pariter
360 3327 550 3419 cougregati
570 3327 733 3419 patienter
751 3326 907 3412 tulimuS,
925 3344 1021 3398 utne
1042 3335 1183 3402 verbum
1273 3417 1283 3426 ·

136 3433 274 3530 quidem
289 3434 382 3504 fratri
396 3448 509 3504 nostro
524 3457 585 3526 pro
601 3447 705 3502 matre
721 3434 831 3501 nostrai
843 3431 1029 3504 dixerimus.
1047 3437 1108 3506 Illa
1124 3462 1185 3508 an·
1231 3517 1235 3524 ,

137 3555 205 3612 tem
220 3539 370 3610 foeminei
393 3539 515 3610 doloris
530 3537 668 3608 stimulis
690 3538 845 3624 incitata,
864 3538 1057 3632 injuriosum
1077 3541 1183 3614 filium

137 3647 365 3718 maledicendo
380 3648 499 3740 punire
520 3645 703 3717 constituit.
725 3644 878 3739 (irimque
898 3643 942 3715 ad
956 3647 1038 3716 sacri
1056 3647 1186 3742 baptis-2

136 3757 233 3826 matis
257 3753 385 3824 sontem
404 3768 479 3848 post
502 3752 663 3845 gallorum
684 3766 799 3823 cantus
823 3767 1005 3824 memorato
1028 3753 1097 3825 filio
1122 3779 1184 3831 suo

138 3863 221 3934 iram
241 3861 301 3932 Dei
322 3862 541 3954 imprecatura
558 3872 769 3954 properaret,
785 3872 867 3931 tunc
890 3861 921 3930 ei
937 3861 1046 3933 nescio
1061 3862 1135 3957 quis
1150 3865 1186 3937 in

176 4001 185 4030 ¹
199 3993 225 4045 S.
239 3993 339 4059 negot
354 3990 386 4043 de
399 3987 733 4058 civit,oei,1ib.nn,eap.
747 3987 775 4056 8,
793 4005 818 4046 n.
832 4002 875 4046 22.
889 4013 922 4032 ·-
939 3991 999 4062 ²1d,
1011 3989 1071 4046 ibid.
1086 4009 1112 4049 u.
1126 4005 1168 4051 20.
