2930 4582
236 432 300 498 284
389 442 568 494 asuaomot
590 445 617 493 s.
643 444 797 510 saraam,
822 443 899 495 atas
921 449 967 511 11,
989 447 1075 494 suan.
1101 451 1126 495 1.
1152 519 1154 524 ι

234 554 304 646 ipso
322 550 472 646 protinus
497 551 563 620 fine
586 550 720 644 capiunt
743 551 903 644 principia
927 551 1127 622 aeternitatis.
1153 554 1277 624 Imma-

234 662 300 731 turi
312 659 447 752 quidem
463 657 618 727 videntur
632 657 675 728 ad
690 650 851 746 mortem,
869 657 927 729 sed
939 657 1076 730 feliciter
1091 661 1280 733 moriuntur

234 767 277 838 ad
292 768 403 838 vitam.
418 764 564 835 Vixdbm
573 765 823 858 degustaverunt
838 781 1054 860 praesentem,
1072 769 1182 838 statim
1194 783 1281 841 tran·

236 891 332 947 scunt
348 874 389 946 ad
410 876 569 946 futuram.
588 877 744 947 Nondirm
764 877 897 966 ingressi
913 876 1061 948 infantiae
1077 881 1196 965 cunas,
1213 881 1282 972 jam

236 984 433 1078 perveniunt
453 982 495 1054 ad
520 1006 667 1054 coronas.
693 983 881 1076 Rapiuntur
905 985 1039 1078 quidem
1059 986 1079 1054 d
1100 983 1282 1078 complexi·
1332 1069 1339 1080 ,

236 1093 299 1164 bus
313 1094 474 1178 matrum,
492 1093 550 1162 sed
565 1091 750 1162 redduntur
766 1092 896 1184 gremiis
919 1092 1112 1185 angelorum
1130 1097 1154 1162 ¹.
1178 1121 1194 1159 u

284 1200 337 1271 Sic
368 1200 466 1269 otiam
496 1199 591 1269 divus
620 1200 813 1292 Cyprianus¹
832 1199 982 1294 exemplo
1005 1199 1115 1271 viduae
1139 1203 1284 1293 Sareptae

237 1322 345 1395 utens,
363 1321 401 1377 ut
416 1331 475 1378 nos
492 1305 534 1377 ad
548 1307 790 1399 eleemosynam
806 1307 941 1396 invitet,
963 1309 1049 1378 bano
1066 1307 1161 1380 addit
1183 1331 1284 1404 expo-

238 1429 389 1486 sinonem
406 1444 415 1488 a

300 1551 317 1588 (ι
341 1522 449 1592 Vidua
468 1520 525 1592 illa
547 1521 582 1591 in
606 1523 704 1592 tertio
724 1525 916 1614 Regnorum
938 1520 1044 1608 libro,
1065 1518 1143 1590 clim
1163 1521 1199 1590 in
1221 1522 1284 1592 sic·

238 1631 336 1701 citato
360 1643 393 1698 et
410 1628 496 1699 fame
517 1620 719 1723 consumptis
746 1627 918 1714 omnibus,
940 1627 983 1696 de
1003 1627 1135 1699 modico
1150 1627 1237 1698 farre
1252 1644 1285 1700 et

135 1829 138 1832 Ι
239 1739 313 1808 oleo
338 1737 430 1831 quod
457 1737 684 1831 superfuerat,
708 1735 836 1808 fecisset
859 1735 1114 1807 subcinericium
1129 1761 1282 1831 panem,

239 1869 306 1939 quo
333 1847 508 1942 absumpto
533 1847 691 1917 moritura
719 1869 796 1916 cum
825 1845 934 1914 liberis
962 1859 1067 1931 esset,
1097 1845 1286 1938 supervenit

239 1953 343 2041 Elias,
362 1968 396 2024 et
417 1956 511 2048 petiit
531 1957 592 2024 sibi
615 1955 705 2048 priirs
731 1953 773 2024 ad
793 1954 959 2023 edendum
985 1955 1076 2044 dari,
1094 1969 1173 2024 tunc
1193 1957 1286 2048 quod

240 2061 470 2154 superfuisset,
481 2063 559 2130 inde
575 2060 666 2131 illam
677 2076 754 2131 cum
765 2061 839 2130 filiis
855 2061 1015 2155 suisvesci
1029 2067 1054 2130 ².
1072 2067 1139 2134 Nec
1153 2062 1285 2132 obtem-

240 2191 354 2263 perare
373 2168 431 2238 illa
454 2168 638 2255 dubitavit,
663 2183 721 2238 aut
743 2168 825 2239 Eliae
849 2167 933 2238 filios
956 2183 1061 2238 mater
1086 2171 1229 2238 infame
1253 2185 1288 2241 et

240 2291 382 2368 egestate
408 2278 597 2370 praeposuit.
621 2277 675 2346 Fit
693 2277 759 2346 imd
778 2277 815 2344 in
835 2289 1012 2368 conspectu
1027 2276 1086 2345 Dei
1110 2277 1202 2370 quod
1217 2282 1288 2348 Deo

239 2383 411 2478 placebat3
433 2385 585 2480 prompte
611 2407 648 2453 ac
669 2382 811 2454 libenter
826 2381 918 2476 quod
933 2383 1108 2476 petebatur
1123 2385 1263 2453 offertur
1276 2417 1286 2476 3

241 2515 302 2560 nec
319 2491 361 2561 de
374 2492 575 2560 abundantii
587 2491 708 2582 portio,
726 2489 783 2559 sed
799 2490 841 2558 de
855 2489 987 2562 modico
1002 2505 1110 2562 totum
1127 2489 1238 2578 datur,
1254 2506 1289 2561 et

241 2597 459 2668 esurientibus
474 2597 596 2682 liberis,
608 2597 689 2666 alter
705 2597 794 2690 priuis
807 2599 962 2690 pascitur,
977 2623 1086 2694 neque
1101 2599 1136 2667 in
1149 2600 1289 2692 penuria

241 2719 274 2776 et
283 2703 368 2776 fame
380 2705 484 2792 cibus,
500 2707 676 2800 antequam
690 2704 910 2800 misericordia
923 2707 1098 2798 cogitatur,
1112 2720 1151 2776 ut
1162 2705 1289 2776 dirmin

242 2839 341 2912 opere
363 2814 496 2885 salutari
520 2813 693 2883 carnaliter
715 2813 787 2886 ,vita
809 2804 1055 2898 contemnitur,
1075 2813 1289 2906 spiritualiter

243 2926 350 2994 anima
376 2938 532 2992 servetur.
557 2922 644 2991 Elias
660 2921 773 3014 itaque
794 2935 912 3014 typum
938 2923 1059 3008 Christi
1084 2946 1217 3014 geraus,
1239 2937 1285 3009 et,

242 3031 335 3130 qubd
357 3031 415 3099 ille
436 3055 496 3122 pro
511 3029 732 3098 miscricordid
756 3029 861 3098 vicem
882 3029 1017 3120 singulis
1037 3029 1153 3100 reddat
1176 3045 1288 3099 osten-

244 3139 344 3222 dens,
364 3133 533 3230 respondit
549 3151 582 3206 et
597 3135 679 3205 dixit
693 3165 700 3205 ε
714 3133 808 3205 Haec
819 3133 906 3207 dicit
918 3135 1116 3207 Dominus:
1135 3135 1301 3232 Faceta

230 3246 356 3344 farris
372 3269 445 3316 non
461 3243 613 3340 deficiet,
624 3260 658 3315 er
672 3268 847 3338 capsaces
863 3243 1020 3316 alcinon
1030 3247 1214 3316 minuetur
1226 3269 1287 3314 us-

241 3353 310 3451 que*
318 3355 355 3423 in
368 3351 460 3423 diam
468 3349 831 3443 quodabt'tDominua
841 3351 991 3424 imbrem
999 3379 1108 3447 super
1116 3356 1286 3422 terramss.

244 3460 432 3535 Secundum
449 3462 568 3532 divinae
590 3461 834 3554 pollicitationis
849 3461 961 3548 fidem,
976 3461 1196 3554 multiplicata
1212 3473 1290 3530 sunt

238 3571 350 3644 viduae
372 3585 406 3642 et
427 3571 594 3642 cumulata
619 3564 694 3664 quae
717 3571 880 3664 praestitit,
897 3585 930 3640 et
952 3571 1106 3664 operibus
1126 3573 1225 3666 justis
1248 3593 1286 3640 ac

240 3679 470 3752 misericordiae
485 3680 606 3749 meritis
618 3693 794 3770 augmenta
809 3693 842 3747 et
851 3680 1050 3748 incrementa
1061 3674 1283 3763 sumentibus,

242 3787 335 3858 farris
352 3803 385 3859 et
401 3789 464 3860 olei
477 3812 552 3858 vasa
568 3786 730 3882 completa
749 3801 837 3857 snnt.
861 3789 931 3858 Nec
945 3785 1018 3856 filiis
1031 3787 1168 3857 abstulit
1182 3800 1289 3856 mater

250 3999 261 4040 ³
293 3927 302 3954 ¹
330 3918 418 3970 Eusab.
443 3916 560 3972 Emissen.
591 3916 679 3972 Hamil.
703 3917 762 3970 ade
786 3915 906 3984 epiphan,
936 3943 969 3955 -
998 3927 1009 3956 ¹
1035 3916 1050 3968 3
1078 3903 1136 3984 bag.
1172 3933 1229 3970 xru.
1255 3939 1288 3952 -

273 4001 335 4060 ibid.
357 4001 396 4068 14.
604 4013 609 4018 ’
943 4007 946 4020 ’
