2930 4582
270 405 333 470 2⁹8
415 415 594 466 annones
617 413 643 464 s.
669 415 827 480 νιτιιιιι,
850 413 928 466 atas
949 419 998 480 n,
1022 417 1107 464 seca.
1132 419 1157 465 1.

317 553 333 591 ιι
351 525 400 593 Ex
416 523 482 616 qul
501 543 537 590 re
552 519 714 612 colligite,
729 520 807 614 quia
820 539 897 590 vera
909 519 1037 614 justitia
1051 521 1311 616 compassionem

269 632 388 715 hebet,
405 627 484 700 lalsa
492 629 617 723 justitia
629 625 928 718 dedignationem¹.
945 655 962 692 ιι

315 741 415 809 Divus
435 749 546 806 antem
571 735 756 828 Cyprianus
782 733 957 806 Sententiis
980 758 1040 828 pro
1066 735 1250 806 rationibus
1270 733 1314 811 ad

271 841 531 917 confirmandam
543 858 725 932 martyrum
741 842 897 910 virtutem
912 843 958 911 sie
974 841 1080 910 utitur
1098 867 1107 910 2

318 979 334 1016 ιι
359 955 473 1042 Neque
502 949 686 1041 persecutio
711 947 780 1016 sola
805 947 1075 1031 metuendaest,
1102 959 1136 1015 et
1158 967 1213 1032 ea,
1239 969 1315 1038 quae

271 1056 469 1128 subruendis
484 1079 522 1124 ae
540 1054 729 1147 dejiciendis
748 1055 806 1122 Dei
821 1053 920 1122 servis
941 1053 1052 1146 aperti
1066 1051 1316 1145 impugnatione

201 1209 237 1229 ι.
273 1177 446 1258 grassetur.
480 1152 623 1230 Facilior
648 1161 758 1230 cautio
781 1174 854 1246 est,
887 1159 947 1228 ubi
966 1157 1143 1228 manifesta
1173 1157 1316 1227 sormido

272 1285 331 1342 est.
350 1275 394 1339 Et
414 1267 456 1338 ad
473 1281 639 1338 certamen
654 1269 783 1336 animus
803 1268 880 1336 ante
896 1266 1114 1359 praestruitur,
1133 1267 1269 1360 quarmd
1283 1287 1316 1334 se

272 1376 474 1448 adversarius
498 1375 684 1444 confitetur.
709 1373 786 1442 Plus
810 1373 1007 1442 metuendus
1027 1385 1076 1442 est
1097 1387 1131 1442 et
1152 1373 1316 1442 cavendus

273 1484 439 1566 inimicus,
454 1481 531 1550 crim
546 1480 687 1549 latenter
698 1481 843 1572 obrepit,
858 1479 959 1572 quim
973 1479 1050 1549 ciam
1065 1501 1125 1571 per
1136 1479 1226 1572 pacis
1237 1472 1317 1546 ima·

275 1593 386 1683 ginem
400 1588 534 1673 fallens,
556 1588 693 1660 occultis
710 1588 892 1660 accessibus
912 1589 1013 1680 serpit
1028 1618 1037 1675 3
1055 1585 1145 1656 unde
1160 1585 1317 1678 serpentis

274 1703 397 1768 nomen
413 1695 573 1788 accepite.
589 1722 605 1758 ιι
887 1686 889 1690 ’
951 1783 957 1792 ¹

320 1803 413 1874 Idem
434 1804 479 1873 sie
506 1801 707 1874 confessores
726 1803 933 1889 exhortatur,
950 1816 990 1872 ut
1012 1801 1164 1872 felicibus
1180 1797 1319 1870 -oonles-

275 1911 375 1984 sionis
390 1934 458 1979 suae
475 1910 575 1978 initiis
587 1905 686 1978 linem
699 1907 887 2002 adjungunt
905 1939 927 1998 ι,

324 2047 340 2084 ιι
365 2017 480 2086 Danda
493 2018 587 2087 vobis
602 2038 700 2109 opera
723 2032 783 2102 est,
801 2033 841 2088 ut
862 2032 938 2109 post
956 2018 1028 2088 haee
1043 2017 1136 2086 initia
1154 2013 1197 2084 ad
1213 2008 1323 2084 inere'

276 2139 388 2196 menta
412 2123 546 2218 quoque
569 2125 730 2209 veniatur,
744 2139 778 2195 et
793 2139 1040 2212 consummetur
1054 2125 1090 2192 in
1108 2123 1215 2208 vobis,
1229 2120 1320 2215 quod

274 2234 341 2326 jlnu
363 2231 555 2300 rudimentis
571 2229 719 2300 felicibus
731 2254 799 2302 esee
814 2231 968 2323 coepistis.
988 2229 1110 2301 Partim
1126 2243 1174 2297 est
1186 2229 1319 2320 adipisci

278 2335 404 2430 aliquid
427 2339 586 2430 potuisse,
604 2337 678 2430 ptus
702 2352 751 2407 est
774 2337 865 2430 qnod
889 2335 1047 2428 adeptum
1059 2349 1116 2405 est
1136 2359 1232 2428 posse
1252 2358 1320 2404 ser·

278 2467 354 2515 vare
368 2444 472 2533 ,sicut
487 2459 520 2512 et
532 2445 613 2512 fides
622 2445 691 2534 ipsa
708 2458 741 2514 et
752 2443 902 2520 nativitas
915 2443 1076 2527 salutaris,
1089 2466 1159 2514 non
1173 2452 1318 2534 acceptu,

279 2550 336 2620 sed
360 2551 521 2619 custodita
546 2552 697 2620 vivificat.
716 2555 783 2622 Nec
810 2554 919 2622 statim
944 2553 1146 2640 consecutio,
1165 2551 1225 2622 sed
1243 2575 1327 2622 eon.

279 2657 454 2728 summatio
469 2658 636 2726 hominem
654 2663 722 2730 Deo
738 2662 874 2730 servat³.
895 2687 910 2726 u
1101 2645 1104 2648 ¹

325 2767 359 2832 9⁰
371 2765 542 2834 Dicam-ue
554 2776 587 2834 et
602 2764 644 2836 de
656 2762 1030 2858 Eprplzonemutibus,
1048 2789 1125 2859 quoe
1140 2779 1218 2834 sunt
1230 2763 1321 2858 qussi

279 2869 450 2942 corollaria
475 2895 513 2939 ex
539 2871 684 2942 tractetis
704 2870 828 2956 elicita,
848 2871 968 2962 quibus
992 2871 1190 2942 sententiose
1214 2869 1320 2963 expri-

280 2978 381 3048 mitur
394 2977 440 3046 rei
456 2991 595 3046 narratae
607 2975 796 3061 admiratio,
809 2975 908 3068 quale
918 2989 967 3046 est
980 2977 1088 3048 istud:

370 3137 371 3142 ,
412 3105 575 3160 Tantae,rnolis
588 3111 641 3155 erat
653 3108 784 3155 Romanam
797 3105 903 3156 condere
912 3113 1009 3171 gentem
1018 3103 1041 3156 l.

280 3199 476 3292 Exemplum
492 3199 593 3270 habes
606 3201 696 3292 'apud
709 3217 859 3274 sanctum
878 3203 1055 3296 sulpitium
1076 3205 1246 3287 Serenum,
1263 3200 1319 3294 qui

278 3307 388 3378 relatis
405 3306 526 3376 ultimis
551 3308 638 3380 beati
661 3309 794 3382 Martini
812 3311 979 3382 morientis
1001 3311 1137 3383 vocibus
1162 3312 1226 3384 hoc
1242 3308 1319 3402 Epi·

280 3415 445 3508 phonema
461 3415 600 3510 subjecit
615 3447 623 3490 ι

327 3550 343 3589 ι
368 3523 397 3590 Ο
416 3521 523 3591 virum
540 3521 758 3607 ineffabilem,
773 3546 834 3594 nee
849 3523 962 3594 labore
983 3524 1121 3610 victum,
1139 3545 1201 3595 neo
1216 3533 1318 3594 morte

279 3627 496 3711 vincendum,
511 3629 569 3719 qui
581 3651 642 3696 nec
657 3629 875 3714 moritimuit,
893 3617 954 3698 nee
967 3629 1077 3700 vivere
1089 3629 1282 3700 recusans.
1302 3653 1316 3694 ι

318 3793 327 3818 1
341 3783 366 3832 S.
381 3785 480 3846 Gregor.
505 3785 582 3862 Magn.
606 3779 653 3832 lib.v
663 3799 690 3846 n,
706 3781 794 3834 Homil.
806 3799 890 3845 xxxrr,
903 3800 929 3832 n.
952 3798 975 3834 a.
991 3809 1023 3820 -
1037 3794 1048 3822 ²
1062 3787 1087 3836 S.
1101 3787 1175 3854 Gypr.
1190 3784 1222 3838 de
1234 3783 1320 3836 Unius.

281 3865 374 3918 Eccles.
387 3865 500 3917 initio.-
512 3863 522 3903 ³
533 3867 558 3916 S.
573 3869 644 3933 Cypr.
666 3867 740 3934 Epist.
756 3883 779 3918 ιι
791 3869 822 3918 ad
834 3867 958 3931 Rogatiau.
970 3893 1003 3907 -·
1015 3869 1119 3936 llirgil.
1130 3869 1225 3920 AEneid.
1245 3867 1287 3921 lib.
1304 3881 1322 3930 t,

283 3966 348 4003 ress.
360 3953 400 4004 33.
417 3977 448 3988 -
461 3947 474 3990 ⁵
486 3953 511 4002 S.
526 3950 611 4017 sulpit.
626 3953 709 4004 Seuer.
722 3952 747 4004 in
759 3951 810 4004 vita
824 3953 849 4002 S.
868 3950 963 4002 Martin.
