2992 4590
242 477 245 482 -
303 438 364 499 158
454 449 634 498 uuuomet
655 449 683 497 s.
708 447 865 511 uturum,
889 447 966 498 mut
988 452 1032 511 11,
1055 450 1142 496 sucu.
1167 451 1192 494 1.

299 575 386 638 mur,
397 553 499 644 qutm
512 552 620 640 Gyges
634 548 718 642 palae
733 547 848 618 annuli
863 548 1088 634 conversione,
1100 547 1263 640 siquidem
1274 546 1341 620 hoe

300 657 486 753 fabulosum
509 680 578 726 nou
601 666 705 740 esset,
727 677 787 748 per
806 677 907 746 quam
923 653 1106 742 Lydiorum
1128 650 1341 742 tyrannidem

298 763 493 856 occupavit:
512 775 570 832 aut
585 760 690 832 Midas
705 784 802 846 auro,
820 758 913 852 quod
927 760 989 852 ipsi
1006 761 1176 830 interitum
1200 759 1340 832 accersi-

297 872 367 955 vit,
393 869 470 940 citm
491 869 560 940 voti
588 869 639 938 sui
660 891 795 960 compos
822 867 952 953 factus,
980 867 1064 938 nihil
1087 879 1208 960 praeter
1222 889 1341 939 eurum

298 978 504 1070 possideret?
526 980 608 1059 Quse
629 989 663 1044 et
690 976 761 1067 ipsa
781 975 925 1065 Phrygia
949 987 999 1046 est
1017 972 1142 1044 fabula
1160 976 1244 1046 urm
1259 970 1342 1066 quid

298 1083 497 1176 hyperborei
509 1081 659 1152 Abaridis
673 1082 845 1172 sagittam,
862 1093 920 1151 aut
930 1081 1088 1170 Argivum
1105 1085 1281 1171 Pegassum
1294 1077 1342 1147 di

299 1215 393 1275 eam,
410 1189 532 1283 quibus
547 1211 616 1258 non
629 1187 759 1258 tautum
778 1200 848 1256 crat
862 1210 922 1278 per
937 1191 1045 1257 aeirem
1061 1185 1159 1272 terri,
1177 1181 1342 1280 quantum

298 1297 392 1366 nobis
406 1297 524 1366 mutual
539 1296 638 1387 opert
654 1308 688 1366 et
702 1293 800 1365 umul
826 1291 869 1364 ad
886 1298 990 1367 Deum
1005 1292 1138 1364 attolli?
1153 1297 1285 1384 Atque,
1303 1305 1342 1360 ut

281 1395 368 1471 'rem
386 1403 423 1470 iu
436 1425 541 1494 pauca
561 1401 777 1484 contraham,
795 1397 959 1490 pestiferae
974 1399 1109 1494 quidem
1123 1397 1214 1484 aliis,
1232 1422 1341 1492 quan-
1394 1431 1400 1438 ·

299 1509 370 1578 nim
386 1509 429 1580 ad
442 1509 559 1578 animae
574 1507 713 1578 salutem
729 1506 859 1592 atturet,
878 1505 1017 1574 Athenae
1034 1518 1133 1594 suut,
1154 1511 1237 1592 (uec
1252 1505 1342 1584 cuim

298 1615 334 1685 id
350 1616 445 1709 tpiis
459 1616 535 1685 viris
550 1615 673 1684 temere
688 1613 892 1684 existimatur
906 1615 938 1702 ς)
953 1610 1048 1682 matis
1063 1614 1208 1705 namque
1230 1611 1341 1703 operi·

298 1722 377 1806 bus,
403 1723 467 1790 hoc
492 1735 560 1806 cst,
585 1719 702 1804 idolis,
729 1721 828 1810 suprh
852 1717 1014 1810 reliquam
1030 1737 1164 1786 omnem
1179 1717 1340 1787 Graeciam

240 1878 245 1884 .
299 1830 453 1913 affluunt,
468 1827 668 1920 difficileque
683 1825 772 1898 laetu
785 1841 845 1911 est,
860 1849 928 1895 non
943 1823 1040 1900 simul
1054 1848 1257 1896 cumeorum
1270 1824 1340 1895 lau·

299 1935 470 2004 datoribus
494 1948 528 2003 et
551 1933 697 2026 patronis
720 1933 755 2002 in
778 1955 921 2002 errorem
946 1931 1081 2023 abripi:
1107 1932 1214 2008 nobis,
1228 1946 1342 2002 autem

299 2040 382 2110 nihil
398 2040 586 2110 detrimenti
601 2039 694 2110 abiis
710 2037 845 2109 allatum
861 2050 921 2121 est,
932 2037 1048 2128 utpote
1059 2038 1118 2129 qui
1127 2037 1237 2108 auimo
1253 2061 1343 2110 eem-

299 2147 419 2218 muniti
438 2161 472 2216 et
488 2146 613 2242 obsepti
630 2168 769 2230 eremus.
800 2143 886 2226 Quin
908 2142 1035 2234 potius,
1052 2142 1145 2236 quod
1163 2145 1217 2215 vix
1231 2145 1341 2216 eredi-
1417 2209 1419 2214 ,

201 2298 203 2303 -
298 2253 443 2340 bilcest,
461 2253 541 2322 hinc
562 2250 605 2322 ad
620 2249 720 2322 fidem
736 2249 920 2325 confirmati
939 2273 1069 2336 sumus,
1087 2251 1233 2342 ipsorum
1248 2251 1341 2324 frau-

299 2359 376 2430 dem
401 2375 434 2430 et
452 2359 668 2452 imposturam
697 2372 933 2449 agnoscentes,
961 2371 1061 2450 atque
1080 2356 1148 2428 illic
1172 2356 1342 2430 daemones
1418 2395 1421 2405 ·

298 2480 558 2551 contemnentes,
569 2465 1346 2551 ubldaemoues‘admiratioueafficiuntur.Quod

299 2573 326 2658 si
335 2573 408 2665 quis
420 2587 482 2658 est,
493 2587 551 2641 aut
558 2595 626 2641 esse
634 2572 791 2659 creditur,
801 2573 1094 2664 fluvius,permare
1102 2573 1208 2646 duleis
1215 2575 1339 2666 fluens3

300 2692 358 2748 aut
377 2676 499 2748 animal
519 2677 555 2746 in
577 2677 670 2769 igue,
696 2703 765 2772 quo
788 2679 899 2748 omnia
925 2695 1182 2766 consumuntur,
1202 2681 1339 2767 saliens,

299 2786 364 2860 hoc
379 2785 441 2878 ipsi
455 2785 541 2856 inter
555 2809 669 2854 omnes
691 2785 835 2880 aequales
849 2810 888 2854 ac
903 2800 1084 2856 coaetaneos
1100 2809 1243 2878 eramus

347 2921 362 2958 s
383 2891 472 2964 Illud
491 2907 601 2964 autem
621 2891 927 2984 praeclarissimum,
945 2893 1037 2986 quod
1053 2895 1139 2962 circb
1153 2918 1213 2966 nos
1232 2895 1342 2989 quod-

184 3071 188 3073 .
300 2998 377 3070 dam
401 3023 470 3068 non
490 2997 638 3090 ignobile
657 2998 845 3068 sodalitium
864 3013 956 3084 erat,
982 3015 1217 3093 praeceptorem
1244 3000 1342 3072 illum

300 3107 441 3191 habeus,
465 3130 503 3176 ac
528 3107 647 3174 ducem
669 3129 829 3198 sequens,
851 3105 1033 3200 iisdemque
1059 3109 1157 3178 rebus
1171 3111 1339 3199 gaudeus,

300 3213 448 3306 quamvis
465 3211 587 3305 alioqui
607 3213 753 3304 pedites,
772 3227 810 3284 ut
824 3228 918 3284 vetus
933 3215 1033 3284 habet
1049 3217 1280 3308 proverbium,
1298 3217 1342 3288 ad
1385 3273 1389 3280 .

300 3319 445 3409 Lydium
456 3342 603 3404 currum,
618 3321 680 3390 hoc
696 3333 757 3405 est,
784 3319 875 3390 illius<
887 3335 1020 3392 cursum
1033 3335 1067 3392 et
1082 3346 1212 3410 mores,
1229 3343 1342 3394 crure·

300 3450 436 3517 remus3
465 3450 504 3496 ex
525 3449 595 3519 quo
615 3425 650 3494 id
665 3427 760 3498 nobis
787 3427 941 3518 contigit,
970 3443 1027 3514 ut,
1044 3429 1236 3505 nou-*solem
1251 3429 1344 3524 apud

296 3549 516 3628 praeceptores
544 3548 578 3604 et
597 3535 721 3618 socios,
739 3535 797 3604 sed
818 3535 917 3609 etiam
941 3535 1031 3628 apud
1047 3538 1232 3608 universam
1248 3541 1344 3608 Grae·

301 3644 410 3729 ciam,
432 3665 469 3712 ac
493 3641 673 3734 praesertim
694 3639 885 3712 clarissimos
911 3644 1046 3735 quoque
1074 3645 1208 3716 Graeciae
1231 3647 1340 3734 viros,

299 3749 380 3818 clari
396 3762 496 3841 atque
510 3747 652 3817 illustres
672 3770 825 3825 essemus.
844 3749 1070 3837 Quinetiam,
1095 3750 1183 3824 ultrt
1206 3755 1343 3826 Graeciae

300 3856 383 3924 fines
406 3855 645 3947 processimus,
670 3868 709 3924 ut
733 3879 772 3922 ex
794 3855 907 3924 multis
922 3855 994 3924 haec
1006 3860 1344 3934 commemorantibus

297 3960 510 4054 perspicuum
525 3957 650 4033 lactum
670 3975 730 4034 est.
751 3963 835 4037 usu
851 3975 1067 4056 preceptores
1086 3965 1220 4059 quidem
1237 3969 1345 4040 nostri
